2135 3442
117 180 191 216 308
724 178 1035 214 ALLOCUTION
1064 179 1126 213 DE
1155 179 1233 213 PlE
1262 179 1333 214 IX.

117 281 209 307 cam
234 265 472 306 libertatem
506 264 549 305 in
579 265 869 306 Conventione
903 264 1102 305 sancitam
1134 264 1182 304 iis
1206 263 1403 304 omnibus
1436 262 1652 320 expeditus
1683 265 1734 305 sit
1762 265 1944 322 impedi·

116 331 290 381 mentis,
321 346 412 386 quae
437 341 558 372 antea
591 329 724 371 libero
753 330 857 370 sacri
887 329 1103 370 ministerii
1137 328 1332 370 exercitio
1361 328 1702 382 adversabantur,
1734 339 1858 386 atque
1889 331 1945 372 ita

116 395 371 452 populorum
390 395 658 452 obsequium,
679 409 879 447 amorem,
902 405 942 434 et
963 393 1277 435 venerationem
1305 393 1382 434 sibi
1405 394 1534 451 magis
1561 393 1777 451 magisque
1801 394 1945 436 conci-

112 459 201 513 liet,
230 471 270 500 et
292 458 513 501 devinciat.
533 461 726 501 Ceterum
750 474 845 498 curn
862 458 1051 515 plenum,
1078 474 1125 499 ac
1148 458 1329 499 liberum
1347 458 1606 514 acquirendi,
1634 474 1681 499 ac
1703 458 1947 516 possidendi

111 526 176 580 jus
202 525 325 565 fuerit
353 526 557 566 sancitum
582 540 629 565 ac
652 534 877 575 servatum,
908 533 1022 579 patet
1048 523 1242 580 Hispanis
1266 523 1455 564 Ecclesiis
1481 522 1615 563 aditus
1643 522 1696 564 ad
1726 523 1948 580 ampliores

117 590 373 631 obtinendos
404 590 585 641 reditus,
624 589 774 645 quibus
802 598 844 628 et
875 588 1024 641 majori
1055 587 1183 628 divini
1214 588 1346 630 cultus
1376 587 1611 645 splendori,
1646 598 1689 628 et
1719 586 1948 629 decentiori

117 655 224 696 Cleri
250 654 540 695 sustentationi
570 653 753 701 facilius,
789 663 831 693 et
866 651 1129 693 commodius
1161 653 1418 694 consulatur.
1454 654 1593 708 Atque
1621 652 1664 692 id
1694 651 1950 693 felicioribus

118 719 377 777 temporibus
405 735 453 760 ex
488 719 600 776 regia
624 716 844 759 carissimae
865 715 905 756 in
933 717 1096 757 Christo
1122 716 1233 757 Filiae
1264 717 1425 758 Nostrae
1448 716 1748 766 munificentia,
1780 718 1950 774 ejusque

117 784 322 824 Gubernii
341 783 496 833 studio,
516 794 558 824 et
580 798 631 823 ex
661 782 842 839 egregia,
870 796 916 821 ac
942 792 1159 838 perspecta
1182 783 1378 839 Hispanae
1410 782 1591 822 nationis
1611 781 1814 840 religione
1833 781 1948 823 futu-

117 865 211 889 rum
235 849 367 889 Nobis
390 848 651 905 pollicemur.
671 848 733 887 Ex
754 845 816 897 iis,
844 861 934 903 quae
957 847 1125 903 raptim,
1155 846 1391 903 cursimque
1416 845 1851 898 commemoravimus,
1880 847 1950 887 in-

117 913 316 970 telligitis,
332 912 606 954 Venerabiles
628 913 811 963 Fratres,
837 926 921 967 quo
942 910 1080 951 studio
1103 910 1273 952 Nostras
1293 926 1439 952 omnes
1461 927 1581 952 curas
1604 912 1646 951 in
1668 911 1952 952 ecclesiasticis

118 979 330 1036 Hispaniae
359 978 484 1019 rebus
516 976 799 1018 instaurandis
827 977 1103 1033 posuerimus,
1136 991 1182 1016 30
1211 974 1399 1016 futurum
1432 975 1696 1026 confidimus,
1727 987 1786 1028 ut,
1812 975 1954 1016 divina

120 1043 358 1100 adspirante
375 1042 521 1100 gratia,
542 1043 585 1082 in
603 1041 858 1098 amplissimo
874 1040 945 1080 illo
966 1042 1114 1097 Regno
1133 1041 1337 1081 catholica
1358 1041 1556 1091 Ecclesia,
1575 1043 1743 1098 ejusque
1763 1039 1953 1082 salutaris

120 1107 310 1148 doctrina
335 1107 524 1164 quotidie
548 1108 682 1163 magis
701 1106 897 1147 latissime
921 1105 1178 1156 dominetur,
1202 1104 1357 1163 vigeat,
1385 1117 1424 1147 et
1449 1105 1694 1147 efflorescat.

179 1268 300 1309 Nunc
319 1282 419 1308 vero
451 1267 634 1307 noscatis
655 1265 844 1315 velimus,
870 1263 1186 1305 dilectissimum
1206 1264 1248 1304 in
1275 1263 1437 1305 Christo
1458 1264 1610 1305 Filium
1629 1264 1827 1306 Nostrum
1846 1265 1955 1305 Leo-

120 1333 298 1392 poldum
324 1334 380 1384 II,
409 1333 615 1390 Magnum
645 1331 823 1372 Etruriae
850 1331 1009 1371 Ducem
1039 1340 1079 1370 et
1109 1329 1357 1370 Lucensiuni
1381 1331 1542 1370 Ducem
1575 1345 1653 1386 pro
1685 1330 1849 1387 egregia
1881 1345 1955 1371 sua

120 1400 274 1456 pietate
293 1398 561 1439 vehementer
579 1408 754 1454 optasse,
774 1407 820 1436 ut
837 1394 1023 1453 vigentes
1045 1395 1085 1435 in
1107 1395 1273 1436 Etruria
1293 1395 1404 1453 leges
1418 1394 1734 1451 quodammodo
1751 1393 1952 1443 ordinari,

122 1475 163 1504 et
186 1463 387 1520 componi
409 1472 581 1519 possent
605 1477 699 1502 cum
724 1461 772 1501 iis
798 1460 1010 1511 omnibus,
1038 1475 1130 1515 quae
1156 1459 1449 1501 ecclesiasticas
1471 1459 1583 1517 leges
1605 1459 1846 1516 respiciunt.
1866 1461 1954 1500 Ita-

124 1545 204 1586 que
224 1526 354 1569 enixis
371 1528 566 1584 precibus
586 1542 609 1566 a
629 1524 765 1566 Nobis
783 1523 1039 1582 efflagitavit,
1059 1535 1104 1564 ut
1121 1524 1324 1564 nonnulla
1342 1524 1500 1565 interea
1516 1523 1717 1582 temporis
1734 1524 1957 1566 conciliare

123 1593 343 1642 vellemus,
368 1607 463 1632 cum
495 1591 636 1632 eidem
665 1590 974 1647 religiosissimo
1002 1588 1186 1645 Principi
1213 1589 1254 1628 in
1286 1590 1427 1629 animo
1459 1589 1589 1628 fixum
1620 1588 1956 1645 destinatumque

124 1659 191 1709 sit,
215 1657 383 1714 plenam
402 1671 497 1696 cum
517 1655 595 1695 hac
619 1652 864 1711 Apostolica
885 1652 992 1693 Sede
1010 1654 1052 1692 in
1070 1663 1285 1709 posterum
1312 1652 1416 1693 inire
1442 1653 1784 1705 conventionem,
1809 1668 1891 1709 qua
1912 1652 1956 1693 in

123 1722 366 1781 regionibus
385 1720 423 1762 ei
447 1719 643 1774 subjectis
662 1717 1032 1760 ecclesiasticarum
1049 1733 1189 1758 rerum
1210 1716 1416 1774 regimini,
1443 1728 1483 1757 et
1501 1716 1735 1757 rationibus
1756 1732 1957 1774 prospere

125 1788 378 1829 consulatur.
409 1786 616 1838 Quocirca
638 1783 773 1833 firma,
806 1799 852 1823 ac
881 1794 993 1823 certa
1023 1798 1092 1839 spe
1122 1783 1217 1823 freti
1246 1781 1352 1831 fore,
1380 1792 1424 1822 ut
1449 1781 1563 1823 idem
1593 1781 1881 1823 dilectissimus
1913 1784 1957 1823 in

125 1852 288 1892 Christo
323 1850 450 1892 Filius
482 1850 634 1890 Noster
660 1847 865 1903 ejusmodi
894 1848 1217 1888 conventionem
1241 1848 1360 1901 juxta
1390 1846 1541 1886 Nostra
1572 1846 1777 1886 desideria
1807 1846 1958 1899 majori

127 1933 207 1974 qua
231 1915 320 1957 fieri
342 1925 480 1972 potest
504 1913 714 1954 celeritate
749 1913 800 1952 sit
825 1912 1018 1963 initurus,
1042 1911 1148 1952 illius
1170 1914 1277 1952 votis
1300 1910 1634 1951 obsecundantes
1664 1910 1801 1966 aliqua
1823 1911 1959 1969 capita

129 1999 151 2024 a
172 1983 266 2022 VV.
291 1982 372 2021 FF.
400 1979 494 2020 NN.
521 1979 562 2019 S.
587 1979 639 2018 R.
662 1978 711 2018 E.
736 1976 1028 2017 Cardinalibus
1048 1975 1235 2031 ejusdem
1257 1975 1601 2033 Congregationis
1625 1975 1802 2032 negotiis
1823 1976 1958 2017 eccle-

129 2046 301 2088 siasticis
332 2042 673 2086 extraordinariis
708 2041 932 2099 propositae
961 2056 1182 2098 perpensa,
1212 2040 1380 2081 interim
1410 2040 1635 2081 constituta
1663 2040 1792 2090 fuere,
1821 2056 1912 2096 quae
1938 2056 1961 2081 a

129 2112 277 2160 Nobis,
307 2121 348 2150 et
378 2110 430 2149 ab
463 2109 552 2165 ipso
585 2107 777 2164 Principe
809 2117 898 2146 rata
930 2106 1074 2146 habita
1103 2116 1212 2146 sunt.
1246 2103 1408 2156 Quibus
1438 2105 1610 2161 quidem
1637 2104 1855 2160 capitibus,
1888 2119 1962 2146 seu

132 2174 313 2217 articulis
341 2175 449 2214 inter
470 2184 608 2214 cetera
637 2172 907 2213 constitutum
934 2181 1007 2220 est,
1038 2180 1083 2210 ut
1104 2170 1299 2226 Episcopi
1323 2185 1491 2210 omnem
1519 2169 1704 2209 habeant
1725 2168 1962 2210 libertatem

133 2243 177 2282 in
195 2241 243 2280 iis
266 2239 462 2280 omnibus
482 2236 734 2295 peragendis
753 2252 843 2293 quae
862 2235 915 2276 ad
932 2250 1094 2276 sacrum
1116 2235 1328 2291 pertinent
1347 2233 1637 2282 ministerium,
1661 2248 1707 2274 ac
1730 2234 1772 2273 in
1795 2235 1961 2291 scripta,

136 2317 178 2348 et
198 2320 341 2362 opera,
362 2319 453 2359 quse
480 2303 531 2343 de
555 2303 679 2343 rebus
706 2302 760 2342 ad
780 2301 1027 2358 religionem
1049 2299 1332 2356 spectantibus
1354 2309 1548 2347 tractant,
1576 2313 1794 2339 censuram
1810 2299 1959 2348 ferant,

136 2382 183 2412 ut
210 2368 425 2428 propriam
455 2383 600 2408 eorum
631 2366 911 2425 episcopalem
942 2364 1234 2405 auctoritatem
1263 2363 1392 2404 libere
1422 2362 1651 2403 adhibeant
1683 2363 1736 2403 ad
1770 2363 1913 2404 fideles
1942 2379 1965 2404 a

137 2450 266 2493 prava
277 2433 419 2490 quavis
438 2432 619 2472 lectione
640 2443 727 2472 turn
745 2431 952 2488 religioni,
970 2440 1061 2470 tum
1079 2427 1266 2469 moribus
1282 2429 1513 2485 perniciosa
1534 2427 1752 2477 arcendos,
1778 2444 1825 2469 ac
1845 2427 1966 2468 simul

139 2510 323 2548 cautum,
351 2508 397 2538 ut
423 2512 567 2537 01111165
591 2512 685 2537 cum
711 2497 789 2536 1130
818 2497 867 2536 Β.
898 2495 1011 2536 Petri
1041 2493 1248 2535 Cathedra
1280 2493 1493 2533 catholicae
1513 2492 1710 2543 veritatis,
1736 2503 1777 2534 et
1800 2493 1966 2533 unitatis

141 2575 284 2606 centro
300 2561 433 2603 libere
455 2561 765 2602 communicare
785 2560 967 2611 valeant,
987 2570 1029 2600 et
1045 2573 1176 2600 causae
1194 2572 1338 2598 omnes
1356 2556 1602 2613 spirituales,
1624 2569 1666 2598 et
1687 2558 1966 2599 ecclesiasticae

141 2629 195 2671 ad
216 2643 341 2670 sacrae
366 2626 580 2684 potestatis
600 2624 805 2680 judicium
836 2624 958 2665 unice
987 2634 1028 2663 et
1053 2623 1226 2663 omnino
1257 2631 1443 2677 spectare
1465 2621 1648 2664 debeant
1671 2639 1721 2663 ex
1750 2638 1966 2663 sacrorum

140 2696 361 2735 Canonum
387 2689 648 2748 praescripto.
680 2690 776 2730 Non
799 2689 881 2730 levi
909 2699 1048 2729 autem
1067 2685 1328 2742 jucunditate
1359 2684 1496 2726 affecti
1520 2686 1687 2738 fuimus,
1717 2697 1964 2744 propterea-

141 2758 255 2817 quod
275 2757 386 2797 idem
409 2755 696 2796 dilectissimus
724 2755 767 2794 in
790 2753 953 2794 Christo
982 2751 1109 2793 Filius
1135 2751 1284 2792 Noster
1303 2750 1416 2791 haud
1440 2751 1579 2791 omisit
1598 2752 1733 2792 Nobis
1757 2751 1959 2808 polliceri,

141 2835 182 2866 et
199 2820 402 2882 profiteri,
429 2835 471 2860 se
489 2834 657 2860 omnem
679 2834 796 2859 Suam
814 2834 954 2875 opem,
975 2828 1016 2857 et
1035 2831 1206 2873 operam
1230 2830 1318 2855 esse
1336 2815 1584 2856 collaturum
1600 2817 1652 2857 ad
1665 2816 1963 2858 sanctissimam

142 2899 331 2930 nostram
358 2884 603 2942 religionem
631 2883 865 2932 tutandam,
894 2881 947 2922 ad
977 2880 1164 2921 divinum
1182 2879 1341 2920 cultum
1366 2880 1585 2934 tuendum,
1613 2892 1653 2922 et
1675 2881 1728 2922 ad
1750 2880 1961 2938 publicam

140 2968 308 2995 morum
327 2953 593 2992 honestatem
614 2947 852 2996 fovendam,
874 2962 920 2987 ac
939 2944 1077 2987 valido
1099 2960 1173 2985 suo
1200 2944 1351 2985 auxilio
1375 2957 1528 3002 praesto
1552 2945 1753 2996 futurum,
1778 2959 1862 3000 quo
1882 2943 1959 2983 Sa·-

140 3033 310 3059 erorum
329 3014 545 3057 Antistites
564 3011 842 3070 episcopalem
861 3026 1008 3052 eorum
1030 3010 1320 3050 auctoritatem
1343 3009 1472 3051 libere
1492 3020 1728 3052 exerceant.
1755 3008 1956 3060 Quocirca

140 3082 412 3132 confidimus,
437 3091 504 3132 ut,
537 3080 625 3120 Deo
648 3078 758 3118 bene
790 3080 979 3132 juvante,
1009 3089 1175 3125 earum,
1205 3090 1305 3131 quas
1332 3075 1597 3125 indulsimus,
1631 3089 1770 3116 rerum
1796 3085 1892 3112 usus
1913 3070 1957 3109 in

139 3148 334 3189 Ecclesiae
371 3146 594 3187 utilitatem
632 3142 776 3193 cedat,
818 3142 866 3181 iis
904 3142 1070 3197 insuper
1107 3138 1419 3181 difficultatibus
1460 3141 1622 3198 penitus
1663 3137 1829 3187 amotis,
1865 3148 1955 3190 quae

137 3214 351 3270 hucusque
375 3210 562 3267 ejusdem
579 3207 771 3250 Ecclesiae
790 3206 973 3247 libertati
989 3205 1254 3247 obstiterunt.
