2135 3442
190 133 266 169 272
798 133 1113 170 ALLOCUTION
1140 134 1207 169 DE
1235 133 1314 167 PIE
1343 131 1414 168 IX.

247 219 339 259 Jam
370 233 491 270 vero,
515 218 787 260 Venerabiles
818 221 1006 273 Fratres,
1031 219 1248 261 vobiscum
1276 217 1644 259 communicamus
1674 234 1879 262 summam
1913 234 2023 265 certe

189 283 537 334 consolationem,
574 300 655 342 qua
693 285 804 326 inter
838 295 974 326 tantas
1012 285 1220 343 angustias
1258 282 1397 324 affecti
1435 281 1605 334 fuimus,
1640 283 1713 323 ubi
1753 288 2024 342 cognovimus

187 350 366 390 'Decreta
387 365 410 390 a
435 348 712 390 Carissimoin
734 349 897 390 Christo
922 349 1028 390 Filio
1051 349 1207 390 Nostro
1232 349 1457 389 Francisco
1482 348 1867 404 Iosepho,Austriae
1886 352 2023 410 Impe-

187 424 342 465 ratore,
362 413 587 473 Hungaria»
610 416 724 472 Rege
745 414 1005 471 Apostolico,
1032 425 1072 455 et
1091 413 1300 454 Bohemia›
1321 414 1435 469 Rege
1457 411 1604 452 illustri
1621 412 1750 464 edita,
1779 414 1930 471 quibus
1946 432 2022 474 pro

188 479 353 537 egregia
378 494 451 520 sua
466 479 668 536 religione
691 479 871 530 Nostris,
893 490 933 519 et
954 478 1269 520 Venerabilium
1286 479 1483 519 Fratrum
1508 477 1748 534 amplissimi
1769 480 1831 520 sui
1853 481 2023 538 Imperii

187 543 430 585 Antistitum
448 544 554 585 votis
569 555 609 585 et
627 542 978 601 postulationibus
990 543 1261 601 obsequutus,
1285 541 1468 584 maxima
1483 557 1579 582 cum
1597 544 1659 583 sui
1676 543 1858 585 nominis
1875 545 2020 602 gloria,

188 619 230 649 et
264 609 424 666 ingenti
457 609 667 649 bonorum
705 608 896 648 omnium
931 607 1206 649 exsultatione
1246 608 1551 665 optatissimam
1582 607 1797 650 catholica*
1831 609 2023 651 Ecclesiae

186 672 423 714 libertatem
454 673 579 714 alacri
608 684 648 714 et
676 672 953 714 libentissimo
979 673 1118 714 animo
1148 689 1244 714 cum
1268 673 1350 713 suis
1374 671 1640 713 Administris
1667 673 1710 712 in
1733 673 1917 731 Imperio
1947 690 2022 716 suo

187 737 378 779 adserere
411 749 471 779 est
503 754 635 779 orsus.
671 738 881 790 Quocirca
916 737 1054 779 eidem
1085 738 1314 779 clarissimo
1349 738 1599 794 Imperatori
1637 748 1680 778 et
1707 738 1813 796 Regi
1850 738 1903 779 de
1938 749 2022 779 tam

186 802 339 860 insigni
358 818 418 854 rc,
442 802 648 844 catholico
670 802 866 859 Principe
886 803 1010 859 plane
1036 802 1177 861 digna,
1198 803 1370 844 meritas
1392 802 1617 843 tribuimus
1637 802 1798 855 laudes,
1822 819 1870 845 30
1891 804 2023 846 vehe-

185 878 351 908 menter
370 868 413 908 in
431 867 617 907 Domino
642 866 918 924 gratulamur.
938 868 1076 924 Atque
1099 868 1213 908 bona
1236 867 1426 924 profecto
1448 882 1521 923 spe
1541 868 1731 919 nitimur,
1754 867 1844 909 fore
1867 879 1913 908 ut
1934 869 2022 926 ipse

185 932 514 988 religiosissimus
540 931 739 988 Princeps
769 947 846 988 pro
879 947 954 972 suo
985 948 1082 990 erga
1110 931 1339 972 Ecclesiam
1370 931 1508 973 studio
1538 933 1784 989 prseclarum
1815 933 2024 989 ejusmodi

185 1012 290 1054 opus
307 997 515 1054 prosequi,
528 996 744 1054 perficere,
759 1011 806 1037 ac
821 997 956 1037 suisin
965 1013 1055 1038 rem
1065 997 1314 1037 catholicam
1327 997 1485 1037 meritis
1503 996 1719 1037 cumulum
1734 997 1887 1038 afferre
1903 997 2019 1039 velit.

242 1063 400 1102 Verum
430 1061 531 1102 dum
563 1062 641 1102 hac
664 1061 891 1102 utebamur
923 1061 1209 1102 consolatione
1245 1060 1534 1102 acerbissimus
1559 1077 1657 1103 sane
1689 1063 1858 1103 accessit
1881 1062 2018 1113 dolor,

185 1141 269 1182 quo
292 1126 563 1167 vehementer
587 1125 779 1183 angimur
806 1137 847 1166 et
868 1127 1115 1183 premimur,
1133 1125 1323 1167 videntes
1349 1126 1565 1182 quomodo
1587 1127 1850 1167 sanctissimae
1872 1138 2022 1168 nostrae

184 1190 413 1249 Religionis
435 1206 501 1231 res
518 1191 561 1230 in
583 1191 664 1231 alio
685 1190 892 1232 catholico
910 1192 1058 1249 Regno
1078 1207 1192 1232 nunc
1212 1190 1467 1248 affligantur,
1495 1202 1535 1231 et
1555 1206 1668 1232 sacra
1690 1191 1881 1232 Ecclesiae
1899 1202 2022 1249 atque

184 1256 307 1311 hujus
335 1256 377 1296 S.
403 1255 521 1297 Sedis
544 1255 844 1297 conculcentur
862 1257 972 1311 jura.
999 1257 1142 1297 Probe
1166 1255 1408 1313 intelligitis,
1436 1255 1707 1296 Venerabiles
1730 1257 1910 1309 Fratres,
1935 1257 2023 1297 Nos

184 1319 253 1360 hic
266 1319 383 1376 loqui
402 1319 453 1361 de
475 1320 704 1378 Subalpino
727 1322 893 1378 Regno,
914 1322 1003 1374 ubi,
1030 1320 1392 1379 quemadmodum
1411 1336 1556 1361 omnes
1577 1337 1626 1361 ex
1648 1321 1818 1378 privatis
1849 1320 2019 1372 nuntiis,

183 1385 443 1442 publicisque
475 1384 639 1426 Litteris
659 1387 748 1441 jam
774 1398 1049 1444 cognoscunt,
1073 1386 1140 1428 lex
1167 1385 1363 1427 Ecclesiae
1392 1385 1556 1441 juribus
1577 1401 1624 1426 ac
1645 1385 1901 1427 solemnibus
1926 1400 2023 1426 cum

184 1450 264 1492 hac
293 1450 534 1507 Apostolica
563 1450 669 1491 Sede
696 1451 810 1492 initis
842 1452 1195 1493 conventionibus
1224 1451 1399 1492 adversa
1429 1450 1506 1491 fuit
1526 1450 1808 1509 promulgata,
1840 1460 1882 1491 et
1908 1450 2023 1491 hisce

185 1514 334 1556 diebus
365 1531 532 1556 summo
566 1515 695 1556 animi
724 1517 867 1557 Nostri
901 1532 1080 1558 moerore
1117 1515 1456 1574 pra‘clarissimus
1492 1514 1815 1556 Taurinensium
1840 1515 2024 1556 Antistes

183 1580 444 1621 Venerabilis
464 1581 608 1621 Frater
631 1580 811 1622 Aloisius
834 1581 1040 1622 Fransoni
1063 1582 1231 1622 militari
1250 1597 1379 1621 manu
1401 1581 1452 1621 ab
1477 1580 1783 1638 episcopalibus
1806 1580 1887 1620 suis
1910 1579 2022 1620 sedi-

182 1644 262 1686 bus
285 1645 462 1695 avulsus,
497 1656 538 1686 et
560 1660 656 1686 cum
677 1661 832 1703 magno
858 1646 1126 1688 Taurinensis
1147 1645 1261 1686 urbis
1289 1661 1336 1686 ac
1362 1645 1488 1686 totius
1517 1645 1626 1685 illius
1649 1645 1785 1702 Regni
1807 1644 2023 1685 bonorum

183 1709 298 1751 luctu
321 1710 365 1750 in
388 1724 527 1751 arcem
550 1721 612 1750 est
640 1710 862 1750 deductus.
894 1711 981 1750 Nos
1009 1712 1166 1766 itaque,
1191 1719 1323 1767 prout
1345 1725 1486 1750 rerum
1510 1709 1704 1766 gravitas,
1742 1719 1868 1765 atque
1898 1708 2024 1750 officii

184 1775 325 1815 Nostri
345 1775 452 1815 ratio
477 1775 519 1814 in
546 1773 714 1815 tuendis
733 1774 927 1815 Ecclesiae
947 1775 1111 1829 juribus
1139 1774 1396 1832 postulabat,
1422 1773 1538 1813 nulla
1565 1773 1781 1827 interjecta
1806 1788 1924 1813 mora
1947 1789 2024 1831 per

183 1839 386 1880 Nostrum
402 1838 669 1879 Cardinalem
690 1854 712 1879 a
734 1838 911 1895 publicis
932 1839 1111 1897 negotiis
1134 1839 1320 1897 primum
1345 1838 1398 1879 de
1421 1848 1752 1878 commemorata
1771 1837 1881 1895 lege,
1901 1850 2023 1896 post—

184 1903 363 1944 modum
379 1918 477 1944 vero
496 1902 548 1943 de
565 1903 717 1958 injuria
741 1914 782 1944 et
804 1902 844 1944 vi
866 1904 1034 1961 egregio
1058 1902 1246 1945 Antistiti
1266 1902 1381 1943 illata
1403 1901 1541 1943 statim
1570 1901 1682 1958 apud
1707 1901 1827 1943 illum
1854 1903 2022 1944 Guber-

184 1969 301 2008 nium
310 1967 644 2009 reclamavimus.
658 1968 798 2024 Atque
813 1967 975 2009 interea
993 1968 1095 2009 dum
1111 1968 1385 2008 inhaerentem
1397 1966 1514 2007 cordi
1528 1967 1682 2007 Nostro
1697 1966 2022 2010 amaritudinem

185 2047 235 2073 ea
252 2048 323 2090 spe
347 2032 545 2082 solamur,
570 2032 659 2073 fore
682 2043 729 2072 ut
753 2032 958 2087 ejusmodi
980 2032 1300 2074 reclamationes
1325 2042 1515 2089 optatum
1543 2042 1817 2088 assequantur
1841 2031 2016 2082 exitum,

184 2097 273 2137 Nos
303 2096 418 2136 haud
449 2096 690 2138 omittemus
723 2097 801 2137 alia
831 2097 1098 2139 Allocutione
1132 2097 1185 2138 de
1218 2096 1507 2138 ecclesiasticis
1537 2095 1646 2137 illius
1680 2098 1816 2154 Regni
1843 2099 2020 2155 negotiis

185 2177 321 2219 agere,
342 2163 511 2218 Vosque
535 2162 732 2202 certiores
754 2161 906 2213 facere,
927 2178 1024 2203 cum
1042 2161 1084 2203 id
1109 2173 1399 2220 opportunum
1417 2177 1504 2202 esse
1528 2162 1825 2203 censuerimus.

244 2237 345 2278 Post
365 2238 453 2278 haec
476 2238 684 2279 abstinere
702 2254 789 2279 non
806 2254 1025 2296 possumus
1044 2240 1145 2296 quin
1160 2255 1237 2296 pro
1255 2249 1431 2296 paterna
1453 2238 1605 2279 Nostra
1622 2236 1902 2279 sollicitudine
1921 2253 2020 2298 erga

184 2301 387 2343 illustrem
408 2302 629 2360 Belgarum
659 2315 839 2361 gentem,
873 2319 963 2360 quax
989 2304 1203 2345 catholicae
1228 2303 1458 2361 Religionis
1489 2301 1628 2343 studio
1656 2318 1820 2360 semper
1852 2304 2016 2355 enituit,

184 2367 385 2408 Nostrum
403 2369 684 2424 exprimamus
698 2367 906 2419 dolorem,
921 2384 1016 2409 cum
1030 2368 1133 2409 inibi
1149 2369 1207 2409 rei
1226 2367 1440 2409 catholicae
1456 2366 1640 2423 pericula
1656 2367 1900 2424 impendere
1917 2384 2018 2426 pro-

186 2430 423 2488 spiciamus.
447 2431 528 2472 Sed
549 2433 735 2473 futurum
759 2433 1011 2474 confidimus
1036 2444 1082 2473 ut
1107 2433 1403 2474 Serenissimus
1422 2430 1490 2471 ille
1513 2432 1619 2481 Rex,
1643 2443 1684 2472 et
1708 2447 1856 2473 omnes
1881 2434 1951 2489 qui
1974 2433 2019 2474 in

184 2496 332 2554 Regno
358 2512 563 2537 summam
595 2513 737 2538 rerum
759 2498 1100 2555 procurationem
1122 2508 1287 2555 gerunt,
1319 2512 1397 2553 pro
1423 2511 1570 2536 eorum
1598 2497 1799 2554 sapientia
1824 2497 2017 2539 animad-

184 2571 395 2601 vertentes
407 2572 665 2618 quantopere
682 2563 886 2603 catholica
900 2562 1083 2603 Ecclesia
1094 2564 1264 2618 ejusque
1281 2561 1472 2601 doctrina
1490 2560 1543 2600 ad
1559 2562 1834 2618 temporalem
1849 2577 2017 2619 quoque

185 2625 440 2682 populorum
469 2626 818 2682 tranquillitatem
852 2628 1254 2684 prosperitatemque
1299 2625 1526 2675 conducat,
1567 2625 1790 2667 salutarem
1829 2626 2017 2682 ejusdem

185 2689 378 2731 Ecclesia·
399 2691 483 2731 vim
506 2702 659 2731 sartam
684 2702 838 2731 tectam
858 2692 1004 2731 haberi
1026 2690 1180 2742 velint,
1205 2707 1252 2731 ac
1275 2705 1417 2731 sacros
1442 2689 1568 2747 ipsius
1588 2691 1780 2732 Ecclesiae
1800 2689 2016 2733 Antistites

186 2764 227 2795 et
245 2754 461 2795 Ministros
478 2770 706 2812 eorumque
730 2757 934 2813 optimam
951 2771 1126 2813 operam
1142 2766 1281 2813 tegere
1300 2770 1347 2796 ac
1371 2756 1479 2796 tueri
1497 2754 1708 2797 studeant.

246 2902 351 2941 Cum
365 2911 503 2941 autem
527 2901 769 2957 Apostolica
787 2901 856 2942 illa
876 2902 1036 2951 caritas,
1061 2917 1141 2958 qua
1162 2917 1307 2942 omnes
1330 2902 1507 2960 populos
1529 2913 1569 2943 et
1585 2903 1777 2944 nationes
1794 2903 1837 2943 in
1851 2901 2012 2942 Christo

186 2965 505 3023 complectimur
523 2966 578 3005 ita
601 2966 689 3006 Nos
712 2977 872 3023 urgeat,
899 2977 946 3006 ut
964 2966 1067 3006 nihil
1086 2982 1255 3022 prorsus
1277 2967 1389 3007 aliud
1414 2979 1500 3008 tam
1518 2969 1790 3009 vehementer
1805 2976 2008 3023 optemus,

188 3045 316 3087 quam
327 3041 372 3071 ut
390 3045 536 3071 omncs
551 3041 774 3070 occurrant
787 3029 1046 3071 inunitatem
1066 3029 1163 3071 fidei
1182 3042 1222 3071 et
1245 3031 1473 3088 agnitionis
1494 3032 1587 3072 Filii
1602 3031 1695 3082 Dei,
1711 3031 1840 3072 verba
1856 3029 2013 3069 Nostra

188 3094 240 3136 ad
258 3095 353 3136 illos
373 3111 521 3136 omnes
542 3094 612 3151 qui
634 3110 656 3134 a
677 3094 811 3135 Nobis
833 3093 1037 3135 dissident
1062 3106 1152 3135 toto
1179 3095 1320 3136 cordis
1348 3094 1500 3137 affectu
1533 3095 1829 3146 convertimus,
1857 3107 2012 3149 eosque

186 3160 447 3202 obtestamur
466 3159 509 3201 in
525 3158 726 3210 Domino,
748 3170 793 3200 ut
814 3158 986 3216 depulsa
1005 3175 1200 3201 errorum
1221 3159 1399 3217 caligine
1420 3159 1608 3202 veritatis
1632 3160 1767 3201 lucem
1788 3156 2008 3215 aspiciant,
