2135 3442
203 184 278 221 498
687 178 874 215 LETTRE
903 176 1247 223 APOSTOLIQUE
1276 177 1341 211 DE
1368 175 1448 211 PIE
1475 175 1548 210 IX.

205 274 426 313 Conventa
450 279 540 309 tum
575 266 791 308 catholicae
813 264 909 306 fidei
936 281 984 306 ac
1012 264 1219 305 doctrinae
1246 261 1485 319 integritas,
1512 272 1604 303 tum
1631 262 1889 315 obedientia,
1910 281 2037 323 quam

204 350 353 378 omnes
374 335 576 390 cujusque
593 331 735 373 classis
753 342 795 372 et
811 329 1068 371 conditionis
1086 327 1281 370 catholici
1301 326 1496 368 homines
1514 326 1714 368 Ecclesiae
1732 328 1973 372 3116101113ῐί
1992 347 2040 372 ac

203 399 448 458 magisterio
467 408 664 456 plaestaie
686 396 862 437 omnino
880 395 1054 448 debent,
1079 393 1145 434 vel
1164 393 1389 434 minimum
1414 391 1721 433 (lenimentum
1744 409 1870 450 capel
1873 405 1962 436 ent

262 467 324 507 Ac
351 463 616 506 dissimulare
646 478 733 502 non
761 475 1002 518 possumus,
1032 474 1121 499 11011
1149 458 1313 500 levibus
1346 458 1435 499 Nos
1462 457 1663 515 angustiis
1697 457 1869 500 affectos
1895 459 2037 510 fuisse,

205 528 553 588 quandoquidem
572 527 841 575 xerebamur,
860 540 912 565 ne
936 522 1181 579 hujusmodi
1199 526 1315 565 Com
1320 533 1419 563 cntu
1442 521 1531 563 51116
1519 492 1707 564 Decclesi
1701 523 1830 564 astica
1855 524 2040 565 auctori-

203 606 289 637 tate
303 604 570 666 §qngl'egatq
579 590 820 648 exemplum
838 590 1004 647 11111161
1007 601 1100 630 61111
1116 589 1273 630 sensim
1288 605 1389 630 115111
1393 587 1522 645 pandi
1541 587 1701 644 aliquid
1716 591 1873 644 cxjule
1904 590 2039 631 ecele-

204 659 357 703 siastici
378 657 608 716 xeoiminis,
637 667 679 698 et
708 653 938 696 authentici
960 665 1204 711 1113σ1516111
1227 654 1344 711 quod
1364 653 1508 694 (11111111
1529 651 1798 694 111511111110116
1819 670 1871 712 pr
1875 654 2041 712 oplium

205 736 265 768 est
284 726 480 765 Romano
501 720 713 772 Pontifici,
733 731 773 760 et
790 718 1014 776 Episcopis
1032 718 1075 760 111
1095 718 1252 760 unione
1273 729 1314 759 61
1334 717 1617 760 consensione
1638 734 1735 759 cum
1755 718 1846 776 ipso
1864 720 1908 760 S.
1931 718 2045 760 Petri

204 791 467 838 Successore,
490 798 615 844 atque
650 785 722 836 ita,
748 783 1030 825 ecclesiastico
1059 783 1208 825 ordine
1245 783 1511 841 perturbato,
1543 782 1777 839 aliquando
1807 784 1971 834 unitas,
2005 795 2047 825 61

205 853 446 896 obedientia
483 852 578 893 fidei
618 849 730 908 apud
772 849 936 907 aliquos
973 849 1317 890 labefactaretur.
1354 851 1494 905 Atque
1530 850 1656 889 etiam
1690 849 1965 901 timebamus,
1994 865 2047 890 ne

204 918 249 960 in
288 919 378 977 ipso
410 920 629 958 Conventu
658 914 856 971 quaedam
895 914 1240 965 enunciarentur,
1268 930 1316 955 ac
1348 925 1594 955 tenerentur
1623 913 1845 971 opiniones
1877 926 1919 956 et
1951 915 2046 973 pla-

204 984 310 1035 cita,
350 999 442 1040 quse
480 982 523 1022 in
555 980 705 1038 vulgus
742 980 979 1038 praesertim
1020 979 1169 1021 emissa
1215 990 1257 1020 et
1294 978 1510 1020 catholica.»
1552 979 1756 1020 doctrinae
1791 980 2043 1038 puritatem,

205 1062 247 1092 et
273 1049 461 1091 debitam
491 1045 799 1101 subjectionem
828 1045 871 1086 in
904 1045 1141 1103 periculum
1171 1060 1218 1085 ac
1243 1043 1470 1085 discrimen
1489 1055 1706 1086 vocarent.
1729 1046 1902 1086 Summo
1936 1043 2049 1085 enim

205 1114 334 1156 animi
364 1113 508 1154 Nostri
546 1110 695 1152 dolore
729 1110 1077 1164 recordabamur,
1117 1108 1383 1151 Venerabilis
1413 1110 1575 1159 Frater,
1611 1110 1721 1152 hanc
1755 1110 2050 1168 Apostolicam

204 1179 356 1221 Sedem
394 1192 471 1235 pro
509 1174 747 1234 gravissimi
784 1175 847 1216 sui
885 1175 1073 1216 muneris
1115 1174 1253 1215 officio
1291 1172 1489 1215 debuisse
1522 1174 1684 1216 ultimis
1722 1174 1838 1217 hisce
1878 1186 2047 1233 tempo-

202 1244 320 1285 ribus
340 1257 518 1284 censura
539 1252 705 1292 notare,
721 1256 768 1281 ac
788 1239 1017 1298 prohibere
1037 1239 1342 1280 nonnullorum
1356 1238 1595 1281 Germaniae
1617 1239 1874 1297 scriptorum
1899 1255 2041 1297 opera,

205 1309 277 1366 qui
307 1323 403 1349 cum
432 1305 647 1348 nescirent
673 1306 879 1348 decedere
914 1306 967 1346 ab
1000 1305 1142 1362 aliquo
1174 1303 1402 1362 principio,
1427 1320 1499 1345 seu
1527 1304 1733 1346 methodo
1764 1305 1878 1346 falsae
1905 1305 2044 1347 scien-

203 1374 294 1425 tiae,
334 1384 405 1414 aut
443 1371 660 1413 hodiernae
704 1371 863 1412 fallacis
904 1369 1214 1429 philosophice,
1253 1381 1409 1427 praeter
1444 1369 1728 1421 voluntatem,
1769 1369 1832 1411 uti
1867 1369 2047 1411 confidi-

204 1455 312 1490 mus,
349 1437 512 1479 inducti
563 1437 679 1478 fuere
728 1437 782 1478 ad
834 1436 1113 1494 proferendas
1151 1451 1198 1476 36
1238 1434 1453 1476 docendas
1494 1434 1709 1476 doctrinas
1753 1433 2048 1476 dissentientes

205 1521 228 1546 a
258 1520 357 1546 vero
387 1502 693 1544 nonnullorum
719 1501 995 1543 sanctissimae
1024 1500 1123 1542 fidei
1150 1511 1306 1542 nostrae
1335 1499 1586 1557 dogmatum
1616 1515 1742 1541 sensu
1771 1510 1814 1541 61
1839 1499 2050 1571 interpre-

204 1568 390 1618 tatione,
417 1567 576 1625 quique
609 1582 775 1608 eim-mles
808 1568 861 1608 ab
897 1565 1082 1607 Ecclesia
1113 1567 1203 1622 jam
1242 1566 1466 1606 damnatos
1503 1581 1525 1606 e
1563 1564 1751 1606 tenebris
1788 1564 2044 1616 excitarunt,

206 1645 248 1675 et
283 1632 504 1692 propiiam
545 1631 696 1673 divinae
737 1631 1010 1672 revelationis
1047 1642 1089 1673 et
1125 1630 1225 1671 fidei
1250 1630 1439 1672 indolem
1479 1641 1521 1672 et
1554 1642 1751 1672 11311113111
1787 1630 1831 1671 in
1866 1630 2051 1672 alienum

206 1698 382 1740 0111111110
417 1712 587 1738 5611511111
619 1696 953 1767 explicaverunt.
974 1696 1266 1737 Noscebamus
1295 1695 1437 1748 etiam,
1461 1696 1729 1737 Venerabilis
1757 1696 1916 1746 Frater,
1938 1711 2050 1737 non-

205 1763 346 1805 nullos
371 1780 420 1804 ex
441 1761 678 1812 catholicis,
705 1761 777 1817 qui
811 1760 1096 1802 severioribus
1123 1759 1358 1817 disciplinis
1393 1759 1636 1801 excolendis
1667 1775 1845 1814 opelam
1873 1771 2044 1810 navant,

206 1827 384 1870 humani
403 1826 561 1885 ingenii
580 1825 740 1866 viribus
764 1825 943 1867 nimium
967 1824 1144 1866 fidentes
1162 1841 1355 1865 errorum
1376 1825 1573 1882 periculis
1598 1824 1714 1865 haud
1734 1824 1863 1867 fuisse
1883 1826 2047 1866 abster-

205 1893 325 1943 ritos,
346 1908 400 1932 ne
420 1891 464 1932 in
482 1890 708 1932 asserenda
729 1890 884 1941 fallaci,
909 1901 949 1930 et
973 1888 1150 1930 minime
1174 1889 1336 1930 sincera
1362 1888 1546 1930 scientiae
1577 1888 1773 1930 libertate
1795 1889 2049 1947 abriperen-

206 1967 276 1998 tur
296 1957 406 1998 ultra
431 1956 602 2009 limites,
627 1971 734 2012 quos
752 1954 1028 2013 praetergredi
1047 1970 1135 1995 non
1163 1953 1263 1995 sinit
1286 1953 1532 1995 obedientia
1555 1953 1697 1994 debita
1720 1969 1820 2012 erga
1848 1954 2051 2013 magisteo

204 2021 318 2063 rium
337 2020 536 2062 Ecclesiae
567 2020 619 2061 ad
655 2019 782 2061 totius
814 2020 1009 2061 revelatae
1033 2019 1222 2061 veritatis
1251 2018 1539 2075 integritatem
1569 2018 1821 2060 servandam
1852 2018 2051 2061 divinitus

206 2085 460 2128 institutum.
483 2087 545 2126 Ex
567 2101 652 2143 quo
680 2084 833 2136 evenit,
857 2096 904 2126 ut
926 2085 1173 2140 hujusmodi
1202 2082 1399 2125 catholici
1423 2083 1577 2125 misere
1602 2083 1767 2140 decepti
1800 2095 1842 2125 et
1866 2083 1917 2126 iis
1940 2100 2051 2142 saepe

209 2151 487 2201 consentiant,
513 2150 585 2207 qui
619 2161 767 2191 contra
796 2150 921 2206 hujus
951 2149 1209 2207 Apostolicae
1232 2149 1365 2199 Sedis,
1390 2165 1437 2190 ac
1463 2149 1716 2190 Nostrarum
1742 2149 2048 2209 Congregatio-

207 2233 311 2258 num
331 2217 498 2258 decreta
526 2215 780 2266 declamant,
808 2231 855 2256 116
880 2215 1105 2265 blaterant,
1129 2231 1177 2256 ea
1198 2213 1381 2255 liberum
1405 2213 1592 2254 scientiae
1613 2229 1889 2272 progressum
1911 2214 2047 2273 impe—

208 2282 315 2333 dire,
336 2293 378 2323 et
403 2281 593 2340 periculo
621 2297 664 2322 56
685 2292 904 2338 exponunt
929 2296 1046 2322 sacra
1072 2280 1143 2320 illa
1173 2278 1400 2336 frangendi
1421 2277 1674 2320 obedientiae
1693 2277 1873 2330 vincula,
1898 2278 2050 2336 quibus

207 2361 258 2387 ex
279 2346 357 2388 Dei
383 2347 599 2387 voluntate
627 2346 765 2388 eidem
789 2345 1045 2403 Apostolicae
1067 2345 1166 2386 huic
1186 2343 1513 2402 obstringuntur
1533 2343 1646 2393 Secti,
1668 2359 1761 2399 quae
1789 2359 1814 2385 a
1839 2345 1931 2385 Deo
1956 2343 2049 2402 ipso

207 2410 393 2453 veritatis
414 2411 630 2470 magistra,
649 2422 692 2452 et
716 2410 871 2452 vindex
892 2410 972 2451 fuit
988 2409 1232 2452 constituta.
1250 2410 1399 2465 Neque
1421 2408 1739 2466 ignorabamus,
1757 2408 1800 2450 in
1818 2409 2046 2451 Germania

209 2475 338 2517 etiam
367 2476 516 2517 falsam
547 2475 773 2518 invaluisse
808 2475 1058 2533 opinionem
1089 2474 1290 2516 adversus
1318 2485 1503 2515 veterem
1533 2473 1746 2526 scholam,
1778 2485 1819 2516 et
1849 2473 2047 2516 adversus

215 2539 458 2582 doctrinam
490 2556 756 2582 summorum
781 2540 955 2582 illorum
979 2541 1232 2591 Doctorum,
1256 2555 1362 2597 quos
1381 2548 1559 2596 propter
1584 2537 1879 2580 admirabilem
1901 2554 2049 2580 eorum

215 2605 480 2663 sapientiam,
505 2617 546 2646 et
569 2606 663 2646 vitae
688 2606 959 2647 sanctitatem
977 2604 1224 2646 universalis
1244 2614 1473 2646 veneratur
1492 2603 1694 2645 Ecclesia.
1717 2604 1811 2657 Qua
1827 2603 1930 2646 falsa
1953 2603 2048 2661 opi—

214 2670 344 2711 nione
380 2670 511 2727 ipsius
544 2671 741 2712 Ecclesiae
768 2671 994 2712 auctoritas
1020 2670 1062 2711 in
1097 2669 1324 2726 discrimen
1351 2680 1545 2719 vocatur,
1572 2668 1922 2726 quandoquidem
1960 2668 2050 2727 ipsa

215 2734 401 2777 Ecclesia
420 2751 506 2776 non
527 2735 663 2776 solum
683 2753 762 2793 per
781 2747 844 2778 tot
859 2735 1122 2778 continentia
1141 2735 1290 2776 saecnla
1311 2732 1517 2792 permisit,
1533 2744 1580 2774 ut
1597 2749 1648 2774 ex
1668 2734 1918 2776 eorumdem
1933 2735 2048 2776 Doc-

215 2810 359 2842 torum
388 2800 611 2851 methodo,
633 2811 674 2840 et
697 2817 748 2841 ex
768 2801 986 2859 principiis
1017 2800 1233 2842 communi
1254 2798 1444 2840 omnium
1472 2798 1779 2840 catholicarum
1809 2799 2050 2840 scholarum

215 2881 423 2907 consensu
460 2864 630 2906 sancitis
662 2866 899 2923 theologica
937 2866 1200 2907 excoleretur
1234 2863 1425 2914 scientia,
1458 2880 1608 2906 verum
1650 2864 1781 2906 etiam
1821 2862 2050 2921 soepissime

215 2929 391 2972 summis
412 2930 606 2971 laudibus
626 2929 913 2987 theologicam
934 2946 1082 2972 eorum
1100 2929 1341 2972 doctrinam
1358 2929 1510 2970 extulit
1530 2928 1732 2986 illamque
1751 2928 1882 2971 veluti
1903 2927 2048 2970 {ortis-

215 2997 370 3037 simum
396 2994 493 3037 fidei
513 2995 883 3053 propugnaculum
908 3006 950 3037 et
981 2995 1252 3037 formidanda
1273 3005 1421 3036 contra
1442 3009 1538 3035 suos
1568 2992 1764 3036 inimicos
1783 3008 1900 3035 arma
1917 2992 2047 3035 vehe-

209 3072 376 3102 menter
391 3058 720 3102 commendavit.

271 3121 370 3161 Haec
412 3136 513 3162 sane
555 3118 698 3162 omnia
741 3118 826 3176 'pro
875 3119 1107 3176 gravissimi
1145 3118 1330 3178 supremi
1365 3117 1509 3161 Nostri
1550 3117 1785 3176 Apostolici
1831 3112 2048 3158 ministerii

210 3199 405 3238 munere,
435 3201 483 3228 ac
510 3201 589 3244 pro
629 3182 832 3243 singulari
861 3182 934 3225 illo
964 3200 1124 3236 amore,
1155 3201 1238 3243 quo
1269 3199 1420 3227 omnes
1455 3181 1692 3226 Germaniae
1721 3179 1948 3225 catholicos
1976 3193 2046 3220 ca-
