2135 3442
211 193 258 228 10
462 189 770 236 ENCYCLIQUE
799 190 864 224 DE
892 189 938 225 N.
969 189 1011 225 T.
1044 188 1081 223 S.
1112 188 1153 222 P.
1185 187 1246 221 LE
1275 185 1398 220 PAPE
1427 183 1506 219 PIE
1536 183 1605 220 IX.
1666 183 1783 218 1864.

213 294 307 339 quo
331 287 400 322 tot
424 291 649 338 perversae
691 276 910 320 oriuntur
948 273 1203 329 sententiae,
1231 281 1371 332 atque
1410 284 1606 315 errores.
1652 269 1876 314 Dictitant
1913 269 2041 315 enim

217 364 236 382 ιι
267 342 634 387 Ecclesiasticam
667 349 943 404 potestatem
978 354 1075 383 non
1102 352 1201 382 esse
1226 336 1330 396 jure
1359 333 1522 379 divino
1549 332 1816 379 distinctam
1838 343 1883 378 et
1905 333 2039 380 inde-

215 406 497 469 pendentem
531 421 556 451 a
582 414 808 468 potestate
832 403 972 458 civili,
1010 417 1163 462 neque
1188 398 1418 461 ejusmodi
1452 397 1803 444 distinctionem
1825 407 1871 443 et
1905 398 2039 444 inde-

214 471 514 532 pendentiam
543 470 715 515 servari
742 485 896 532 posse,
922 467 1035 529 quin
1069 465 1127 511 ab
1155 465 1356 510 Ecclesia
1382 462 1667 508 invadantur
1690 472 1736 508 et
1758 472 2043 526 usurpentur

213 535 469 581 essentialia
496 536 602 597 jura
632 533 870 598 potestatis
891 531 1055 577 civilis.
1089 551 1109 572 »
1138 530 1291 591 Atque
1316 527 1501 573 silentio
1531 527 1767 590 praeterire
1797 542 1895 572 non
1930 543 2040 592 pos-

214 615 376 644 sumus
402 616 566 645 eorum
590 599 852 654 audaciam,
881 597 958 658 qui
986 610 1148 641 sanam
1178 609 1275 638 11011
1310 592 1590 637 sustinentes
1622 591 1887 638 doctrinam
1924 608 2040 638 eon·

214 664 414 710 tendunt
442 685 461 705 t(
491 664 577 709 illis
594 662 867 727 Apostolicae
887 660 1018 706 Sedis
1037 658 1242 722 judiciis,
1269 667 1313 702 et
1334 656 1551 714 decretis,
1574 673 1781 719 quorum
1805 655 2044 719 objectum

213 728 271 773 ad
286 728 468 774 bonum
488 729 700 791 generale
727 727 957 783 Ecclesiae,
975 723 1281 786 ejusdemque
1299 723 1419 782 jura,
1442 738 1498 768 ac
1521 720 1815 784 disciplinam
1833 732 2043 785 spectare

212 793 492 849 declaratur,
528 792 790 839 dummodo
818 790 927 836 fidei
966 805 1246 850 morumque
1284 787 1506 849 dogmata
1541 803 1640 832 non
1664 788 1878 848 attingat,
1906 802 2044 849 posse

214 874 449 902 assensum
489 867 533 903 et
561 857 881 903 obedientiam
916 853 1159 901 detrectari
1186 852 1362 913 absque
1401 861 1614 913 peccato,
1653 863 1700 898 et
1729 851 1908 914 absque
1950 851 2045 898 ulla

213 921 452 967 catholica:
477 922 776 984 professionis
797 921 992 982 jactura.
1025 939 1046 961 :⁰
1076 917 1217 974 Quod
1241 916 1434 979 quidem
1460 926 1753 979 quantopere
1772 916 2045 962 adversetur

214 985 445 1031 catholico
472 987 681 1048 dogmati
712 986 860 1048 plenae
884 983 1124 1047 potestatis
1160 984 1376 1027 Romano
1405 980 1622 1026 Pontifici
1649 981 1708 1026 ab
1733 981 1836 1043 ipso
1859 981 2044 1026 Christo

216 1051 419 1095 Domino
443 1052 663 1096 divinitus
678 1049 856 1096 collatae
874 1047 1185 1094 universalem
1204 1045 1444 1110 pascendi,
1462 1045 1670 1107 regendi,
1690 1055 1736 1090 et
1749 1044 2045 1105 gubernandi

216 1115 485 1170 Ecclesiam,
523 1133 663 1161 nemo
698 1124 764 1159 est
785 1114 865 1175 qui
892 1130 989 1158 non
1011 1112 1133 1157 clare
1153 1121 1407 1175 aperteque
1429 1110 1585 1156 videat
1608 1120 1653 1155 et
1677 1110 1921 1172 intelligat.

280 1182 329 1223 ln
356 1189 479 1226 tanta
506 1181 641 1241 igitur
661 1179 1022 1241 depravatarum
1055 1177 1337 1240 opinionum
1360 1176 1679 1238 perversitate,
1716 1178 1809 1220 Nos
1846 1180 2047 1238 Aposto-

216 1244 289 1288 lici
312 1245 463 1290 Nostri
495 1244 635 1289 officii
656 1243 806 1306 probe
830 1258 1063 1287 memores
1080 1278 1091 1297 ,
1120 1257 1174 1286 ac
1198 1240 1257 1286 de
1282 1241 1575 1286 sanctissima
1603 1249 1763 1285 nostra
1789 1239 2042 1300 Religione,

213 1308 272 1352 de
303 1324 414 1354 sana
440 1309 655 1354 doctrina
673 1344 684 1360 ,
711 1318 755 1353 et
796 1307 1061 1352 animarum
1085 1305 1231 1351 salute
1254 1304 1400 1350 Nobis
1437 1305 1660 1350 divinitus
1679 1304 1932 1350 commissa
1953 1340 1964 1361 ,
1993 1321 2047 1351 ac

215 1372 272 1416 de
320 1373 464 1434 ipsius
504 1373 723 1418 humanae
769 1372 1002 1417 societatis
1043 1370 1174 1415 bono
1222 1371 1423 1415 maxime
1468 1369 1684 1427 solliciti,
1729 1369 2046 1432 Apostolicam

217 1438 429 1482 Nostram
471 1453 635 1482 vocem
679 1438 849 1481 iterum
884 1435 1105 1480 extollere
1154 1435 1536 1480 existimavimus.
1590 1436 1750 1495 ltaque
1795 1450 1960 1480 omnes
2004 1444 2049 1480 et

219 1501 422 1561 singulas
443 1518 607 1564 pravas
631 1502 877 1563 opiniones
911 1516 963 1544 ac
997 1499 1235 1544 doctrinas
1268 1499 1534 1560 singillatim
1559 1498 1686 1544 bisce
1721 1499 1901 1544 Litteris
1922 1515 2050 1544 com-

220 1576 502 1611 memoratas
529 1566 813 1610 Auctoritaie
844 1568 1010 1609 Nostra
1043 1563 1313 1626 Apostolica
1351 1563 1679 1625 reprobamus,
1712 1562 2050 1625 proscribimus

222 1639 362 1691 atque
386 1631 685 1687 damnamus,
715 1644 884 1690 easque
911 1627 971 1673 ab
997 1627 1221 1672 omnibus
1251 1628 1491 1673 6311101161(Ι
1519 1627 1732 1673 Ecclesiae
1761 1627 1885 1686 filiis,
1907 1628 2050 1674 veluti

222 1694 509 1756 reprobatas,
550 1696 831 1757 proscriptas
866 1702 1004 1755 atque
1031 1693 1277 1738 damnatas
1315 1693 1511 1738 omnino
1553 1692 1716 1739 haberi
1753 1693 1974 1739 volumus
2007 1702 2052 1740 et

220 1759 514 1805 mandamus

287 1827 346 1868 Ac
369 1835 535 1886 praeter
558 1839 630 1879 ea,
653 1822 828 1886 optime
853 1822 993 1880 scitis,
1031 1820 1328 1866 Venerabiles
1352 1824 1550 1876 Fratres,
1592 1821 1721 1867 111566
1755 1821 2051 1886 temporibus

222 1889 374 1933 omnis
420 1889 622 1934 veritatis
661 1887 942 1948 justitiaeque
983 1902 1169 1940 osores,
1213 1896 1259 1931 et
1303 1888 1558 1932 acerrimos
1604 1897 1775 1932 nostrae
1814 1887 2050 1949 religionis

219 1950 391 2008 hostes,
416 1970 500 2015 per
533 1952 778 2016 pestiferos
810 1951 972 2003 libros,
1012 1950 1213 2008 libellos,
1252 1961 1295 1996 et
1331 1951 1658 2014 ephemerides
1686 1961 1785 1997 toto
1820 1963 2049 1998 terrarum

217 2016 330 2061 orbe
352 2017 582 2081 dispersas
602 2016 789 2079 populis
811 2015 1080 2073 illudentes,
1109 2033 1161 2061 ac
1189 2016 1418 2061 malitiose
1447 2017 1728 2062 mentientes
1746 2016 1860 2062 alias
1884 2017 2051 2080 impias

215 2097 421 2143 quasque
460 2082 764 2127 disseminare
794 2080 1050 2126 doctrinas.
1094 2083 1254 2143 Neque
1292 2082 1541 2143 ignoratis,
1581 2081 1672 2126 1136
1707 2082 1848 2127 etiam
1890 2091 2051 2127 nostra

217 2154 362 2201 aetate,
395 2146 651 2191 nonnullos
683 2146 894 2208 reperiri,
929 2146 1008 2207 qui
1049 2147 1227 2191 Satauae
1261 2146 1425 2208 spiritu
1454 2147 1653 2208 permoti
1696 2156 1742 2191 et
1780 2146 1960 2191 incitati
1993 2163 2050 2192 eo

221 2211 466 2272 impietatis
500 2211 809 2266 devenerunt,
855 2220 905 2254 ut
944 2210 1301 2255 Dominatorem
1336 2211 1596 2256 Dominum
1633 2213 1854 2256 Nostrum
1888 2213 2050 2257 Jesum

219 2274 454 2320 Christum
472 2291 658 2336 negare,
686 2276 878 2336 ejusque
903 2275 1204 2320 Divinitatem
1221 2275 1444 2323 scelerata
1466 2275 1749 2338 procacitate
1773 2291 2050 2339 oppugnare

221 2355 314 2383 non
355 2349 568 2402 paveant.
606 2339 689 2384 Hic
726 2355 836 2383 vero
870 2338 997 2384 haud
1044 2354 1328 2401 possumus,
1368 2341 1483 2402 quin
1523 2341 1734 2386 maximis
1778 2341 2050 2403 meritisque

219 2404 438 2449 laudibus
478 2406 574 2449 Vos
606 2404 868 2455 efferamus,
910 2405 1210 2449 Venerabiles
1252 2408 1459 2462 Fratres,
1490 2405 1571 2466 qui
1612 2405 1927 2468 episcopalem
1953 2421 2050 2451 ves-

216 2477 330 2513 tram
363 2485 526 2514 vocem
572 2479 737 2514 contra
771 2477 950 2514 tantam
978 2468 1264 2531 impietatem
1295 2469 1428 2515 omni
1472 2469 1572 2514 zelo
1598 2469 1808 2516 attollere
1853 2470 2048 2515 minime

217 2543 450 2578 omisistis.

283 2600 441 2658 ltaque
469 2596 596 2642 hisce
631 2596 807 2642 Nostris
840 2598 1018 2643 Litteris
1065 2601 1156 2642 Vos
1192 2598 1360 2645 iteruin
1395 2600 1709 2645 amantissime
1738 2597 2045 2661 alloquimur,

217 2662 297 2722 qui
322 2662 368 2706 in
393 2661 719 2707 sollicitudinis
751 2664 925 2706 Nostrae
958 2672 1138 2724 partem
1166 2665 1319 2710 vocati
1353 2680 1542 2710 summo
1579 2663 1719 2710 nobis
1747 2664 1870 2708 inter
1906 2664 2050 2709 maxi-

220 2742 316 2771 mas
335 2728 523 2771 Nostras
549 2725 826 2771 acerbitates
849 2727 1037 2782 solatio,
1069 2727 1260 2786 laetitiae,
1298 2738 1344 2774 et
1381 2728 1698 2774 consolationi
1725 2729 1833 2774 estis
1858 2737 2050 2791 propter

217 2791 469 2851 egregiam,
504 2807 598 2852 qua
640 2791 861 2853 pra‘statis
908 2792 1211 2851 religionem,
1256 2794 1509 2857 pietatem,
1551 2809 1605 2839 ac
1644 2803 1837 2856 propter
1876 2793 2050 2838 mirum

220 2854 348 2899 illum
367 2871 594 2909 amorem,
623 2854 780 2911 tidem,
810 2865 852 2899 et
878 2855 1249 2917 observantiam,
1276 2875 1368 2919 qua
1396 2858 1539 2904 Nobis
1564 2867 1608 2903 et
1637 2857 1748 2903 huic
1774 2857 2049 2918 Apostolicae

218 2919 326 2963 Sedi
351 2919 732 2964 concordissimis
762 2919 928 2964 animis
964 2919 1172 2966 obstricti
1197 2923 1524 2982 gravissimum
1555 2921 1818 2986 episcopale
1842 2930 2049 2966 vestrum

221 2984 528 3029 ministerium
550 2993 737 3028 strenue
765 2999 819 3028 ac
844 2984 1009 3029 sedulo
1032 2985 1225 3048 implere
1250 2988 1551 3033 contenditis.
1585 2988 1767 3032 Etenim
1792 2984 1852 3030 ab
1876 2987 2049 3031 eximio

221 3057 374 3093 vestro
414 3048 630 3111 pastorali
672 3048 770 3092 zelo
819 3058 1133 3111 expectamus,
1181 3059 1228 3094 ut
1266 3061 1553 3097 assumentes
1590 3051 1794 3114 gladium
1840 3051 2046 3114 spiritus,

220 3112 351 3174 quod
387 3122 454 3158 est
496 3112 693 3157 verbum
732 3113 841 3169 Dei,
869 3122 913 3158 et
954 3113 1205 3159 confortati
1240 3115 1287 3160 in
1330 3117 1476 3178 gratia
1512 3116 1705 3161 Domini
1752 3115 1899 3160 nostri
1944 3117 2049 3160 Jesu

221 3175 406 3234 Christi,
431 3177 578 3222 velitis
604 3177 898 3239 ingeminatis
934 3178 1096 3223 studiis
1122 3179 1333 3235 quotidie
1364 3182 1508 3242 magis
1535 3180 1826 3245 prospicere,
1858 3187 1906 3224 ut
1935 3178 2051 3225 fide-
