2135 3442
143 155 166 191 6
392 151 699 197 ENCYCLIQUE
728 152 793 186 DE
823 152 870 186 N.
901 152 941 186 T.
974 151 1012 186 S.
1043 150 1087 188 P.
1118 150 1179 184 LE
1207 148 1330 183 PAPE
1357 148 1437 183 PIE
1466 146 1538 182 IX.
1595 145 1712 181 1864.

144 250 285 286 tatem
326 238 453 284 nulla
484 238 557 284 vel
590 238 913 295 ecclesiastica,
945 236 1019 281 vel
1046 235 1169 281 civili
1192 234 1465 280 auctoritate
1489 230 1840 289 coarctandam,
1873 248 1968 294 quo

145 321 253 350 suos
294 312 550 365 conceptus
591 318 914 365 quoscumque
950 301 1046 346 sive
1078 316 1211 356 voce,
1259 299 1353 343 sive
1387 296 1526 358 typiS,
1552 295 1649 340 sive
1674 295 1764 341 alia
1787 296 1970 342 ratione

145 368 302 431 palam
329 367 617 430 publiceque
649 366 946 412 manifestare
979 382 1032 410 ac
1062 363 1299 409 declarare
1321 360 1524 407 valeant.
1558 381 1579 401 υ
1613 362 1739 404 Dum
1773 376 1885 406 vero
1922 361 1971 406 id

145 443 318 479 temere
338 431 589 489 affirmant,
631 431 760 476 haud
786 431 990 492 cogitant
1011 439 1055 474 et
1082 427 1397 484 considerant,
1422 424 1551 487 quod
1575 423 1834 469 libertatem
1857 442 1971 487 per-

143 497 353 542 ditionis¹
397 496 679 559 pradicant,
722 505 767 540 et
810 495 939 557 quod
974 514 994 536 ι(
1034 494 1069 537 si
1100 491 1318 537 humanis
1365 487 1746 552 persuasionibus
1786 505 1971 553 semper

149 581 169 602 «
209 561 467 624 disceptare
479 561 534 606 sit
550 560 767 617 liberum,
787 575 1031 620 nunquam
1049 557 1209 602 deesse
1220 563 1459 618 poterunt,
1478 553 1560 615 qui
1574 554 1753 599 veritati
1768 553 1974 600 audeant

148 646 169 667 «
208 626 449 680 resultare,
477 635 522 671 et
547 625 604 671 de
629 624 846 670 liumanae
869 622 1103 686 sapientia·
1127 620 1408 682 loquacitate
1431 617 1691 676 confidere,
1717 635 1826 663 cum
1849 618 1974 665 hanc

147 709 169 732 «
209 691 587 736 nocentissimam
619 689 872 734 vanitatem
908 696 1137 749 quantum
1165 684 1333 730 debeat
1363 682 1478 728 fides
1510 692 1556 728 et
1589 684 1815 746 sapientia
1846 683 1972 730 chri-

150 776 170 796 «
213 756 359 800 stiana
400 756 567 812 vitare,
604 771 656 799 ex
687 755 787 815 ipsa
818 752 1006 797 Domini
1041 750 1190 796 nostri
1221 751 1328 794 Jesu
1363 748 1534 794 Christi
1567 748 1863 794 institutione
1892 765 1974 794 co-

150 839 171 860 «
213 821 441 880 gnoscat².
470 840 490 861 »

214 887 266 928 Et
291 884 515 946 quoniam
551 883 631 928 ubi
655 897 681 926 a
710 881 831 926 civili
866 880 1084 926 societate
1120 878 1204 922 fuit
1233 886 1391 923 amota
1425 876 1606 938 religiO,
1644 893 1698 922 ac
1729 876 1977 940 repudiata

147 946 313 993 divinae
350 948 645 994 revelationis
679 946 890 991 doctrina
915 955 958 990 et
989 943 1258 997 auctoritas,
1298 941 1370 987 vel
1400 941 1500 1003 ipsa
1532 957 1754 1002 germana
1791 941 1978 1002 justitiae

149 1012 435 1074 humanique
455 1012 570 1073 juris
595 1012 726 1056 notio
748 1010 950 1055 tenebris
971 1008 1250 1054 obscuratur
1274 1016 1319 1051 et
1343 1007 1590 1063 amittitur,
1619 1016 1760 1066 atque
1781 1006 1828 1050 in
1859 1023 1977 1052 verae

145 1077 328 1138 justitia?
348 1077 635 1138 legitimique
655 1075 771 1136 juris
793 1076 949 1119 locum
975 1072 1224 1118 materialis
1256 1070 1561 1116 substituitur.
1578 1070 1665 1128 vis,
1694 1070 1803 1116 inde
1832 1071 1980 1133 liquet

148 1157 232 1186 cur
271 1140 485 1186 nonnulli
537 1140 802 1186 certissimis
851 1155 971 1184 sanae
1019 1137 1211 1182 rationis
1255 1135 1496 1198 principiis
1535 1136 1722 1199 penitus
1758 1135 1979 1196 neglectis

149 1206 521 1267 posthabitisque
557 1205 759 1251 audeant
790 1203 1105 1257 conclamare,
1147 1220 1167 1242 c<
1209 1200 1497 1245 voluntatem
1539 1200 1723 1263 populi,
1768 1199 1976 1263 publica,

149 1286 289 1331 quam
335 1270 521 1325 dicunt,
560 1269 784 1332 opinione
827 1268 898 1312 vel
940 1267 1029 1312 alia
1067 1266 1247 1311 ratione
1301 1264 1646 1311 manifestatam
1694 1265 1980 1311 constituere

149 1351 418 1397 supremam
455 1334 602 1395 legem
639 1333 698 1378 ab
731 1333 862 1377 omni
901 1332 1062 1377 divino
1104 1331 1412 1390 humanoque
1447 1329 1551 1391 jure
1589 1328 1817 1387 solutam,
1853 1339 1899 1375 et
1932 1331 1979 1375 in

151 1398 316 1444 ordine
339 1399 532 1461 politico
558 1399 676 1443 facta
690 1406 1035 1453 consummata,
1054 1412 1111 1441 eo
1126 1396 1226 1458 ipso
1251 1394 1383 1457 quod
1405 1404 1734 1440 consummata
1752 1404 1861 1439 sunt
1884 1395 1981 1440 vim

147 1464 263 1525 Juris
286 1463 477 1509 habere.
512 1484 533 1506 »
567 1465 742 1508 Verum
780 1462 940 1524 ecquis
963 1478 1061 1506 non
1093 1460 1236 1518 videt,
1267 1459 1501 1522 planeque
1531 1460 1687 1518 sentit,
1727 1459 1981 1505 hominum

151 1528 420 1573 societatem
458 1527 694 1588 religionis
730 1543 783 1572 ac
818 1543 936 1571 verae
960 1526 1142 1587 justitiae
1172 1524 1373 1569 vinculis
1406 1524 1609 1570 solutam
1639 1523 1822 1569 nullum
1854 1524 1981 1570 aliud

152 1592 365 1654 profecto
403 1593 696 1655 propositum
722 1591 896 1636 habere
927 1606 1080 1653 posse,
1105 1590 1195 1634 nisi
1215 1605 1415 1652 scopum
1444 1589 1772 1651 comparandi,
1811 1605 1980 1634 eumu-

152 1656 375 1717 landique
404 1673 534 1719 opes,
562 1657 834 1716 nullamque
861 1655 1000 1700 aliam
1030 1655 1076 1699 in
1104 1654 1198 1699 suis
1220 1653 1487 1699 actionibus
1521 1654 1673 1715 legem
1708 1655 1856 1715 sequi,
1892 1655 1984 1699 nisi

155 1720 434 1765 indomitam
473 1722 614 1766 animi
660 1720 965 1783 cupiditatem
1002 1718 1287 1764 inserviendi
1332 1718 1536 1782 propriis
1574 1718 1896 1781 voluptatibus
1938 1729 1985 1764 et

155 1785 454 1831 commodis?
480 1789 738 1848 Eapropter
768 1784 1041 1847 hujusmodi
1077 1784 1297 1828 homines
1331 1783 1503 1829 acerbo
1541 1799 1653 1828 sane
1690 1782 1802 1828 odio
1829 1784 1981 1829 insec-

156 1858 313 1895 tantur
331 1850 579 1911 Religiosas
606 1850 816 1895 Familias
842 1849 1055 1912 quamvis
1074 1848 1133 1893 de
1156 1865 1205 1893 re
1229 1848 1498 1905 christiana,
1522 1848 1663 1903 civili,
1686 1864 1740 1893 ac
1763 1847 1985 1894 litteraria

156 1930 458 1977 summopere
483 1915 687 1972 meritas,
726 1924 770 1959 et
805 1914 1034 1959 blaterant
1077 1913 1267 1959 easdem
1291 1912 1469 1958 nullam
1509 1912 1684 1958 habere
1724 1913 1984 1973 legitimam

158 1979 383 2024 existendi
406 1980 652 2033 rationem,
671 1989 811 2041 atque
832 1980 893 2025 ita
908 1978 1237 2023 haereticorum
1266 1978 1548 2023 commentis
1576 1976 1828 2040 plaudunt.
1866 1981 1986 2023 Nam

159 2051 209 2086 ut
234 2044 570 2106 sapientissime
596 2060 689 2089 rec.
708 2060 849 2088 mem.
874 2045 980 2088 Pius
1007 2046 1063 2086 Vl
1084 2046 1310 2088 Decessor
1335 2045 1504 2087 Noster
1535 2041 1755 2099 docebat,
1784 2062 1806 2084 <c
1846 2059 1986 2104 regu-

167 2127 182 2147 «
224 2107 391 2153 larium
411 2107 603 2153 abolitio
624 2108 745 2153 laedit
768 2118 941 2153 statum
961 2108 1160 2171 publicae
1178 2107 1479 2171 professionis
1505 2107 1811 2152 consiliorum
1841 2123 1984 2153 evan-

166 2191 186 2211 «
227 2173 498 2233 gelicorum,
529 2173 651 2218 laedit
674 2173 865 2219 vivendi
889 2174 1119 2218 rationem
1146 2173 1194 2217 in
1226 2172 1430 2218 Ecclesia
1453 2171 1837 2217 commendatam
1870 2181 1986 2217 tam-

166 2255 187 2276 «
225 2252 367 2298 quam
415 2237 685 2299 Apostolicae
730 2238 953 2282 doctrinae
1003 2247 1397 2294 consentaneam,
1434 2236 1560 2281 laedit
1603 2237 1730 2299 ipsos
1782 2237 1986 2298 insignes

168 2320 185 2339 ιε
228 2302 516 2352 fundatores,
544 2319 662 2363 quos
688 2318 827 2365 super
850 2302 1072 2348 altaribus
1106 2317 1406 2357 veneramur,
1441 2302 1519 2363 qui
1558 2318 1654 2346 non
1692 2301 1781 2346 nisi
1818 2317 1844 2347 a
1882 2304 1985 2347 Deo

167 2383 189 2405 «
227 2366 435 2427 inspirati
454 2382 529 2411 eas
553 2369 893 2412 constituerunt
907 2367 1191 2413 societatesss.
1234 2387 1254 2409 ³³
1280 2371 1429 2428 Atque
1453 2366 1595 2411 etiam
1614 2366 1758 2429 impie
1778 2382 1987 2429 pronun-

163 2430 305 2485 ciant,
329 2430 630 2475 auferendam
657 2447 754 2476 esse
785 2430 963 2476 civibus
985 2441 1030 2477 et
1062 2431 1269 2477 ³{cclesiae
1305 2431 1573 2477 facultatem
1609 2450 1629 2471 «
1663 2446 1757 2492 qua
1782 2431 1987 2476 eleemo-

172 2512 191 2535 «
229 2510 364 2554 synas
402 2494 661 2540 christianae
698 2496 898 2541 caritatis
937 2512 1078 2542 causa
1110 2496 1264 2559 palam
1302 2511 1495 2557 erogare
1534 2495 1739 2551 valeant,
1783 2515 1804 2537 2>
1837 2510 1891 2541 ac
1927 2495 1987 2541 cle

166 2559 322 2603 medio
347 2558 602 2604 tollendam
637 2559 785 2622 legem
814 2579 836 2603 «
875 2577 969 2622 qua
1000 2561 1136 2606 certis
1168 2560 1404 2623 aliquibus
1429 2559 1595 2606 diebus
1627 2576 1768 2623 opera
1804 2560 1987 2606 servilia

164 2632 356 2685 propter
378 2624 460 2668 Dei
484 2622 662 2668 cultum
680 2623 1006 2687 prohibentur,
1050 2645 1070 2666 n
1103 2624 1391 2670 fallacissime
1421 2634 1740 2688 prsetexenteS,
1778 2641 1986 2671 comme·

165 2697 395 2732 moratam
431 2687 695 2733 facultatem
731 2699 775 2733 et
797 2690 946 2749 legem
982 2689 1170 2752 optimae
1201 2690 1402 2752 publicae
1435 2690 1712 2736 oeconomiae
1746 2690 1988 2754 principiis

165 2750 404 2796 obsistere.
445 2755 604 2813 Neque
641 2754 850 2798 contenti
885 2769 1102 2798 amovere
1145 2755 1417 2816 religionem
1451 2771 1476 2800 a
1515 2754 1705 2818 publica
1745 2755 1982 2810 societate,

165 2815 332 2860 volunt
372 2815 646 2877 religionem
693 2818 840 2879 ipsam
874 2833 898 2862 a
929 2818 1116 2880 privatis
1168 2819 1308 2864 etiam
1345 2835 1502 2864 arcere
1546 2818 1749 2864 familiis.
1802 2819 1987 2866 Etenim

166 2878 528 2925 funestissimum
555 2882 894 2926 Comtmmismi
909 2892 951 2926 et
969 2882 1234 2927 sociali-cmi
1251 2884 1474 2929 docentes
1493 2900 1547 2930 ac
1569 2883 1843 2947 profitentes
1856 2900 1985 2930 erro—

164 2960 264 2990 rem
311 2954 521 2989 asserunt
570 2965 590 2986 «
629 2946 897 2991 societatem
951 2946 1256 2992 domesticam
1309 2964 1390 2993 seu
1432 2948 1657 2994 familiam
1705 2958 1852 2994 totam
1895 2964 1987 2993 suae

217 3092 254 3127 1.
286 3092 324 3127 S.
345 3094 438 3141 Aug.
463 3090 582 3140 Epist.
610 3092 700 3137 105,
722 3091 771 3127 al.
798 3094 884 3130 166.

218 3146 254 3180 2.
286 3145 324 3180 S.
347 3144 482 3180 Leonis
501 3144 616 3193 Epist.
639 3147 730 3188 164,
754 3144 804 3181 al.
828 3146 918 3190 133,
941 3143 968 3195 S
990 3147 1010 3181 :2
1032 3144 1120 3181 edit.
1141 3144 1236 3181 Ball.

215 3197 252 3232 3.
281 3196 398 3246 Epist.
422 3196 468 3233 ad
487 3197 599 3235 Card.
623 3196 670 3233 de
689 3197 723 3233 la
745 3197 1060 3243 Rochefoucault‚
1086 3199 1134 3234 10
1155 3197 1280 3234 martii
1299 3200 1416 3248 1791,
1432 3213 1528 3249 pag.
1551 3202 1616 3238 44.
