2135 3442
201 155 215 189 1

228 154 275 189 '40
651 153 840 189 LETTRE
871 154 1214 200 APOSTOLIQUE
1243 155 1308 189 DE
1336 144 1469 189 LEON
1497 154 1586 190 XII.

207 261 223 276 «
258 238 479 280 Cathedrae
502 255 666 297 semper
685 241 814 298 viguit
832 241 1090 299 principatus
1113 241 1142 290 ¹,
1165 239 1362 298 singulari
1391 239 1578 296 quodam
1604 239 1705 281 odio
1729 239 1979 293 afficiuntur,
2007 253 2048 282 et

206 326 219 339 «
260 304 453 362 pestifera
477 320 653 361 quaeque
673 320 720 345 ac
740 305 975 362 perniciosa
996 305 1241 346 moliuntur.

264 391 279 404 «
316 369 405 410 Nec
430 370 582 421 minus,
610 381 655 410 ut
678 386 729 411 ex
747 369 897 411 iisdem
915 381 1078 411 constat
1099 368 1402 421 monumentis,
1426 369 1598 411 scelesta
1626 379 1739 419 sunt,
1766 384 1859 425 quae
1879 371 2042 411 Carbo-

205 456 222 470 <‹
259 435 475 476 naz-iorum
502 436 676 476 societas
705 435 834 476 tradit
864 435 916 476 (le
936 435 1128 476 moribus
1159 445 1384 492 praecepta,
1412 433 1603 491 quamvis
1631 433 1897 475 confidenter
1916 436 2045 490 jactet

205 520 220 528 n
258 514 300 541 se
320 515 343 540 a
363 501 444 541 suis
463 500 740 541 sectatoribus
760 501 942 557 exigere,
968 511 1013 540 ut
1042 501 1287 540 charitatem
1312 514 1359 539 ac
1380 515 1507 541 omne
1530 500 1731 540 virtutum
1758 514 1891 556 genus
1914 514 2044 541 exco-

204 585 220 598 «
259 564 360 610 lant,
382 576 423 605 et
446 575 684 616 exerceant,
708 580 754 605 ac
780 563 1093 622 diligentissime
1116 565 1169 604 ab
1194 562 1312 605 omni
1335 565 1438 606 vitio
1463 565 1718 605 abstineant.
1740 564 1886 620 Itaque
1904 563 2046 605 libidi-

204 652 217 663 ‹·
259 631 371 670 nosis
395 629 680 687 voluptatibus
704 628 1064 687 impudentissime
1088 645 1136 669 ea
1157 629 1281 680 favet,
1314 629 1439 671 docet
1460 630 1587 671 licere
1611 645 1683 670 eos
1699 628 1950 680 interficere,
1974 630 2045 687 qui

204 716 219 728 v
259 693 400 735 datam
430 694 482 735 de
518 707 695 742 secreto,
723 694 840 751 quod
863 695 1050 751 superius
1073 705 1357 735 memoratum
1390 705 1465 748 est,
1498 694 1625 736 fidem
1653 710 1738 735 non
1762 693 2041 749 servaverint3

205 780 219 793 «
258 770 300 800 et
319 759 415 800 licet
438 760 725 816 apostolorum
741 758 935 816 princeps
956 759 1102 800 Petrus
1120 758 1350 816 praecipiat,
1377 770 1424 800 ut
1444 760 1655 801 christiani
1669 758 1683 779 ²
1709 758 1826 800 omni
1845 759 2044 800 humanae

203 844 218 855 v
256 835 456 865 creaturae
481 836 652 882 propter
674 825 810 865 Deum
831 823 1008 879 subjecti
1032 824 1129 875 sint,
1153 823 1237 866 sive
1262 823 1349 882 regi
1374 826 1491 882 quasi
1514 824 1788 883 praecellenti,
1813 824 1898 865 sive
1922 823 2043 866 duci-

202 909 214 919 ‹«
258 888 334 929 bus
361 900 576 946 tamquam
612 890 664 930 ab
692 905 741 929 eo
778 888 928 939 missis,
953 899 1055 939 etc.,
1078 889 1312 947 jubeatque
1343 890 1499 931 Paulus
1533 890 1794 948 apostolus²,
1830 900 1876 930 ut
1907 889 2045 930 omnis

202 974 207 984 ι
255 954 393 994 anima
434 955 708 1011 potestatibus
746 953 1061 994 sublimioribus
1104 953 1272 995 subdita
1317 954 1389 1008 sit,
1433 971 1481 996 ea
1526 966 1667 996 tamen
1710 956 1888 996 societas
1921 954 2044 996 docet

200 1037 215 1051 κ
254 1019 463 1076 integrum
499 1034 586 1059 esse
627 1017 906 1059 seditionibus
945 1019 1131 1060 excitatis
1171 1035 1288 1077 reges
1328 1030 1584 1077 caeterosque
1626 1021 1895 1078 imperantes,
1939 1035 2044 1077 quos

200 1103 206 1112 ι
251 1098 327 1139 per
349 1099 555 1124 summam
587 1082 783 1138 injuriam
813 1093 1016 1140 tyrannos
1042 1085 1194 1141 passim
1220 1084 1432 1142 appellare
1463 1084 1604 1135 audet,
1636 1100 1710 1126 sua
1735 1095 1944 1143 potestate
1968 1100 2042 1126 ex—

200 1168 211 1179 υ
252 1147 429 1203 poliare.

257 1232 271 1246 ‹r
311 1213 426 1262 Haec,
458 1213 622 1269 aliaque
645 1213 767 1268 hujus
797 1213 1005 1254 societatis
1030 1213 1245 1272 dogmata,
1281 1225 1321 1256 et
1350 1226 1558 1273 p1·aecepta
1587 1227 1701 1269 sunt,
1732 1232 1784 1258 ex
1817 1216 1972 1273 quibus
1994 1230 2041 1256 ea

196 1300 199 1305 ι
248 1278 477 1318 extiterunt
499 1278 541 1317 in
570 1278 690 1318 Italia
712 1277 898 1320 facinora
919 1295 1053 1336 nuper
1075 1295 1098 1320 a
1125 1281 1396 1322 Carbonariis
1419 1282 1656 1334 commissa,
1689 1297 1782 1339 quae
1812 1281 1919 1322 adeo
1943 1296 2040 1339 gra-

195 1362 200 1373 ‹
247 1356 338 1381 vem
364 1343 567 1392 honestis,
597 1343 760 1400 piisque
784 1344 1027 1385 hominibus
1053 1360 1278 1386 moerorem
1302 1346 1547 1388 attulerunt.
1577 1347 1666 1388 Nos
1688 1347 1831 1404 igitur,
1853 1345 1924 1403 qui
1945 1360 2042 1403 spe-

191 1427 206 1440 υ
246 1406 454 1448 culatores
490 1407 641 1448 domus
670 1409 811 1458 Israel,
839 1424 930 1465 quae
967 1420 1029 1450 est
1059 1422 1201 1452 sancta
1236 1412 1439 1459 Ecclesia,
1471 1412 1689 1453 constituti
1724 1426 1880 1464 sumus,
1910 1421 1952 1452 et
1971 1411 2043 1468 qui

193 1490 199 1502 ι
246 1487 324 1527 pro
349 1472 547 1528 pastorali
575 1473 731 1514 Nostro
763 1489 938 1514 munere
968 1490 1115 1516 cavere
1149 1476 1372 1526 debemus,
1398 1492 1451 1517 ne
1486 1476 1732 1517 Dominicus
1767 1491 1869 1533 grex
1906 1475 2042 1517 Nobis

245 1535 441 1577 divinitus
466 1537 649 1579 creditus
670 1537 800 1578 ullum
825 1537 1030 1579 damnum
1059 1541 1258 1597 patiatur,
1285 1541 1572 1582 existimamus
1594 1540 1638 1581 in
1665 1556 1787 1583 causa
1814 1551 1903 1581 tam
1926 1541 2042 1598 gravi

191 1620 206 1633 α
245 1616 332 1641 uon
355 1617 476 1658 posse
510 1603 563 1643 ab
588 1602 763 1660 impuris
788 1604 1010 1645 hominum
1040 1606 1266 1647 conatibus
1292 1607 1543 1648 cohibendis
1577 1607 1803 1647 abstinere.
1831 1605 2040 1663 Exemplo

244 1665 369 1706 etiam
407 1682 726 1709 commovemur
759 1667 891 1710 felicis
925 1670 1228 1713 recordationis
1260 1672 1489 1713 Clementis
1516 1673 1600 1713 XII
1625 1682 1666 1712 et
1697 1669 1913 1712 Benedicti
1936 1670 2038 1710 XIV

189 1749 204 1763 «
240 1729 598 1784 praedecessorum
618 1733 888 1784 Nostrorum,
916 1750 1101 1789 quorum
1123 1736 1228 1778 alter
1252 1739 1401 1794 quarto
1426 1737 1629 1778 kalendas
1650 1737 1783 1791 majas
1806 1736 1907 1776 anni
1938 1734 2035 1776 mil-

243 1792 375 1833 lesimi
410 1796 770 1853 septingentesimi
809 1797 1007 1853 trigesimi
1051 1801 1187 1838 octavi
1229 1801 1554 1847 constitutione,
1592 1801 1645 1838 In
1679 1805 1902 1847 eminenti,
1935 1799 2039 1837 alter

187 1877 203 1891 «
243 1857 408 1899 decimo
436 1861 585 1916 quinto
614 1859 818 1901 kalendas
845 1861 984 1917 aprilis
1013 1861 1113 1902 anni
1142 1863 1350 1903 millesimi
1383 1861 1744 1920 septingentesimi
1773 1860 2037 1918 quinquage-

242 1922 334 1962 simi
366 1925 490 1980 primi
528 1925 828 1966 constitutione
856 1926 1085 1977 Providus,
1114 1928 1371 1969 damnarunt
1404 1939 1445 1969 et
1476 1926 1790 1984 prohibuerunt
1819 1924 2039 1966 societates

242 1986 305 2027 (le'
330 1988 475 2029 Liberi
508 1991 724 2031 Muratorz·
738 2023 748 2043 ,
770 2006 841 2032 seu
865 1991 903 2030 F
904 1993 1247 2049 ranes-Mafotzs,
1272 2003 1342 2033 aut
1366 1992 1448 2033 alio
1476 2005 1744 2049 quocumque
1768 1989 1941 2031 nomine
1960 2005 2037 2048 pro

189 2071 205 2084 «
242 2053 479 2109 regionum,
520 2066 561 2095 et
588 2054 840 2096 idiomatum
866 2057 1069 2098 varietate
1102 2057 1346 2115 appellatas,
1374 2072 1552 2113 quarum
1589 2055 1838 2097 societatum
1861 2053 2038 2096 fortasse

190 2134 203 2147 ‹<
243 2131 447 2175 propage,
472 2118 536 2159 vel
557 2130 666 2159 certe
689 2118 867 2160 imitatio
891 2120 980 2161 haec
1001 2122 1360 2162 Carbonariorum
1382 2122 1561 2163 societas
1584 2118 1863 2162 existimanda
1885 2129 1962 2160 est.v
1983 2119 2037 2159 Et

189 2199 204 2212 υ»
246 2183 436 2234 quamvis
455 2184 541 2237 jam
562 2183 730 2224 duobus
752 2184 899 2225 edictis
920 2201 995 2242 per
1011 2187 1214 2227 Nostram
1234 2187 1376 2228 Status
1391 2185 1665 2228 secretariam
1683 2183 1908 2243 propositis
1927 2184 2038 2224 hanc

191 2265 207 2278 «
246 2247 491 2287 societatem
522 2247 701 2305 graviter
723 2249 810 2289 Nos
837 2250 1196 2306 prohibuerimus,
1240 2262 1498 2293 memoratos
1529 2262 1671 2292 tamen
1702 2249 2036 2307 praedecessores

188 2332 205 2346 «ε
243 2311 419 2351 Nostros
454 2324 689 2368 sequentes,
720 2329 864 2371 graves
897 2331 1044 2372 poenas
1080 2317 1121 2356 in
1162 2317 1273 2357 hanc
1308 2316 1554 2358 societatem
1583 2313 1824 2356 solemniori
1862 2312 2035 2371 quidem

189 2398 207 2412 α
244 2376 406 2416 ratione
430 2376 717 2419 decernendas
734 2390 945 2436 putanmS,
970 2382 1203 2438 pracsertim
1222 2398 1318 2423 cum
1334 2380 1583 2422 Carbonarii
1601 2381 1753 2437 passim
1775 2378 2036 2421 contendant

245 2455 288 2480 se
318 2440 482 2481 duabus
506 2440 583 2481 illis
614 2442 840 2484 Clementis
870 2445 969 2496 XII,
995 2456 1036 2486 et
1057 2446 1276 2488 Benedicti
1294 2447 1395 2487 XIV
1413 2444 1784 2486 constitutionibus
1806 2460 1893 2485 non
1914 2459 2034 2485 com-

193 2527 206 2540 «
245 2504 465 2561 prehendi,
490 2521 566 2546 nec
589 2507 824 2558 sententiis,
850 2520 890 2550 et
910 2512 1044 2566 poenis
1062 2510 1103 2550 in
1129 2510 1210 2552 illis
1231 2511 1327 2552 latis
1347 2510 1513 2564 subjici.

252 2590 267 2604 «
306 2570 461 2610 Audita
503 2569 629 2627 igitur
663 2572 813 2613 selecta
853 2576 1183 2632 congregatione
1212 2575 1532 2617 Venerabilium
1552 2575 1749 2616 Fratrum
1773 2575 2029 2616 Nostrorum

193 2655 209 2668 «
247 2633 289 2673 S.
316 2634 368 2673 R.
396 2635 444 2673 E.
473 2634 773 2687 Cardinalium‚
803 2649 844 2678 et
876 2639 928 2680 de
961 2641 1049 2694 ejus
1083 2641 1276 2690 consilio,
1303 2656 1351 2681 ac
1383 2640 1509 2680 etiam
1541 2650 1659 2680 motu
1692 2639 1885 2697 proprio,
1918 2649 1960 2680 et
1982 2655 2034 2681 ex

193 2719 209 2733 κ
246 2709 361 2739 certa
384 2699 557 2739 scientia
581 2715 628 2740 ac
654 2712 818 2742 matura
845 2702 1153 2746 deliberatione
1179 2705 1360 2754 Nostris,
1389 2704 1526 2760 deque
1551 2705 1790 2762 apostolicae
1819 2705 2035 2763 potestatis

194 2784 209 2798 e.
248 2762 526 2820 plenitudine,
542 2764 788 2821 praedictam
806 2769 1048 2810 societatem
1069 2771 1531 2822 Carbona1·iorum,aut
1551 2769 1633 2810 alio
1657 2784 1927 2827 quocumque
1948 2785 2032 2810 no-

198 2850 213 2863 «
251 2829 363 2868 mine
389 2829 661 2885 appellatam,
686 2832 776 2886 ejus
806 2845 950 2884 coetus‚
978 2847 1223 2885 conventus,
1252 2835 1538 2887 collectiones,
1566 2836 1901 2887 ‘mo-reoationes,
1928 2849 2032 2875 con-

1566 2864 1642 2894 ‘vo
1695 2871 1717 2894 r>

196 2914 211 2928 «
249 2892 457 2934 venticula
491 2893 749 2945 damnanda,
783 2908 824 2937 et
857 2899 1123 2954 prohibenda
1159 2915 1248 2940 esse
1279 2899 1498 2940 statuimus
1527 2911 1568 2941 et
1598 2899 1874 2950 decrevimus,
1902 2909 2033 2956 prout

196 2978 213 2993 «
249 2957 446 3015 praesenti
466 2958 621 2999 Nostra
642 2971 845 3018 perpetuo
870 2963 1045 3005 valitura
1068 2963 1368 3005 constitutione
1397 2964 1647 3006 damnamus
1674 2976 1714 3006 et
1737 2964 2027 3023 prohibemus.

243 3108 274 3139 1.
303 3105 337 3139 S.
358 3107 448 3150 Aug.
468 3105 577 3150 Epist.
599 3109 655 3140 43.

242 3154 275 3186 2.
303 3152 369 3197 Ep.
390 3153 417 3187 Ι.
439 3165 517 3198 cap.
538 3165 579 3195 11,
595 3165 682 3189 vers,
704 3158 760 3190 13.

241 3202 276 3234 3.
305 3200 409 3234 Rom.
429 3212 505 3246 cap.
527 3212 582 3244 111,
607 3214 642 3235 v.
666 3204 720 3236 14.
