<?xml version="1.0" encoding="UTF-8"?>
<!DOCTYPE html PUBLIC "-//W3C//DTD XHTML 1.0 Transitional//EN"
    "http://www.w3.org/TR/xhtml1/DTD/xhtml1-transitional.dtd">
<html xmlns="http://www.w3.org/1999/xhtml" xml:lang="en" lang="en">
 <head>
  <title>
</title>
<meta http-equiv="Content-Type" content="text/html;charset=utf-8" />
  <meta name='ocr-system' content='tesseract 3.04.00' />
  <meta name='ocr-capabilities' content='ocr_page ocr_carea ocr_par ocr_line ocrx_word'/>
</head>
<body>
  <div class='ocr_page' id='page_1' title='image "./recueildesallocu00cath_0220.png"; bbox 0 0 2135 3442; ppageno 0'>
   <div class='ocr_carea' id='block_1_1' title="bbox 189 156 1416 194">
    <p class='ocr_par' dir='ltr' id='par_1_1' title="bbox 189 156 1416 194">
     <span class='ocr_line' id='line_1_1' title="bbox 189 156 1416 194; baseline -0.003 0"><span class='ocrx_word' id='word_1_1' title='bbox 189 158 264 194; x_wconf 84' lang='lat'><strong>208</strong></span> <span class='ocrx_word' id='word_1_2' title='bbox 802 156 1114 193; x_wconf 87' lang='lat' dir='ltr'><strong>ALLOCUTION</strong></span> <span class='ocrx_word' id='word_1_3' title='bbox 1142 156 1206 192; x_wconf 88' lang='lat' dir='ltr'><strong>DE</strong></span> <span class='ocrx_word' id='word_1_4' title='bbox 1235 156 1314 191; x_wconf 89' lang='lat' dir='ltr'><strong>PIE</strong></span> <span class='ocrx_word' id='word_1_5' title='bbox 1342 156 1416 191; x_wconf 89' lang='lat' dir='ltr'><strong>IX.</strong></span> 
     </span>
    </p>
   </div>
   <div class='ocr_carea' id='block_1_2' title="bbox 190 239 2033 1204">
    <p class='ocr_par' dir='ltr' id='par_1_2' title="bbox 190 239 2033 1204">
     <span class='ocr_line' id='line_1_2' title="bbox 190 239 2024 300; baseline -0.003 -14"><span class='ocrx_word' id='word_1_6' title='bbox 190 243 462 286; x_wconf 85' lang='lat' dir='ltr'>tribulatione</span> <span class='ocrx_word' id='word_1_7' title='bbox 483 242 652 284; x_wconf 89' lang='lat' dir='ltr'><strong>Nostra.</strong></span> <span class='ocrx_word' id='word_1_8' title='bbox 677 243 845 284; x_wconf 82' lang='lat' dir='ltr'>Etenim</span> <span class='ocrx_word' id='word_1_9' title='bbox 874 244 983 285; x_wconf 91' lang='lat' dir='ltr'><strong>inter</strong></span> <span class='ocrx_word' id='word_1_10' title='bbox 1002 254 1139 284; x_wconf 87' lang='lat' dir='ltr'><strong>tantas</strong></span> <span class='ocrx_word' id='word_1_11' title='bbox 1163 243 1372 300; x_wconf 76' lang='lat' dir='ltr'>angustias</span> <span class='ocrx_word' id='word_1_12' title='bbox 1396 257 1482 282; x_wconf 90' lang='lat' dir='ltr'><strong>non</strong></span> <span class='ocrx_word' id='word_1_13' title='bbox 1506 240 1599 281; x_wconf 90' lang='lat' dir='ltr'><strong>leve</strong></span> <span class='ocrx_word' id='word_1_14' title='bbox 1623 251 1735 281; x_wconf 84' lang='lat' dir='ltr'><strong>certe</strong></span> <span class='ocrx_word' id='word_1_15' title='bbox 1757 239 1890 282; x_wconf 87' lang='lat' dir='ltr'><strong>Nobis</strong></span> <span class='ocrx_word' id='word_1_16' title='bbox 1911 240 2024 282; x_wconf 88' lang='lat' dir='ltr'><strong>sola-</strong></span> 
     </span>
     <span class='ocr_line' id='line_1_3' title="bbox 192 303 2025 365; baseline -0.002 -16"><span class='ocrx_word' id='word_1_17' title='bbox 192 309 297 350; x_wconf 89' lang='lat' dir='ltr'><strong>tium</strong></span> <span class='ocrx_word' id='word_1_18' title='bbox 320 306 502 349; x_wconf 84' lang='lat' dir='ltr'><strong>afferunt</strong></span> <span class='ocrx_word' id='word_1_19' title='bbox 524 318 565 348; x_wconf 92' lang='lat' dir='ltr'><strong>et</strong></span> <span class='ocrx_word' id='word_1_20' title='bbox 586 308 774 365; x_wconf 88' lang='lat' dir='ltr'><strong>prosperi</strong></span> <span class='ocrx_word' id='word_1_21' title='bbox 793 323 1003 349; x_wconf 90' lang='lat' dir='ltr'><strong>sacrarum</strong></span> <span class='ocrx_word' id='word_1_22' title='bbox 1025 308 1274 349; x_wconf 88' lang='lat' dir='ltr'><strong>Missionum</strong></span> <span class='ocrx_word' id='word_1_23' title='bbox 1299 317 1489 357; x_wconf 90' lang='lat' dir='ltr'><strong>eventus,</strong></span> <span class='ocrx_word' id='word_1_24' title='bbox 1513 314 1556 346; x_wconf 89' lang='lat' dir='ltr'><strong>et</strong></span> <span class='ocrx_word' id='word_1_25' title='bbox 1578 303 1737 345; x_wconf 85' lang='lat' dir='ltr'><strong>strenui</strong></span> <span class='ocrx_word' id='word_1_26' title='bbox 1762 304 2025 363; x_wconf 78' lang='lat' dir='ltr'><strong>evangelico-</strong></span> 
     </span>
     <span class='ocr_line' id='line_1_4' title="bbox 191 369 2028 429; baseline -0.001 -17"><span class='ocrx_word' id='word_1_27' title='bbox 191 388 287 413; x_wconf 88' lang='lat' dir='ltr'><strong>rum</strong></span> <span class='ocrx_word' id='word_1_28' title='bbox 309 372 597 413; x_wconf 88' lang='lat' dir='ltr'><strong>Ministrorum</strong></span> <span class='ocrx_word' id='word_1_29' title='bbox 621 371 803 423; x_wconf 87' lang='lat' dir='ltr'><strong>labores,</strong></span> <span class='ocrx_word' id='word_1_30' title='bbox 831 372 903 428; x_wconf 91' lang='lat' dir='ltr'><strong>qui</strong></span> <span class='ocrx_word' id='word_1_31' title='bbox 926 372 1157 429; x_wconf 90' lang='lat' dir='ltr'><strong>apostolico</strong></span> <span class='ocrx_word' id='word_1_32' title='bbox 1178 371 1268 413; x_wconf 88' lang='lat' dir='ltr'><strong>zelo</strong></span> <span class='ocrx_word' id='word_1_33' title='bbox 1291 371 1464 420; x_wconf 88' lang='lat' dir='ltr'><strong>incensi,</strong></span> <span class='ocrx_word' id='word_1_34' title='bbox 1489 369 1728 428; x_wconf 83' lang='lat' dir='ltr'><strong>gravissima</strong></span> <span class='ocrx_word' id='word_1_35' title='bbox 1753 385 1928 426; x_wconf 80' lang='lat' dir='ltr'><strong>quaeque</strong></span> <span class='ocrx_word' id='word_1_36' title='bbox 1950 385 2028 426; x_wconf 73' lang='lat' dir='ltr'><strong>pe·v</strong></span> 
     </span>
     <span class='ocr_line' id='line_1_5' title="bbox 190 433 2028 494; baseline -0.002 -16"><span class='ocrx_word' id='word_1_37' title='bbox 190 437 320 479; x_wconf 89' lang='lat' dir='ltr'><strong>ricula</strong></span> <span class='ocrx_word' id='word_1_38' title='bbox 341 449 466 493; x_wconf 88' lang='lat' dir='ltr'><strong>atque</strong></span> <span class='ocrx_word' id='word_1_39' title='bbox 485 436 721 478; x_wconf 89' lang='lat' dir='ltr'><strong>discrimina</strong></span> <span class='ocrx_word' id='word_1_40' title='bbox 742 437 895 478; x_wconf 88' lang='lat' dir='ltr'><strong>invicte</strong></span> <span class='ocrx_word' id='word_1_41' title='bbox 917 437 1209 494; x_wconf 81' lang='lat' dir='ltr'><strong>despicientes,</strong></span> <span class='ocrx_word' id='word_1_42' title='bbox 1230 437 1273 477; x_wconf 91' lang='lat' dir='ltr'><strong>in</strong></span> <span class='ocrx_word' id='word_1_43' title='bbox 1288 434 1576 478; x_wconf 84' lang='lat' dir='ltr'><strong>remotissimis</strong></span> <span class='ocrx_word' id='word_1_44' title='bbox 1593 433 1832 490; x_wconf 85' lang='lat' dir='ltr'><strong>regionibus</strong></span> <span class='ocrx_word' id='word_1_45' title='bbox 1851 433 2028 490; x_wconf 85' lang='lat' dir='ltr'><strong>populos</strong></span> 
     </span>
     <span class='ocr_line' id='line_1_6' title="bbox 191 498 2028 558; baseline -0.003 -14"><span class='ocrx_word' id='word_1_46' title='bbox 191 502 245 544; x_wconf 85' lang='lat' dir='ltr'><strong>ab</strong></span> <span class='ocrx_word' id='word_1_47' title='bbox 264 518 455 544; x_wconf 90' lang='lat' dir='ltr'><strong>errorum</strong></span> <span class='ocrx_word' id='word_1_48' title='bbox 477 502 675 552; x_wconf 85' lang='lat' dir='ltr'><strong>tenebris,</strong></span> <span class='ocrx_word' id='word_1_49' title='bbox 703 517 952 558; x_wconf 90' lang='lat' dir='ltr'><strong>morumque</strong></span> <span class='ocrx_word' id='word_1_50' title='bbox 967 501 1130 543; x_wconf 90' lang='lat' dir='ltr'><strong>feritate</strong></span> <span class='ocrx_word' id='word_1_51' title='bbox 1148 501 1202 542; x_wconf 88' lang='lat' dir='ltr'><strong>ad</strong></span> <span class='ocrx_word' id='word_1_52' title='bbox 1217 501 1431 542; x_wconf 81' lang='lat' dir='ltr'><strong>catholicae</strong></span> <span class='ocrx_word' id='word_1_53' title='bbox 1449 499 1635 541; x_wconf 86' lang='lat' dir='ltr'><strong>veritatis</strong></span> <span class='ocrx_word' id='word_1_54' title='bbox 1658 498 1816 548; x_wconf 89' lang='lat' dir='ltr'><strong>lumen,</strong></span> <span class='ocrx_word' id='word_1_55' title='bbox 1839 513 2028 539; x_wconf 92' lang='lat' dir='ltr'><strong>omnem-</strong></span> 
     </span>
     <span class='ocr_line' id='line_1_7' title="bbox 191 561 2027 625; baseline -0.003 -16"><span class='ocrx_word' id='word_1_56' title='bbox 191 582 271 625; x_wconf 91' lang='lat' dir='ltr'><strong>que</strong></span> <span class='ocrx_word' id='word_1_57' title='bbox 294 567 457 609; x_wconf 89' lang='lat' dir='ltr'><strong>virtutis</strong></span> <span class='ocrx_word' id='word_1_58' title='bbox 484 578 526 609; x_wconf 90' lang='lat' dir='ltr'><strong>et</strong></span> <span class='ocrx_word' id='word_1_59' title='bbox 548 567 819 609; x_wconf 89' lang='lat' dir='ltr'><strong>humanitatis</strong></span> <span class='ocrx_word' id='word_1_60' title='bbox 843 566 1002 607; x_wconf 91' lang='lat' dir='ltr'><strong>cultum</strong></span> <span class='ocrx_word' id='word_1_61' title='bbox 1032 566 1268 617; x_wconf 83' lang='lat' dir='ltr'><strong>traducere,</strong></span> <span class='ocrx_word' id='word_1_62' title='bbox 1294 582 1341 607; x_wconf 92' lang='lat' dir='ltr'><strong>ac</strong></span> <span class='ocrx_word' id='word_1_63' title='bbox 1368 582 1444 624; x_wconf 90' lang='lat' dir='ltr'><strong>pro</strong></span> <span class='ocrx_word' id='word_1_64' title='bbox 1470 566 1547 606; x_wconf 92' lang='lat' dir='ltr'><strong>Dei</strong></span> <span class='ocrx_word' id='word_1_65' title='bbox 1571 564 1703 622; x_wconf 90' lang='lat' dir='ltr'><strong>gloria</strong></span> <span class='ocrx_word' id='word_1_66' title='bbox 1730 574 1772 604; x_wconf 90' lang='lat' dir='ltr'><strong>et</strong></span> <span class='ocrx_word' id='word_1_67' title='bbox 1792 561 2027 604; x_wconf 80' lang='lat' dir='ltr'><strong>animarum</strong></span> 
     </span>
     <span class='ocr_line' id='line_1_8' title="bbox 191 626 2027 690; baseline -0.003 -16"><span class='ocrx_word' id='word_1_68' title='bbox 191 633 322 674; x_wconf 89' lang='lat' dir='ltr'><strong>salute</strong></span> <span class='ocrx_word' id='word_1_69' title='bbox 342 633 503 674; x_wconf 85' lang='lat' dir='ltr'><strong>fortiter</strong></span> <span class='ocrx_word' id='word_1_70' title='bbox 519 647 706 690; x_wconf 87' lang='lat' dir='ltr'><strong>pugnare</strong></span> <span class='ocrx_word' id='word_1_71' title='bbox 726 648 812 672; x_wconf 88' lang='lat' dir='ltr'><strong>non</strong></span> <span class='ocrx_word' id='word_1_72' title='bbox 832 631 1044 681; x_wconf 86' lang='lat' dir='ltr'><strong>desinunt,</strong></span> <span class='ocrx_word' id='word_1_73' title='bbox 1070 642 1111 672; x_wconf 90' lang='lat' dir='ltr'><strong>et</strong></span> <span class='ocrx_word' id='word_1_74' title='bbox 1130 630 1386 689; x_wconf 87' lang='lat' dir='ltr'><strong>pientissima</strong></span> <span class='ocrx_word' id='word_1_75' title='bbox 1412 646 1459 671; x_wconf 87' lang='lat' dir='ltr'><strong>ac</strong></span> <span class='ocrx_word' id='word_1_76' title='bbox 1479 629 1600 687; x_wconf 85' lang='lat' dir='ltr'><strong>plane</strong></span> <span class='ocrx_word' id='word_1_77' title='bbox 1620 629 1770 670; x_wconf 81' lang='lat' dir='ltr'><strong>eximia</strong></span> <span class='ocrx_word' id='word_1_78' title='bbox 1794 626 2027 668; x_wconf 85' lang='lat' dir='ltr'><strong>catholico-</strong></span> 
     </span>
     <span class='ocr_line' id='line_1_9' title="bbox 192 691 2030 755; baseline -0.004 -16"><span class='ocrx_word' id='word_1_79' title='bbox 192 713 288 739; x_wconf 85' lang='lat' dir='ltr'><strong>rum</strong></span> <span class='ocrx_word' id='word_1_80' title='bbox 309 697 562 755; x_wconf 85' lang='lat' dir='ltr'><strong>populorum</strong></span> <span class='ocrx_word' id='word_1_81' title='bbox 584 696 735 746; x_wconf 86' lang='lat' dir='ltr'><strong>studia,</strong></span> <span class='ocrx_word' id='word_1_82' title='bbox 755 697 825 754; x_wconf 93' lang='lat' dir='ltr'><strong>qui</strong></span> <span class='ocrx_word' id='word_1_83' title='bbox 842 697 1006 738; x_wconf 84' lang='lat' dir='ltr'><strong>Nostris</strong></span> <span class='ocrx_word' id='word_1_84' title='bbox 1027 695 1241 737; x_wconf 84' lang='lat' dir='ltr'><strong>desideriis</strong></span> <span class='ocrx_word' id='word_1_85' title='bbox 1259 694 1430 736; x_wconf 88' lang='lat' dir='ltr'><strong>mirifice</strong></span> <span class='ocrx_word' id='word_1_86' title='bbox 1457 693 1791 736; x_wconf 79' lang='lat' dir='ltr'><strong>obsecundantes</strong></span> <span class='ocrx_word' id='word_1_87' title='bbox 1816 707 1903 732; x_wconf 88' lang='lat' dir='ltr'><strong>non</strong></span> <span class='ocrx_word' id='word_1_88' title='bbox 1924 691 2030 733; x_wconf 89' lang='lat' dir='ltr'><strong>levia</strong></span> 
     </span>
     <span class='ocr_line' id='line_1_10' title="bbox 192 756 2025 819; baseline -0.004 -15"><span class='ocrx_word' id='word_1_89' title='bbox 192 762 354 805; x_wconf 83' lang='lat' dir='ltr'><strong>afflictae</strong></span> <span class='ocrx_word' id='word_1_90' title='bbox 388 777 621 819; x_wconf 81' lang='lat' dir='ltr'><strong>pauperum</strong></span> <span class='ocrx_word' id='word_1_91' title='bbox 658 760 945 802; x_wconf 87' lang='lat' dir='ltr'><strong>Hibernorum</strong></span> <span class='ocrx_word' id='word_1_92' title='bbox 976 761 1088 819; x_wconf 86' lang='lat' dir='ltr'><strong>genti</strong></span> <span class='ocrx_word' id='word_1_93' title='bbox 1118 759 1304 802; x_wconf 83' lang='lat' dir='ltr'><strong>subsidia</strong></span> <span class='ocrx_word' id='word_1_94' title='bbox 1337 761 1523 818; x_wconf 78' lang='lat' dir='ltr'><strong>praebere</strong></span> <span class='ocrx_word' id='word_1_95' title='bbox 1552 758 1667 800; x_wconf 88' lang='lat' dir='ltr'><strong>haud</strong></span> <span class='ocrx_word' id='word_1_96' title='bbox 1698 756 2025 805; x_wconf 82' lang='lat' dir='ltr'><strong>intermiserunt,</strong></span> 
     </span>
     <span class='ocr_line' id='line_1_11' title="bbox 193 821 2030 885; baseline -0.004 -16"><span class='ocrx_word' id='word_1_97' title='bbox 193 827 348 885; x_wconf 89' lang='lat' dir='ltr'><strong>quique</strong></span> <span class='ocrx_word' id='word_1_98' title='bbox 371 838 458 867; x_wconf 89' lang='lat' dir='ltr'><strong>tum</strong></span> <span class='ocrx_word' id='word_1_99' title='bbox 482 826 770 884; x_wconf 84' lang='lat' dir='ltr'><strong>largitionibus</strong></span> <span class='ocrx_word' id='word_1_100' title='bbox 795 826 847 866; x_wconf 89' lang='lat' dir='ltr'><strong>ad</strong></span> <span class='ocrx_word' id='word_1_101' title='bbox 870 826 958 867; x_wconf 92' lang='lat' dir='ltr'><strong>Nos</strong></span> <span class='ocrx_word' id='word_1_102' title='bbox 974 826 1101 866; x_wconf 89' lang='lat' dir='ltr'><strong>etiam</strong></span> <span class='ocrx_word' id='word_1_103' title='bbox 1124 825 1273 874; x_wconf 88' lang='lat' dir='ltr'><strong>missis,</strong></span> <span class='ocrx_word' id='word_1_104' title='bbox 1295 835 1386 865; x_wconf 87' lang='lat' dir='ltr'><strong>tum</strong></span> <span class='ocrx_word' id='word_1_105' title='bbox 1411 823 1583 865; x_wconf 83' lang='lat' dir='ltr'><strong>assiduis</strong></span> <span class='ocrx_word' id='word_1_106' title='bbox 1605 822 1657 864; x_wconf 90' lang='lat' dir='ltr'><strong>ad</strong></span> <span class='ocrx_word' id='word_1_107' title='bbox 1678 823 1816 863; x_wconf 86' lang='lat' dir='ltr'><strong>Deum</strong></span> <span class='ocrx_word' id='word_1_108' title='bbox 1836 821 2030 878; x_wconf 89' lang='lat' dir='ltr'><strong>precibus</strong></span> 
     </span>
     <span class='ocr_line' id='line_1_12' title="bbox 192 885 2031 949; baseline -0.004 -16"><span class='ocrx_word' id='word_1_109' title='bbox 192 907 365 933; x_wconf 89' lang='lat' dir='ltr'><strong>omnem</strong></span> <span class='ocrx_word' id='word_1_110' title='bbox 383 906 508 949; x_wconf 91' lang='lat' dir='ltr'><strong>opem</strong></span> <span class='ocrx_word' id='word_1_111' title='bbox 530 890 722 931; x_wconf 84' lang='lat' dir='ltr'><strong>conferre</strong></span> <span class='ocrx_word' id='word_1_112' title='bbox 740 905 827 931; x_wconf 89' lang='lat' dir='ltr'><strong>non</strong></span> <span class='ocrx_word' id='word_1_113' title='bbox 847 901 1022 940; x_wconf 87' lang='lat' dir='ltr'><strong>cessant,</strong></span> <span class='ocrx_word' id='word_1_114' title='bbox 1051 900 1097 930; x_wconf 91' lang='lat' dir='ltr'><strong>ut</strong></span> <span class='ocrx_word' id='word_1_115' title='bbox 1120 890 1376 930; x_wconf 88' lang='lat' dir='ltr'><strong>sanctissima</strong></span> <span class='ocrx_word' id='word_1_116' title='bbox 1402 889 1554 929; x_wconf 81' lang='lat' dir='ltr'><strong>Christi</strong></span> <span class='ocrx_word' id='word_1_117' title='bbox 1574 887 1677 929; x_wconf 87' lang='lat' dir='ltr'><strong>fides</strong></span> <span class='ocrx_word' id='word_1_118' title='bbox 1701 899 1823 942; x_wconf 87' lang='lat' dir='ltr'><strong>atque</strong></span> <span class='ocrx_word' id='word_1_119' title='bbox 1841 885 2031 927; x_wconf 86' lang='lat' dir='ltr'><strong>doctrina</strong></span> 
     </span>
     <span class='ocr_line' id='line_1_13' title="bbox 191 951 2032 1014; baseline -0.003 -18"><span class='ocrx_word' id='word_1_120' title='bbox 191 955 317 1014; x_wconf 86' lang='lat' dir='ltr'><strong>longe</strong></span> <span class='ocrx_word' id='word_1_121' title='bbox 340 957 509 1013; x_wconf 91' lang='lat' dir='ltr'><strong>lateque</strong></span> <span class='ocrx_word' id='word_1_122' title='bbox 528 954 685 1011; x_wconf 82' lang='lat' dir='ltr'><strong>ubique</strong></span> <span class='ocrx_word' id='word_1_123' title='bbox 700 955 902 1011; x_wconf 85' lang='lat' dir='ltr'><strong>gentium,</strong></span> <span class='ocrx_word' id='word_1_124' title='bbox 928 955 1086 1010; x_wconf 88' lang='lat' dir='ltr'><strong>ubique</strong></span> <span class='ocrx_word' id='word_1_125' title='bbox 1106 964 1309 993; x_wconf 87' lang='lat' dir='ltr'><strong>terrarum</strong></span> <span class='ocrx_word' id='word_1_126' title='bbox 1332 951 1441 994; x_wconf 80' lang='lat' dir='ltr'><strong>felici</strong></span> <span class='ocrx_word' id='word_1_127' title='bbox 1463 952 1682 1009; x_wconf 85' lang='lat' dir='ltr'><strong>faustoque</strong></span> <span class='ocrx_word' id='word_1_128' title='bbox 1701 966 1921 1009; x_wconf 80' lang='lat' dir='ltr'><strong>progressu</strong></span> <span class='ocrx_word' id='word_1_129' title='bbox 1944 965 2032 991; x_wconf 89' lang='lat' dir='ltr'><strong>ma-</strong></span> 
     </span>
     <span class='ocr_line' id='line_1_14' title="bbox 193 1016 2031 1079; baseline -0.003 -18"><span class='ocrx_word' id='word_1_130' title='bbox 193 1020 254 1078; x_wconf 86' lang='lat' dir='ltr'><strong>gis</strong></span> <span class='ocrx_word' id='word_1_131' title='bbox 280 1023 497 1079; x_wconf 86' lang='lat' dir='ltr'><strong>magisque</strong></span> <span class='ocrx_word' id='word_1_132' title='bbox 522 1029 793 1076; x_wconf 84' lang='lat' dir='ltr'><strong>propagetur.</strong></span> <span class='ocrx_word' id='word_1_133' title='bbox 821 1019 924 1070; x_wconf 78' lang='lat' dir='ltr'><strong>Quae</strong></span> <span class='ocrx_word' id='word_1_134' title='bbox 957 1018 1152 1075; x_wconf 73' lang='lat' dir='ltr'><strong>praeclara</strong></span> <span class='ocrx_word' id='word_1_135' title='bbox 1185 1033 1311 1074; x_wconf 89' lang='lat' dir='ltr'><strong>opera</strong></span> <span class='ocrx_word' id='word_1_136' title='bbox 1339 1016 1455 1058; x_wconf 91' lang='lat' dir='ltr'><strong>omni</strong></span> <span class='ocrx_word' id='word_1_137' title='bbox 1483 1028 1592 1059; x_wconf 88' lang='lat' dir='ltr'><strong>certe</strong></span> <span class='ocrx_word' id='word_1_138' title='bbox 1620 1017 1796 1058; x_wconf 83' lang='lat' dir='ltr'><strong>laudum</strong></span> <span class='ocrx_word' id='word_1_139' title='bbox 1824 1016 2031 1073; x_wconf 73' lang='lat' dir='ltr'><strong>praeconio</strong></span> 
     </span>
     <span class='ocr_line' id='line_1_15' title="bbox 194 1080 2033 1143; baseline -0.003 -16"><span class='ocrx_word' id='word_1_140' title='bbox 194 1085 321 1143; x_wconf 84' lang='lat' dir='ltr'><strong>digna</strong></span> <span class='ocrx_word' id='word_1_141' title='bbox 346 1086 445 1127; x_wconf 90' lang='lat' dir='ltr'><strong>dum</strong></span> <span class='ocrx_word' id='word_1_142' title='bbox 472 1083 671 1141; x_wconf 85' lang='lat' dir='ltr'><strong>peculiari</strong></span> <span class='ocrx_word' id='word_1_143' title='bbox 690 1081 913 1140; x_wconf 84' lang='lat' dir='ltr'><strong>gratissimi</strong></span> <span class='ocrx_word' id='word_1_144' title='bbox 942 1081 1070 1122; x_wconf 88' lang='lat' dir='ltr'><strong>animi</strong></span> <span class='ocrx_word' id='word_1_145' title='bbox 1088 1081 1231 1123; x_wconf 86' lang='lat' dir='ltr'><strong>Nostri</strong></span> <span class='ocrx_word' id='word_1_146' title='bbox 1260 1081 1550 1123; x_wconf 85' lang='lat' dir='ltr'><strong>testificatione</strong></span> <span class='ocrx_word' id='word_1_147' title='bbox 1574 1081 1884 1140; x_wconf 86' lang='lat' dir='ltr'><strong>prosequimur,</strong></span> <span class='ocrx_word' id='word_1_148' title='bbox 1907 1096 1930 1121; x_wconf 86' lang='lat' dir='ltr'><strong>a</strong></span> <span class='ocrx_word' id='word_1_149' title='bbox 1948 1080 2033 1122; x_wconf 89' lang='lat' dir='ltr'><strong>cle-</strong></span> 
     </span>
     <span class='ocr_line' id='line_1_16' title="bbox 192 1145 2032 1204; baseline -0.003 -12"><span class='ocrx_word' id='word_1_150' title='bbox 192 1151 450 1192; x_wconf 88' lang='lat' dir='ltr'><strong>mentissimo</strong></span> <span class='ocrx_word' id='word_1_151' title='bbox 480 1150 693 1189; x_wconf 86' lang='lat' dir='ltr'><strong>bonorum</strong></span> <span class='ocrx_word' id='word_1_152' title='bbox 723 1148 914 1188; x_wconf 85' lang='lat' dir='ltr'><strong>omnium</strong></span> <span class='ocrx_word' id='word_1_153' title='bbox 946 1145 1142 1204; x_wconf 83' lang='lat' dir='ltr'><strong>largitore</strong></span> <span class='ocrx_word' id='word_1_154' title='bbox 1169 1147 1260 1186; x_wconf 93' lang='lat' dir='ltr'><strong>Deo</strong></span> <span class='ocrx_word' id='word_1_155' title='bbox 1286 1146 1501 1187; x_wconf 88' lang='lat' dir='ltr'><strong>humiliter</strong></span> <span class='ocrx_word' id='word_1_156' title='bbox 1517 1147 1745 1204; x_wconf 86' lang='lat' dir='ltr'><strong>poscimus,</strong></span> <span class='ocrx_word' id='word_1_157' title='bbox 1770 1145 2032 1196; x_wconf 76' lang='lat' dir='ltr'><strong>utfidelibus</strong></span> 
     </span>
    </p>
   </div>
   <div class='ocr_carea' id='block_1_3' title="bbox 192 1210 1471 1271">
    <p class='ocr_par' dir='ltr' id='par_1_3' title="bbox 192 1210 1471 1271">
     <span class='ocr_line' id='line_1_17' title="bbox 192 1210 1471 1271; baseline -0.003 -15"><span class='ocrx_word' id='word_1_158' title='bbox 192 1217 274 1256; x_wconf 90' lang='lat' dir='ltr'><strong>suis</strong></span> <span class='ocrx_word' id='word_1_159' title='bbox 295 1216 468 1258; x_wconf 87' lang='lat' dir='ltr'><strong>uberem</strong></span> <span class='ocrx_word' id='word_1_160' title='bbox 488 1229 565 1271; x_wconf 89' lang='lat' dir='ltr'><strong>pro</strong></span> <span class='ocrx_word' id='word_1_161' title='bbox 584 1212 664 1254; x_wconf 88' lang='lat' dir='ltr'><strong>illis</strong></span> <span class='ocrx_word' id='word_1_162' title='bbox 681 1213 887 1253; x_wconf 82' lang='lat' dir='ltr'><strong>retribuat</strong></span> <span class='ocrx_word' id='word_1_163' title='bbox 908 1212 952 1252; x_wconf 91' lang='lat' dir='ltr'><strong>in</strong></span> <span class='ocrx_word' id='word_1_164' title='bbox 969 1211 1197 1252; x_wconf 83' lang='lat' dir='ltr'><strong>aeternitate</strong></span> <span class='ocrx_word' id='word_1_165' title='bbox 1216 1210 1471 1252; x_wconf 88' lang='lat' dir='ltr'><strong>mercedem.</strong></span> 
     </span>
    </p>
   </div>
   <div class='ocr_carea' id='block_1_4' title="bbox 162 1492 2036 2589">
    <p class='ocr_par' dir='ltr' id='par_1_4' title="bbox 162 1492 2036 2589">
     <span class='ocr_line' id='line_1_18' title="bbox 251 1492 2032 1552; baseline -0.003 -13"><span class='ocrx_word' id='word_1_166' title='bbox 251 1497 442 1547; x_wconf 87' lang='lat' dir='ltr'><strong>Habetis,</strong></span> <span class='ocrx_word' id='word_1_167' title='bbox 466 1494 738 1537; x_wconf 86' lang='lat' dir='ltr'><strong>Venerabiles</strong></span> <span class='ocrx_word' id='word_1_168' title='bbox 767 1495 946 1544; x_wconf 83' lang='lat' dir='ltr'><strong>Fratres,</strong></span> <span class='ocrx_word' id='word_1_169' title='bbox 980 1509 1070 1551; x_wconf 61' lang='lat' dir='ltr'><strong>quse</strong></span> <span class='ocrx_word' id='word_1_170' title='bbox 1089 1495 1209 1536; x_wconf 89' lang='lat' dir='ltr'><strong>vobis</strong></span> <span class='ocrx_word' id='word_1_171' title='bbox 1231 1493 1442 1536; x_wconf 89' lang='lat' dir='ltr'><strong>hodierno</strong></span> <span class='ocrx_word' id='word_1_172' title='bbox 1468 1494 1536 1535; x_wconf 92' lang='lat' dir='ltr'><strong>die</strong></span> <span class='ocrx_word' id='word_1_173' title='bbox 1570 1493 1841 1552; x_wconf 85' lang='lat' dir='ltr'><strong>significanda</strong></span> <span class='ocrx_word' id='word_1_174' title='bbox 1865 1492 2032 1549; x_wconf 87' lang='lat' dir='ltr'><strong>judica-</strong></span> 
     </span>
     <span class='ocr_line' id='line_1_19' title="bbox 192 1558 2036 1617; baseline -0.003 -12"><span class='ocrx_word' id='word_1_175' title='bbox 192 1565 344 1605; x_wconf 81' lang='lat' dir='ltr'><strong>vimus.</strong></span> <span class='ocrx_word' id='word_1_176' title='bbox 367 1564 471 1604; x_wconf 89' lang='lat' dir='ltr'><strong>Cum</strong></span> <span class='ocrx_word' id='word_1_177' title='bbox 492 1572 631 1602; x_wconf 89' lang='lat' dir='ltr'><strong>autem</strong></span> <span class='ocrx_word' id='word_1_178' title='bbox 653 1561 762 1601; x_wconf 86' lang='lat' dir='ltr'><strong>hanc</strong></span> <span class='ocrx_word' id='word_1_179' title='bbox 781 1560 979 1600; x_wconf 86' lang='lat' dir='ltr'><strong>Nostram</strong></span> <span class='ocrx_word' id='word_1_180' title='bbox 998 1559 1306 1601; x_wconf 82' lang='lat' dir='ltr'><strong>Allocutionem</strong></span> <span class='ocrx_word' id='word_1_181' title='bbox 1324 1558 1365 1600; x_wconf 91' lang='lat' dir='ltr'><strong>in</strong></span> <span class='ocrx_word' id='word_1_182' title='bbox 1383 1559 1600 1617; x_wconf 88' lang='lat' dir='ltr'><strong>publicum</strong></span> <span class='ocrx_word' id='word_1_183' title='bbox 1618 1558 1808 1600; x_wconf 88' lang='lat' dir='ltr'><strong>emittere</strong></span> <span class='ocrx_word' id='word_1_184' title='bbox 1828 1558 2036 1600; x_wconf 86' lang='lat' dir='ltr'><strong>censueri-</strong></span> 
     </span>
     <span class='ocr_line' id='line_1_20' title="bbox 191 1623 2030 1681; baseline -0.003 -11"><span class='ocrx_word' id='word_1_185' title='bbox 191 1644 299 1678; x_wconf 87' lang='lat' dir='ltr'><strong>mus,</strong></span> <span class='ocrx_word' id='word_1_186' title='bbox 324 1628 404 1669; x_wconf 89' lang='lat' dir='ltr'><strong>hac</strong></span> <span class='ocrx_word' id='word_1_187' title='bbox 432 1627 652 1667; x_wconf 85' lang='lat' dir='ltr'><strong>occasione</strong></span> <span class='ocrx_word' id='word_1_188' title='bbox 676 1640 915 1665; x_wconf 89' lang='lat' dir='ltr'><strong>sermonem</strong></span> <span class='ocrx_word' id='word_1_189' title='bbox 938 1625 1143 1665; x_wconf 89' lang='lat' dir='ltr'><strong>Nostrum</strong></span> <span class='ocrx_word' id='word_1_190' title='bbox 1166 1625 1219 1665; x_wconf 89' lang='lat' dir='ltr'><strong>ad</strong></span> <span class='ocrx_word' id='word_1_191' title='bbox 1243 1624 1345 1665; x_wconf 88' lang='lat' dir='ltr'><strong>alios</strong></span> <span class='ocrx_word' id='word_1_192' title='bbox 1367 1640 1535 1681; x_wconf 88' lang='lat' dir='ltr'><strong>quoque</strong></span> <span class='ocrx_word' id='word_1_193' title='bbox 1554 1623 1825 1665; x_wconf 79' lang='lat' dir='ltr'><strong>Venerabiles</strong></span> <span class='ocrx_word' id='word_1_194' title='bbox 1853 1624 2030 1674; x_wconf 84' lang='lat' dir='ltr'><strong>Fratres,</strong></span> 
     </span>
     <span class='ocr_line' id='line_1_21' title="bbox 162 1688 2034 1747; baseline -0.002 -13"><span class='ocrx_word' id='word_1_195' title='bbox 162 1738 167 1740; x_wconf 25' lang='lat' dir='ltr'><em>s</em></span> <span class='ocrx_word' id='word_1_196' title='bbox 192 1692 375 1734; x_wconf 90' lang='lat' dir='ltr'><strong>universi</strong></span> <span class='ocrx_word' id='word_1_197' title='bbox 405 1689 597 1732; x_wconf 85' lang='lat' dir='ltr'><strong>catholici</strong></span> <span class='ocrx_word' id='word_1_198' title='bbox 630 1690 744 1730; x_wconf 90' lang='lat' dir='ltr'><strong>orbis</strong></span> <span class='ocrx_word' id='word_1_199' title='bbox 774 1690 1051 1739; x_wconf 76' lang='lat' dir='ltr'><strong>Patriarclias,</strong></span> <span class='ocrx_word' id='word_1_200' title='bbox 1085 1688 1452 1747; x_wconf 84' lang='lat' dir='ltr'><strong>Archiepiscopos,</strong></span> <span class='ocrx_word' id='word_1_201' title='bbox 1483 1690 1738 1746; x_wconf 87' lang='lat' dir='ltr'><strong>Episcopos,</strong></span> <span class='ocrx_word' id='word_1_202' title='bbox 1771 1699 1861 1729; x_wconf 89' lang='lat' dir='ltr'><strong>toto</strong></span> <span class='ocrx_word' id='word_1_203' title='bbox 1895 1688 2034 1730; x_wconf 89' lang='lat' dir='ltr'><strong>cordis</strong></span> 
     </span>
     <span class='ocr_line' id='line_1_22' title="bbox 194 1753 2035 1812; baseline -0.002 -14"><span class='ocrx_word' id='word_1_204' title='bbox 194 1756 346 1798; x_wconf 86' lang='lat' dir='ltr'><strong>affectu</strong></span> <span class='ocrx_word' id='word_1_205' title='bbox 379 1755 675 1804; x_wconf 84' lang='lat' dir='ltr'><strong>convertimus,</strong></span> <span class='ocrx_word' id='word_1_206' title='bbox 701 1769 856 1810; x_wconf 88' lang='lat' dir='ltr'><strong>eosque</strong></span> <span class='ocrx_word' id='word_1_207' title='bbox 884 1769 1034 1794; x_wconf 88' lang='lat' dir='ltr'><strong>omnes</strong></span> <span class='ocrx_word' id='word_1_208' title='bbox 1064 1764 1105 1794; x_wconf 92' lang='lat' dir='ltr'><strong>et</strong></span> <span class='ocrx_word' id='word_1_209' title='bbox 1136 1754 1319 1812; x_wconf 84' lang='lat' dir='ltr'><strong>singulos</strong></span> <span class='ocrx_word' id='word_1_210' title='bbox 1348 1754 1632 1803; x_wconf 86' lang='lat' dir='ltr'><strong>obsecramus,</strong></span> <span class='ocrx_word' id='word_1_211' title='bbox 1664 1764 1785 1809; x_wconf 88' lang='lat' dir='ltr'><strong>atque</strong></span> <span class='ocrx_word' id='word_1_212' title='bbox 1814 1753 2035 1794; x_wconf 86' lang='lat' dir='ltr'><strong>hortamur</strong></span> 
     </span>
     <span class='ocr_line' id='line_1_23' title="bbox 192 1816 2033 1874; baseline -0.003 -11"><span class='ocrx_word' id='word_1_213' title='bbox 192 1822 235 1863; x_wconf 88' lang='lat' dir='ltr'><strong>in</strong></span> <span class='ocrx_word' id='word_1_214' title='bbox 261 1822 446 1863; x_wconf 89' lang='lat' dir='ltr'><strong>Domino</strong></span> <span class='ocrx_word' id='word_1_215' title='bbox 467 1831 512 1861; x_wconf 90' lang='lat' dir='ltr'><strong>ut</strong></span> <span class='ocrx_word' id='word_1_216' title='bbox 535 1820 672 1861; x_wconf 89' lang='lat' dir='ltr'><strong>stabili</strong></span> <span class='ocrx_word' id='word_1_217' title='bbox 697 1819 806 1859; x_wconf 87' lang='lat' dir='ltr'><strong>inter</strong></span> <span class='ocrx_word' id='word_1_218' title='bbox 826 1834 867 1859; x_wconf 91' lang='lat' dir='ltr'><strong>se</strong></span> <span class='ocrx_word' id='word_1_219' title='bbox 889 1819 1117 1859; x_wconf 88' lang='lat' dir='ltr'><strong>concordia</strong></span> <span class='ocrx_word' id='word_1_220' title='bbox 1142 1830 1183 1859; x_wconf 88' lang='lat' dir='ltr'><strong>et</strong></span> <span class='ocrx_word' id='word_1_221' title='bbox 1214 1819 1385 1860; x_wconf 86' lang='lat' dir='ltr'><strong>caritate</strong></span> <span class='ocrx_word' id='word_1_222' title='bbox 1406 1818 1634 1873; x_wconf 84' lang='lat' dir='ltr'><strong>conjuncti,</strong></span> <span class='ocrx_word' id='word_1_223' title='bbox 1656 1828 1780 1874; x_wconf 86' lang='lat' dir='ltr'><strong>atque</strong></span> <span class='ocrx_word' id='word_1_224' title='bbox 1802 1816 2033 1858; x_wconf 85' lang='lat' dir='ltr'><strong>arctissimo</strong></span> 
     </span>
     <span class='ocr_line' id='line_1_24' title="bbox 193 1881 2035 1939; baseline -0.004 -10"><span class='ocrx_word' id='word_1_225' title='bbox 193 1887 292 1929; x_wconf 83' lang='lat' dir='ltr'><strong>fidei</strong></span> <span class='ocrx_word' id='word_1_226' title='bbox 317 1898 358 1928; x_wconf 88' lang='lat' dir='ltr'><strong>et</strong></span> <span class='ocrx_word' id='word_1_227' title='bbox 383 1884 658 1927; x_wconf 74' lang='lat' dir='ltr'><strong>observantiae</strong></span> <span class='ocrx_word' id='word_1_228' title='bbox 690 1882 858 1925; x_wconf 89' lang='lat' dir='ltr'><strong>vinculo</strong></span> <span class='ocrx_word' id='word_1_229' title='bbox 881 1883 1015 1924; x_wconf 92' lang='lat' dir='ltr'><strong>Nobis</strong></span> <span class='ocrx_word' id='word_1_230' title='bbox 1045 1894 1086 1924; x_wconf 92' lang='lat' dir='ltr'><strong>et</strong></span> <span class='ocrx_word' id='word_1_231' title='bbox 1112 1883 1210 1925; x_wconf 84' lang='lat' dir='ltr'><strong>huic</strong></span> <span class='ocrx_word' id='word_1_232' title='bbox 1239 1884 1353 1924; x_wconf 89' lang='lat' dir='ltr'><strong>Petri</strong></span> <span class='ocrx_word' id='word_1_233' title='bbox 1377 1883 1596 1924; x_wconf 82' lang='lat' dir='ltr'><strong>Cathedrae</strong></span> <span class='ocrx_word' id='word_1_234' title='bbox 1631 1881 1833 1932; x_wconf 79' lang='lat' dir='ltr'><strong>obstricti,</strong></span> <span class='ocrx_word' id='word_1_235' title='bbox 1860 1881 2035 1939; x_wconf 75' lang='lat' dir='ltr'><strong>perFecti</strong></span> 
     </span>
     <span class='ocr_line' id='line_1_25' title="bbox 194 1945 2035 2005; baseline -0.004 -12"><span class='ocrx_word' id='word_1_236' title='bbox 194 1951 275 1993; x_wconf 89' lang='lat' dir='ltr'><strong>sint</strong></span> <span class='ocrx_word' id='word_1_237' title='bbox 296 1951 339 1992; x_wconf 91' lang='lat' dir='ltr'><strong>in</strong></span> <span class='ocrx_word' id='word_1_238' title='bbox 358 1951 511 1993; x_wconf 88' lang='lat' dir='ltr'><strong>eodem</strong></span> <span class='ocrx_word' id='word_1_239' title='bbox 534 1965 654 1991; x_wconf 87' lang='lat' dir='ltr'><strong>sensu</strong></span> <span class='ocrx_word' id='word_1_240' title='bbox 683 1960 724 1990; x_wconf 85' lang='lat' dir='ltr'><strong>et</strong></span> <span class='ocrx_word' id='word_1_241' title='bbox 742 1949 786 1989; x_wconf 90' lang='lat' dir='ltr'><strong>in</strong></span> <span class='ocrx_word' id='word_1_242' title='bbox 806 1948 957 1989; x_wconf 87' lang='lat' dir='ltr'><strong>eadem</strong></span> <span class='ocrx_word' id='word_1_243' title='bbox 984 1947 1203 1998; x_wconf 87' lang='lat' dir='ltr'><strong>sententia,</strong></span> <span class='ocrx_word' id='word_1_244' title='bbox 1228 1959 1352 2005; x_wconf 90' lang='lat' dir='ltr'><strong>atque</strong></span> <span class='ocrx_word' id='word_1_245' title='bbox 1372 1948 1569 1989; x_wconf 82' lang='lat' dir='ltr'><strong>humanis</strong></span> <span class='ocrx_word' id='word_1_246' title='bbox 1593 1947 1827 2004; x_wconf 88' lang='lat' dir='ltr'><strong>quibusque</strong></span> <span class='ocrx_word' id='word_1_247' title='bbox 1847 1945 2035 2004; x_wconf 78' lang='lat' dir='ltr'><strong>sepositis</strong></span> 
     </span>
     <span class='ocr_line' id='line_1_26' title="bbox 193 2011 2029 2069; baseline -0.004 -11"><span class='ocrx_word' id='word_1_248' title='bbox 193 2016 442 2065; x_wconf 85' lang='lat' dir='ltr'><strong>rationibus,</strong></span> <span class='ocrx_word' id='word_1_249' title='bbox 467 2027 509 2057; x_wconf 88' lang='lat' dir='ltr'><strong>et</strong></span> <span class='ocrx_word' id='word_1_250' title='bbox 540 2015 675 2055; x_wconf 92' lang='lat' dir='ltr'><strong>solum</strong></span> <span class='ocrx_word' id='word_1_251' title='bbox 704 2014 841 2054; x_wconf 90' lang='lat' dir='ltr'><strong>Deum</strong></span> <span class='ocrx_word' id='word_1_252' title='bbox 879 2012 934 2053; x_wconf 91' lang='lat' dir='ltr'><strong>ob</strong></span> <span class='ocrx_word' id='word_1_253' title='bbox 966 2012 1109 2054; x_wconf 88' lang='lat' dir='ltr'><strong>oculos</strong></span> <span class='ocrx_word' id='word_1_254' title='bbox 1140 2013 1359 2063; x_wconf 83' lang='lat' dir='ltr'><strong>habentes,</strong></span> <span class='ocrx_word' id='word_1_255' title='bbox 1394 2013 1580 2068; x_wconf 89' lang='lat' dir='ltr'><strong>Ejusque</strong></span> <span class='ocrx_word' id='word_1_256' title='bbox 1617 2011 1816 2052; x_wconf 81' lang='lat' dir='ltr'><strong>auxilium</strong></span> <span class='ocrx_word' id='word_1_257' title='bbox 1846 2012 2029 2069; x_wconf 82' lang='lat' dir='ltr'><strong>jugibus,</strong></span> 
     </span>
     <span class='ocr_line' id='line_1_27' title="bbox 194 2076 2035 2137; baseline -0.004 -15"><span class='ocrx_word' id='word_1_258' title='bbox 194 2078 447 2137; x_wconf 86' lang='lat' dir='ltr'><strong>fervidisque</strong></span> <span class='ocrx_word' id='word_1_259' title='bbox 470 2079 664 2137; x_wconf 88' lang='lat' dir='ltr'><strong>precibus</strong></span> <span class='ocrx_word' id='word_1_260' title='bbox 693 2078 983 2135; x_wconf 87' lang='lat' dir='ltr'><strong>implorantes,</strong></span> <span class='ocrx_word' id='word_1_261' title='bbox 1011 2078 1114 2118; x_wconf 88' lang='lat' dir='ltr'><strong>nihil</strong></span> <span class='ocrx_word' id='word_1_262' title='bbox 1134 2077 1375 2135; x_wconf 66' lang='lat' dir='ltr'><strong>vigilantiae,</strong></span> <span class='ocrx_word' id='word_1_263' title='bbox 1404 2077 1508 2118; x_wconf 89' lang='lat' dir='ltr'><strong>nibil</strong></span> <span class='ocrx_word' id='word_1_264' title='bbox 1532 2076 1689 2117; x_wconf 88' lang='lat' dir='ltr'><strong>laboris</strong></span> <span class='ocrx_word' id='word_1_265' title='bbox 1705 2091 1903 2132; x_wconf 84' lang='lat' dir='ltr'><strong>umquam</strong></span> <span class='ocrx_word' id='word_1_266' title='bbox 1923 2091 2035 2132; x_wconf 85' lang='lat' dir='ltr'><strong>prae-</strong></span> 
     </span>
     <span class='ocr_line' id='line_1_28' title="bbox 195 2139 2034 2201; baseline -0.003 -14"><span class='ocrx_word' id='word_1_267' title='bbox 195 2146 443 2197; x_wconf 84' lang='lat' dir='ltr'><strong>termittant,</strong></span> <span class='ocrx_word' id='word_1_268' title='bbox 474 2155 519 2184; x_wconf 89' lang='lat' dir='ltr'><strong>ut</strong></span> <span class='ocrx_word' id='word_1_269' title='bbox 549 2142 773 2201; x_wconf 81' lang='lat' dir='ltr'><strong>episcopali</strong></span> <span class='ocrx_word' id='word_1_270' title='bbox 800 2141 1063 2193; x_wconf 86' lang='lat' dir='ltr'><strong>fortitudine,</strong></span> <span class='ocrx_word' id='word_1_271' title='bbox 1093 2142 1342 2193; x_wconf 83' lang='lat' dir='ltr'><strong>constantia,</strong></span> <span class='ocrx_word' id='word_1_272' title='bbox 1372 2141 1598 2200; x_wconf 88' lang='lat' dir='ltr'><strong>prudentia</strong></span> <span class='ocrx_word' id='word_1_273' title='bbox 1627 2141 1863 2199; x_wconf 87' lang='lat' dir='ltr'><strong>praelientur</strong></span> <span class='ocrx_word' id='word_1_274' title='bbox 1894 2139 2034 2197; x_wconf 86' lang='lat' dir='ltr'><strong>praelia</strong></span> 
     </span>
     <span class='ocr_line' id='line_1_29' title="bbox 195 2205 2034 2264; baseline -0.004 -12"><span class='ocrx_word' id='word_1_275' title='bbox 195 2211 388 2260; x_wconf 91' lang='lat' dir='ltr'><strong>Domini,</strong></span> <span class='ocrx_word' id='word_1_276' title='bbox 414 2220 453 2250; x_wconf 88' lang='lat' dir='ltr'><strong>et</strong></span> <span class='ocrx_word' id='word_1_277' title='bbox 485 2209 635 2263; x_wconf 89' lang='lat' dir='ltr'><strong>majori</strong></span> <span class='ocrx_word' id='word_1_278' title='bbox 660 2222 790 2264; x_wconf 89' lang='lat' dir='ltr'><strong>usque</strong></span> <span class='ocrx_word' id='word_1_279' title='bbox 824 2206 1036 2248; x_wconf 82' lang='lat' dir='ltr'><strong>alacritate</strong></span> <span class='ocrx_word' id='word_1_280' title='bbox 1064 2206 1235 2248; x_wconf 84' lang='lat' dir='ltr'><strong>dilectas</strong></span> <span class='ocrx_word' id='word_1_281' title='bbox 1266 2222 1365 2248; x_wconf 86' lang='lat' dir='ltr'><strong>oves</strong></span> <span class='ocrx_word' id='word_1_282' title='bbox 1394 2222 1544 2247; x_wconf 91' lang='lat' dir='ltr'><strong>eorum</strong></span> <span class='ocrx_word' id='word_1_283' title='bbox 1576 2221 1684 2248; x_wconf 82' lang='lat' dir='ltr'><strong>curae</strong></span> <span class='ocrx_word' id='word_1_284' title='bbox 1712 2205 1952 2246; x_wconf 86' lang='lat' dir='ltr'><strong>commissas</strong></span> <span class='ocrx_word' id='word_1_285' title='bbox 1980 2205 2034 2245; x_wconf 89' lang='lat' dir='ltr'><strong>ab</strong></span> 
     </span>
     <span class='ocr_line' id='line_1_30' title="bbox 195 2268 2034 2331; baseline -0.004 -15"><span class='ocrx_word' id='word_1_286' title='bbox 195 2273 411 2317; x_wconf 83' lang='lat' dir='ltr'><strong>venenatis</strong></span> <span class='ocrx_word' id='word_1_287' title='bbox 430 2273 591 2331; x_wconf 85' lang='lat' dir='ltr'><strong>pascuis</strong></span> <span class='ocrx_word' id='word_1_288' title='bbox 606 2283 810 2323; x_wconf 86' lang='lat' dir='ltr'><strong>avertant,</strong></span> <span class='ocrx_word' id='word_1_289' title='bbox 836 2272 889 2312; x_wconf 91' lang='lat' dir='ltr'><strong>ad</strong></span> <span class='ocrx_word' id='word_1_290' title='bbox 906 2272 1102 2313; x_wconf 87' lang='lat' dir='ltr'><strong>salutaria</strong></span> <span class='ocrx_word' id='word_1_291' title='bbox 1118 2272 1372 2330; x_wconf 86' lang='lat' dir='ltr'><strong>propellant,</strong></span> <span class='ocrx_word' id='word_1_292' title='bbox 1400 2287 1553 2329; x_wconf 89' lang='lat' dir='ltr'><strong>easque</strong></span> <span class='ocrx_word' id='word_1_293' title='bbox 1572 2285 1804 2327; x_wconf 89' lang='lat' dir='ltr'><strong>numquam</strong></span> <span class='ocrx_word' id='word_1_294' title='bbox 1820 2268 2034 2327; x_wconf 84' lang='lat' dir='ltr'><strong>patiantur</strong></span> 
     </span>
     <span class='ocr_line' id='line_1_31' title="bbox 197 2333 2034 2397; baseline -0.003 -16"><span class='ocrx_word' id='word_1_295' title='bbox 197 2338 333 2397; x_wconf 88' lang='lat' dir='ltr'><strong>decipi</strong></span> <span class='ocrx_word' id='word_1_296' title='bbox 356 2339 555 2380; x_wconf 85' lang='lat' dir='ltr'><strong>doctrinis</strong></span> <span class='ocrx_word' id='word_1_297' title='bbox 565 2338 686 2379; x_wconf 88' lang='lat' dir='ltr'><strong>variis</strong></span> <span class='ocrx_word' id='word_1_298' title='bbox 702 2348 742 2379; x_wconf 93' lang='lat' dir='ltr'><strong>et</strong></span> <span class='ocrx_word' id='word_1_299' title='bbox 762 2339 1008 2396; x_wconf 82' lang='lat' dir='ltr'><strong>peregrinis,</strong></span> <span class='ocrx_word' id='word_1_300' title='bbox 1023 2338 1094 2379; x_wconf 87' lang='lat' dir='ltr'><strong>sed</strong></span> <span class='ocrx_word' id='word_1_301' title='bbox 1112 2349 1283 2380; x_wconf 87' lang='lat' dir='ltr'><strong>strenue</strong></span> <span class='ocrx_word' id='word_1_302' title='bbox 1301 2354 1325 2378; x_wconf 86' lang='lat' dir='ltr'><strong>a</strong></span> <span class='ocrx_word' id='word_1_303' title='bbox 1347 2336 1564 2396; x_wconf 81' lang='lat' dir='ltr'><strong>rapacium</strong></span> <span class='ocrx_word' id='word_1_304' title='bbox 1582 2336 1779 2393; x_wconf 90' lang='lat' dir='ltr'><strong>luporum</strong></span> <span class='ocrx_word' id='word_1_305' title='bbox 1801 2333 1975 2384; x_wconf 85' lang='lat' dir='ltr'><strong>insidiis,</strong></span> <span class='ocrx_word' id='word_1_306' title='bbox 1993 2344 2034 2376; x_wconf 88' lang='lat' dir='ltr'><strong>et</strong></span> 
     </span>
     <span class='ocr_line' id='line_1_32' title="bbox 197 2399 2033 2462; baseline -0.004 -16"><span class='ocrx_word' id='word_1_307' title='bbox 197 2405 357 2462; x_wconf 90' lang='lat' dir='ltr'><strong>impetu</strong></span> <span class='ocrx_word' id='word_1_308' title='bbox 381 2403 627 2453; x_wconf 84' lang='lat' dir='ltr'><strong>defendant,</strong></span> <span class='ocrx_word' id='word_1_309' title='bbox 658 2403 842 2459; x_wconf 88' lang='lat' dir='ltr'><strong>itemque</strong></span> <span class='ocrx_word' id='word_1_310' title='bbox 871 2413 1060 2444; x_wconf 86' lang='lat' dir='ltr'><strong>errantes</strong></span> <span class='ocrx_word' id='word_1_311' title='bbox 1080 2403 1122 2443; x_wconf 91' lang='lat' dir='ltr'><strong>in</strong></span> <span class='ocrx_word' id='word_1_312' title='bbox 1145 2402 1262 2444; x_wconf 88' lang='lat' dir='ltr'><strong>omni</strong></span> <span class='ocrx_word' id='word_1_313' title='bbox 1290 2403 1498 2454; x_wconf 83' lang='lat' dir='ltr'><strong>bonitate,</strong></span> <span class='ocrx_word' id='word_1_314' title='bbox 1526 2400 1744 2458; x_wconf 84' lang='lat' dir='ltr'><strong>patientia,</strong></span> <span class='ocrx_word' id='word_1_315' title='bbox 1770 2411 1812 2441; x_wconf 89' lang='lat' dir='ltr'><strong>et</strong></span> <span class='ocrx_word' id='word_1_316' title='bbox 1839 2399 2033 2441; x_wconf 85' lang='lat' dir='ltr'><strong>doctriua</strong></span> 
     </span>
     <span class='ocr_line' id='line_1_33' title="bbox 198 2463 2032 2522; baseline -0.003 -12"><span class='ocrx_word' id='word_1_317' title='bbox 198 2469 252 2510; x_wconf 85' lang='lat' dir='ltr'><strong>ad</strong></span> <span class='ocrx_word' id='word_1_318' title='bbox 268 2468 471 2520; x_wconf 86' lang='lat' dir='ltr'><strong>veritatis,</strong></span> <span class='ocrx_word' id='word_1_319' title='bbox 491 2478 531 2508; x_wconf 86' lang='lat' dir='ltr'><strong>et</strong></span> <span class='ocrx_word' id='word_1_320' title='bbox 547 2467 712 2522; x_wconf 63' lang='lat' dir='ltr'><strong>justitia*r</strong></span> <span class='ocrx_word' id='word_1_321' title='bbox 731 2468 924 2508; x_wconf 88' lang='lat' dir='ltr'><strong>semitam</strong></span> <span class='ocrx_word' id='word_1_322' title='bbox 939 2467 1140 2509; x_wconf 87' lang='lat' dir='ltr'><strong>reducere</strong></span> <span class='ocrx_word' id='word_1_323' title='bbox 1160 2467 1436 2516; x_wconf 84' lang='lat' dir='ltr'><strong>contendant,</strong></span> <span class='ocrx_word' id='word_1_324' title='bbox 1458 2477 1505 2506; x_wconf 86' lang='lat' dir='ltr'><strong>ut</strong></span> <span class='ocrx_word' id='word_1_325' title='bbox 1525 2476 1564 2506; x_wconf 90' lang='lat' dir='ltr'><strong>et</strong></span> <span class='ocrx_word' id='word_1_326' title='bbox 1579 2465 1638 2505; x_wconf 91' lang='lat' dir='ltr'><strong>illi</strong></span> <span class='ocrx_word' id='word_1_327' title='bbox 1655 2465 1793 2506; x_wconf 88' lang='lat' dir='ltr'><strong>divina</strong></span> <span class='ocrx_word' id='word_1_328' title='bbox 1809 2463 2032 2506; x_wconf 79' lang='lat' dir='ltr'><strong>auxiliante</strong></span> 
     </span>
     <span class='ocr_line' id='line_1_34' title="bbox 200 2527 2033 2589; baseline -0.003 -15"><span class='ocrx_word' id='word_1_329' title='bbox 200 2534 330 2574; x_wconf 65' lang='lat' dir='ltr'><strong>aratia</strong></span> <span class='ocrx_word' id='word_1_330' title='bbox 349 2531 620 2573; x_wconf 85' lang='lat' dir='ltr'><strong>occurrantin</strong></span> <span class='ocrx_word' id='word_1_331' title='bbox 633 2531 835 2572; x_wconf 82' lang='lat' dir='ltr'><strong>unitatem</strong></span> <span class='ocrx_word' id='word_1_332' title='bbox 855 2531 968 2582; x_wconf 84' lang='lat' dir='ltr'><strong>fidei,</strong></span> <span class='ocrx_word' id='word_1_333' title='bbox 985 2543 1027 2572; x_wconf 89' lang='lat' dir='ltr'><strong>et</strong></span> <span class='ocrx_word' id='word_1_334' title='bbox 1045 2531 1305 2589; x_wconf 88' lang='lat' dir='ltr'><strong>agnitionem</strong></span> <span class='ocrx_word' id='word_1_335' title='bbox 1319 2530 1411 2572; x_wconf 89' lang='lat' dir='ltr'><strong>Filii</strong></span> <span class='ocrx_word' id='word_1_336' title='bbox 1427 2529 1521 2578; x_wconf 86' lang='lat' dir='ltr'><strong>Dei,</strong></span> <span class='ocrx_word' id='word_1_337' title='bbox 1545 2541 1672 2586; x_wconf 87' lang='lat' dir='ltr'><strong>atque</strong></span> <span class='ocrx_word' id='word_1_338' title='bbox 1690 2529 1746 2570; x_wconf 87' lang='lat' dir='ltr'><strong>ita</strong></span> <span class='ocrx_word' id='word_1_339' title='bbox 1765 2528 1867 2570; x_wconf 89' lang='lat' dir='ltr'><strong>fiant</strong></span> <span class='ocrx_word' id='word_1_340' title='bbox 1878 2527 2033 2570; x_wconf 86' lang='lat' dir='ltr'><strong>Nobis-</strong></span> 
     </span>
    </p>
   </div>
   <div class='ocr_carea' id='block_1_5' title="bbox 198 2568 932 2653">
    <p class='ocr_par' dir='ltr' id='par_1_5' title="bbox 198 2568 932 2653">
     <span class='ocr_line' id='line_1_35' title="bbox 198 2568 221 2592; baseline 0 0"><span class='ocrx_word' id='word_1_341' title='bbox 198 2568 221 2592; x_wconf 68' lang='lat' dir='ltr'><strong>o</strong></span> 
     </span>
     <span class='ocr_line' id='line_1_36' title="bbox 199 2596 932 2653; baseline -0.005 -13"><span class='ocrx_word' id='word_1_342' title='bbox 199 2614 293 2640; x_wconf 87' lang='lat' dir='ltr'><strong>cum</strong></span> <span class='ocrx_word' id='word_1_343' title='bbox 311 2613 441 2639; x_wconf 90' lang='lat' dir='ltr'><strong>unum</strong></span> <span class='ocrx_word' id='word_1_344' title='bbox 464 2596 572 2638; x_wconf 86' lang='lat' dir='ltr'><strong>ovile</strong></span> <span class='ocrx_word' id='word_1_345' title='bbox 590 2607 630 2637; x_wconf 86' lang='lat' dir='ltr'><strong>et</strong></span> <span class='ocrx_word' id='word_1_346' title='bbox 651 2612 756 2636; x_wconf 90' lang='lat' dir='ltr'><strong>unus</strong></span> <span class='ocrx_word' id='word_1_347' title='bbox 776 2606 932 2653; x_wconf 86' lang='lat' dir='ltr'><strong>pastor.</strong></span> 
     </span>
    </p>
   </div>
  </div>
 </body>
</html>
