2135 3442
723 227 793 266 XV
821 226 1120 263 SEPTEMBRIS
1150 225 1381 262 MDCCCLI.

442 454 512 526 3Β
560 453 628 523 s,
678 453 989 520 DOMINI
1021 418 1350 520 'Nosrai
1401 451 1523 518 Pu
1572 452 1661 517 ix

871 594 1244 644 ALLOGUTIO

370 724 414 750 ΙΝ
466 722 733 750 CONSISTORIO
781 720 957 747 SECRETO
1006 717 1052 748 15
1104 721 1350 748 SEPTEMBRIS
1400 716 1503 747 1851
1564 720 1741 746 HABHA.

807 854 853 895 V
852 853 1085 894 enerabiles
1116 854 1308 905 Fratres,

192 969 356 1021 Quibus
394 963 713 1009 luctuosissimis
750 965 1143 1024 perturbationibus
1184 977 1225 1007 et
1263 964 1573 1007 calamitatibus
1616 965 1671 1005 ob
1720 963 1980 1007 tristissimas

133 1049 274 1074 rerum
299 1034 597 1074 conversiones
618 1030 772 1071 multos
796 1047 868 1087 per
898 1047 1032 1072 annos
1055 1030 1211 1088 inclyta
1236 1029 1423 1087 Hispana
1451 1029 1565 1070 natio
1591 1029 1643 1071 de
1666 1028 1875 1070 catholica
1893 1029 1978 1070 Ec-

134 1098 273 1148 clesia,
299 1108 340 1139 ct
360 1098 438 1139 hac
461 1097 503 1138 S.
529 1096 638 1138 Sede
668 1106 733 1137 tot
760 1095 1004 1146 illustribus,
1042 1094 1440 1153 gloriosissimisque
1470 1094 1591 1136 factis
1621 1095 1779 1152 optime
1812 1095 1978 1146 merita,

134 1161 421 1204 miserandum
443 1162 485 1201 in
507 1160 682 1201 modum
702 1160 828 1201 fuerit
849 1159 1071 1218 exagitata,
1096 1176 1270 1218 quaeque
1289 1159 1546 1217 gravissima,
1571 1169 1612 1200 et
1632 1175 1851 1216 nunquam
1879 1160 1979 1201 satis

133 1226 394 1284 deploranda
426 1225 537 1266 mala
571 1224 816 1283 amplissimi
842 1225 950 1266 illius
980 1225 1099 1282 regni
1128 1224 1343 1274 Ecclesiis,
1380 1224 1721 1281 Episcopatibus‚
1750 1223 1977 1282 Capitulis,

132 1290 423 1343 MonasteriiS,
454 1300 690 1347 cunctoque
724 1290 865 1340 Clero,
902 1290 1154 1347 Populoque
1186 1287 1300 1329 fideli
1334 1288 1628 1339 incubuerint,
1667 1299 1707 1329 et
1747 1304 1837 1345 quae
1873 1304 1979 1329 saeva

132 1356 286 1398 deinde
307 1355 447 1397 clades
472 1354 735 1396 Catholicam
765 1355 1049 1413 Religionem,
1078 1356 1304 1396 Sacrorum
1325 1354 1559 1404 Antistites,
1587 1352 1979 1410 ecclesiasticosque

131 1421 243 1463 viros
270 1420 487 1472 afflixerit,
521 1420 749 1471 divexarit,
781 1436 956 1478 quaeque
984 1419 1182 1461 adversus
1209 1419 1436 1460 sacratiora
1466 1417 1661 1459 Ecclesiae
1688 1419 1780 1473 jura
1808 1419 1981 1475 ejusque

130 1487 261 1536 bona,
281 1485 514 1538 libertates,
536 1496 577 1526 et
600 1484 796 1526 adversus
819 1485 945 1541 hujus
964 1484 1214 1542 Apostolicae
1234 1484 1351 1525 Sedis
1371 1483 1636 1541 dignitatem,
1661 1482 1982 1524 auctoritatem-

132 1567 213 1608 que
243 1549 405 1591 ibidem
437 1549 593 1590 fuerint
620 1559 880 1607 perpetrata,
907 1550 1118 1599 universo,
1160 1565 1241 1605 qua
1273 1549 1356 1590 late
1384 1558 1518 1606 patet,
1556 1558 1763 1589 terrarum
1788 1548 1899 1599 orbi,
1935 1564 1984 1590 ac

132 1614 251 1657 vobis
274 1614 408 1654 multo
430 1615 561 1671 magis
580 1624 862 1671 compertum,
884 1613 1234 1670 exploratumque
1253 1611 1612 1663 est,Vencrabiles
1632 1613 1814 1653 Fratres.
1839 1614 1982 1669 Atque

133 1679 292 1737 optime
325 1680 437 1720 scitis
470 1691 627 1736 quanta
657 1695 770 1728 cura,
798 1689 839 1720 et
867 1677 1005 1719 studio
1035 1694 1118 1719 rec.
1148 1693 1279 1718 mem.
1303 1677 1534 1735 Gregorius
1565 1677 1667 1717 XVI
1692 1675 1981 1719 Praedecessor

132 1744 286 1785 Noster
309 1743 680 1801 expostulationes,
714 1742 1012 1800 querimonias,
1045 1758 1189 1800 preces
1219 1741 1475 1792 adhibuerit,
1511 1741 1698 1798 nihilque
1721 1740 1979 1784 intentatum

133 1809 363 1866 reliquerit,
393 1821 436 1850 ut
457 1808 622 1849 afflictis
642 1807 740 1858 illic,
772 1824 819 1849 ac
843 1808 1059 1865 prostratis
1079 1807 1294 1865 religionis
1318 1808 1444 1848 rebus
1476 1817 1751 1857 succurreret,
1784 1806 1981 1848 medere-

133 1885 217 1927 tur,
247 1884 290 1915 et
315 1874 569 1914 consuleret.
597 1873 745 1929 Neque
768 1872 986 1930 ignoratis,
1012 1888 1093 1930 qua
1113 1871 1398 1913 sollicitudine
1420 1872 1523 1921 Nos,
1552 1870 1621 1912 vix
1645 1870 1763 1923 dum,
1783 1871 1884 1912 licet
1900 1870 1984 1913 im-

135 1949 362 1989 merentes,
387 1937 647 1979 inscrutabili
664 1937 742 1978 Dei
764 1937 925 1992 judicio
944 1937 987 1978 in
1011 1937 1199 1992 ejusdem
1219 1936 1454 1979 Decessoris
1474 1937 1618 1977 Nostri
1636 1936 1779 1977 locum
1798 1935 1979 1990 suffecti,

136 2014 177 2044 ct
195 2005 239 2043 in
260 2003 341 2044 hac
367 2001 537 2043 sublimi
559 2002 763 2059 Principis
782 2002 1087 2058 Apostolorum
1113 2002 1322 2043 Cathedra
1343 2002 1535 2044 collocati
1560 2000 1733 2054 suimus,
1752 2000 1982 2059 praecipuas

136 2066 301 2125 paterni
335 2067 463 2108 animi
492 2067 634 2108 Nostri
665 2081 806 2117 curas,
837 2067 1196 2124 cogitationesque
1229 2066 1283 2108 ad
1312 2068 1585 2108 clarissimam
1616 2067 1734 2107 illam
1763 2067 1982 2108 nationem

137 2132 434 2185 convertimus,
458 2147 542 2188 quo
564 2131 865 2173 ecclesiasticas
888 2132 948 2172 ibi
966 2148 1046 2182 res,
1069 2143 1275 2189 quantum
1295 2131 1387 2173 fieri
1405 2143 1562 2189 posset,
1592 2131 1646 2171 ad
1676 2146 1890 2172 sacrorum
1907 2133 1984 2173 Ca-

138 2212 302 2238 nonum
336 2212 533 2237 normam
563 2212 841 2254 componere,
878 2208 920 2237 et
952 2196 1110 2238 inflicta
1139 2196 1333 2239 Ecclesiae
1364 2196 1537 2238 vulnera
1570 2210 1717 2236 sanare
1744 2211 1979 2253 possemus.

141 2262 430 2314 Quamobrem
451 2272 679 2318 postquam
699 2263 897 2303 certiores
920 2261 1019 2302 facti
1039 2262 1207 2312 fuimus,
1230 2263 1460 2319 prrecipuas
1481 2260 1701 2318 quasdam,
1729 2275 1776 2301 ac
1796 2261 1984 2318 potiores

141 2325 426 2377 conditiones,
447 2337 487 2367 et
504 2326 720 2368 cautiones
744 2343 766 2368 a
790 2326 926 2368 Nobis
953 2338 1075 2368 antea
1096 2327 1339 2385 praecriptas
1365 2326 1490 2367 fuisse
1515 2324 1733 2376 admissas,
1761 2341 1808 2367 ac
1828 2325 1873 2366 in
1891 2337 1982 2369 tuto

141 2389 318 2448 positas,
348 2391 565 2432 carissimzc
594 2391 637 2431 in
670 2392 836 2432 Christo
868 2391 980 2432 Filiae
1012 2392 1174 2433 Nostrae
1204 2391 1346 2433 Mariae
1374 2390 1589 2432 Elisabeth
1630 2389 1984 2448 postulationibus

142 2454 267 2496 alacri
288 2470 335 2495 ac
360 2454 637 2496 libentissimo
669 2455 811 2497 animo
833 2456 1192 2510 obsecundantes,
1228 2455 1281 2497 ad
1310 2471 1419 2506 eam,
1447 2465 1494 2496 ut
1518 2454 1650 2512 probe
1686 2454 1839 2506 nostis,
1867 2455 1984 2497 misi-

142 2534 235 2560 mus
253 2518 549 2560 Venerabilem
583 2520 772 2561 Fratrem
807 2521 1016 2562 Joannem
1045 2521 1423 2578 Archiepiscopum
1454 2520 1874 2562 Thessalonicensem
1902 2535 1982 2579 op-

142 2582 333 2641 portunis
351 2583 633 2632 facultatibus,
658 2595 698 2625 et
717 2583 1063 2626 instructionibus
1088 2585 1314 2636 munitum,
1339 2584 1411 2641 qui
1435 2584 1548 2642 apud
1567 2585 1699 2643 ipsam
1723 2584 1984 2626 Catholieam

141 2648 408 2703 Majestatem
429 2647 662 2704 Apostolici
683 2648 888 2707 Delegati,
907 2665 954 2690 ac
972 2649 1127 2690 deinde
1151 2665 1226 2690 suo
1248 2660 1435 2707 tempore
1460 2649 1619 2700 Nostri,
1650 2661 1692 2691 et
1706 2651 1831 2705 hujus
1850 2650 1893 2691 S.
1917 2650 1986 2691 Se-

145 2712 207 2754 dis
226 2712 372 2753 Nuntii
389 2727 540 2752 munus
559 2712 708 2761 obiret,
721 2728 976 2770 omnemque
988 2729 1105 2754 suam
1117 2728 1289 2772 operam
1306 2713 1591 2755 ecclesiasticis
1606 2714 1663 2755 ibi
1677 2715 1854 2772 negotiis
1870 2724 1984 2756 trac-

144 2775 296 2827 tandis⁷
317 2775 579 2830 ordinandis,
603 2777 749 2817 sedulo
777 2793 823 2818 ac
847 2777 1024 2820 sollicite
1048 2778 1326 2836 impenderet.
1347 2781 1409 2821 Ac
1433 2778 1982 2830 meministis,Venerabiles

144 2842 321 2892 Fratres,
332 2841 435 2881 nihil
448 2840 582 2881 Nobis
593 2842 746 2898 potius,
758 2841 862 2882 nihil
875 2844 1084 2900 antiquius
1101 2842 1242 2897 fuisse,
1255 2859 1379 2901 quam
1391 2843 1500 2886 illius
1510 2845 1645 2903 Regni
1661 2843 1869 2885 Ecclesias
1885 2842 1985 2901 legi-

143 2906 249 2947 timo
269 2906 441 2946 Pastore
466 2922 488 2946 a
504 2905 633 2963 longo
652 2906 739 2960 jam
763 2916 953 2964 tempore
976 2924 1085 2965 pene
1105 2923 1252 2949 omnes
1276 2909 1426 2951 misere
1446 2909 1636 2951 viduatas
1655 2909 1819 2950 idoneis
1838 2906 1983 2949 Antis-

145 2969 289 3011 titibus
316 2971 360 3011 in
389 2969 534 3028 primis
563 2969 842 3023 committere,
874 2971 1132 3029 Nostrasque
1163 2972 1205 3012 in
1237 2971 1281 3013 id
1308 2989 1444 3027 curas,
1470 2976 1561 3016 Deo
1594 2974 1703 3015 bene
1723 2975 1913 3028 juvante,
1939 2981 1981 3011 et

145 3033 276 3092 ipsius
303 3034 522 3076 carissimae
553 3033 595 3074 in
622 3035 786 3075 Christo
812 3035 844 3074 F
847 3034 924 3075 ilice
947 3035 1107 3077 Nostrae
1137 3051 1281 3094 opera,
1304 3053 1393 3079 non
1419 3038 1502 3080 levi
1530 3049 1642 3080 certe
1672 3036 1800 3080 animi
1836 3033 1979 3077 Nostri

145 3099 436 3142 consolatione
461 3110 651 3158 optatum
669 3099 830 3140 exitum
846 3100 1061 3143 habuisse.

205 3164 297 3206 Jam
316 3180 416 3207 vero
436 3163 556 3207 vobis
583 3162 857 3223 significamus
880 3163 1053 3207 Nostras
1074 3165 1374 3209 sollicitudines
1396 3183 1474 3226 pro
1489 3167 1577 3209 aliis
1592 3166 1734 3219 sacris,
1761 3163 1977 3207 ecclesias-
