<?xml version="1.0" encoding="UTF-8"?>
<!DOCTYPE html PUBLIC "-//W3C//DTD XHTML 1.0 Transitional//EN"
    "http://www.w3.org/TR/xhtml1/DTD/xhtml1-transitional.dtd">
<html xmlns="http://www.w3.org/1999/xhtml" xml:lang="en" lang="en">
 <head>
  <title>
</title>
<meta http-equiv="Content-Type" content="text/html;charset=utf-8" />
  <meta name='ocr-system' content='tesseract 3.04.00' />
  <meta name='ocr-capabilities' content='ocr_page ocr_carea ocr_par ocr_line ocrx_word'/>
</head>
<body>
  <div class='ocr_page' id='page_1' title='image "./recueildesallocu00cath_0532.png"; bbox 0 0 2135 3442; ppageno 0'>
   <div class='ocr_carea' id='block_1_1' title="bbox 169 164 1459 220">
    <p class='ocr_par' dir='ltr' id='par_1_1' title="bbox 169 164 1459 220">
     <span class='ocr_line' id='line_1_1' title="bbox 169 164 1459 220; baseline -0.005 -3"><span class='ocrx_word' id='word_1_1' title='bbox 169 178 244 217; x_wconf 78' lang='lat'>520</span> <span class='ocrx_word' id='word_1_2' title='bbox 725 164 1073 212; x_wconf 66' lang='lat' dir='ltr'>DECLARAriox</span> <span class='ocrx_word' id='word_1_3' title='bbox 1102 175 1194 210; x_wconf 68' lang='lat' dir='ltr'>Des</span> <span class='ocrx_word' id='word_1_4' title='bbox 1226 165 1459 220; x_wconf 57' lang='lat' dir='ltr'>evit-Ques</span> 
     </span>
    </p>
   </div>
   <div class='ocr_carea' id='block_1_2' title="bbox 171 618 2017 849">
    <p class='ocr_par' dir='ltr' id='par_1_2' title="bbox 171 618 2017 849">
     <span class='ocr_line' id='line_1_2' title="bbox 233 618 2017 667; baseline -0.002 -5"><span class='ocrx_word' id='word_1_5' title='bbox 233 624 356 662; x_wconf 90' lang='lat' dir='ltr'>Corda</span> <span class='ocrx_word' id='word_1_6' title='bbox 375 631 507 660; x_wconf 87' lang='lat' dir='ltr'>nostra</span> <span class='ocrx_word' id='word_1_7' title='bbox 525 635 646 659; x_wconf 65' lang='lat' dir='ltr'>novus</span> <span class='ocrx_word' id='word_1_8' title='bbox 665 620 875 658; x_wconf 87' lang='lat' dir='ltr'>inflammat</span> <span class='ocrx_word' id='word_1_9' title='bbox 895 619 1024 666; x_wconf 89' lang='lat' dir='ltr'>ardor,</span> <span class='ocrx_word' id='word_1_10' title='bbox 1048 618 1212 656; x_wconf 66' lang='lat' dir='ltr'>vividior</span> <span class='ocrx_word' id='word_1_11' title='bbox 1234 618 1322 656; x_wconf 89' lang='lat' dir='ltr'>fidei</span> <span class='ocrx_word' id='word_1_12' title='bbox 1342 618 1410 656; x_wconf 81' lang='lat' dir='ltr'>lux</span> <span class='ocrx_word' id='word_1_13' title='bbox 1432 626 1599 656; x_wconf 82' lang='lat' dir='ltr'>mentem</span> <span class='ocrx_word' id='word_1_14' title='bbox 1619 618 1824 667; x_wconf 89' lang='lat' dir='ltr'>illuminat,</span> <span class='ocrx_word' id='word_1_15' title='bbox 1849 619 2017 659; x_wconf 83' lang='lat' dir='ltr'><strong>sanctior</strong></span> 
     </span>
     <span class='ocr_line' id='line_1_3' title="bbox 177 676 2017 732; baseline -0.003 -11"><span class='ocrx_word' id='word_1_16' title='bbox 177 682 343 721; x_wconf 89' lang='lat' dir='ltr'>animam</span> <span class='ocrx_word' id='word_1_17' title='bbox 361 681 523 732; x_wconf 83' lang='lat' dir='ltr'>corripit</span> <span class='ocrx_word' id='word_1_18' title='bbox 546 694 668 719; x_wconf 87' lang='lat' dir='ltr'>amor.</span> <span class='ocrx_word' id='word_1_19' title='bbox 689 679 856 729; x_wconf 83' lang='lat' dir='ltr'>Linguas</span> <span class='ocrx_word' id='word_1_20' title='bbox 882 687 1032 715; x_wconf 89' lang='lat' dir='ltr'>nostras</span> <span class='ocrx_word' id='word_1_21' title='bbox 1054 677 1217 715; x_wconf 87' lang='lat' dir='ltr'>flammis</span> <span class='ocrx_word' id='word_1_22' title='bbox 1240 677 1340 715; x_wconf 89' lang='lat' dir='ltr'>illius</span> <span class='ocrx_word' id='word_1_23' title='bbox 1367 677 1463 715; x_wconf 86' lang='lat' dir='ltr'>sacri</span> <span class='ocrx_word' id='word_1_24' title='bbox 1488 676 1585 728; x_wconf 77' lang='lat' dir='ltr'>ignis</span> <span class='ocrx_word' id='word_1_25' title='bbox 1610 677 1804 715; x_wconf 61' lang='lat' dir='ltr'>vibrantes</span> <span class='ocrx_word' id='word_1_26' title='bbox 1834 678 2017 717; x_wconf 88' lang='lat' dir='ltr'>sentimus</span> 
     </span>
     <span class='ocr_line' id='line_1_4' title="bbox 174 736 2015 793; baseline -0.002 -13"><span class='ocrx_word' id='word_1_27' title='bbox 174 756 258 793; x_wconf 88' lang='lat' dir='ltr'>quae</span> <span class='ocrx_word' id='word_1_28' title='bbox 274 741 419 788; x_wconf 85' lang='lat' dir='ltr'>Mariae,</span> <span class='ocrx_word' id='word_1_29' title='bbox 444 740 504 777; x_wconf 89' lang='lat' dir='ltr'>cui</span> <span class='ocrx_word' id='word_1_30' title='bbox 527 738 743 777; x_wconf 78' lang='lat' dir='ltr'>assidebant</span> <span class='ocrx_word' id='word_1_31' title='bbox 767 737 957 789; x_wconf 80' lang='lat' dir='ltr'>Apostoli,</span> <span class='ocrx_word' id='word_1_32' title='bbox 989 736 1230 774; x_wconf 87' lang='lat' dir='ltr'>mitissimum</span> <span class='ocrx_word' id='word_1_33' title='bbox 1254 751 1322 774; x_wconf 87' lang='lat' dir='ltr'>cor</span> <span class='ocrx_word' id='word_1_34' title='bbox 1346 736 1555 774; x_wconf 76' lang='lat' dir='ltr'>ardentiori</span> <span class='ocrx_word' id='word_1_35' title='bbox 1580 750 1650 788; x_wconf 89' lang='lat' dir='ltr'>pro</span> <span class='ocrx_word' id='word_1_36' title='bbox 1670 736 1869 775; x_wconf 85' lang='lat' dir='ltr'>hominum</span> <span class='ocrx_word' id='word_1_37' title='bbox 1895 738 2015 776; x_wconf 88' lang='lat' dir='ltr'>salute</span> 
     </span>
     <span class='ocr_line' id='line_1_5' title="bbox 171 795 2013 849; baseline -0.002 -11"><span class='ocrx_word' id='word_1_38' title='bbox 171 800 363 839; x_wconf 90' lang='lat' dir='ltr'>desiderio</span> <span class='ocrx_word' id='word_1_39' title='bbox 381 798 651 845; x_wconf 84' lang='lat' dir='ltr'><strong>incendebant,</strong></span> <span class='ocrx_word' id='word_1_40' title='bbox 673 798 777 849; x_wconf 89' lang='lat' dir='ltr'>ipsos</span> <span class='ocrx_word' id='word_1_41' title='bbox 797 810 892 834; x_wconf 83' lang='lat' dir='ltr'>vero</span> <span class='ocrx_word' id='word_1_42' title='bbox 906 796 1112 848; x_wconf 85' lang='lat' dir='ltr'>Apostolos</span> <span class='ocrx_word' id='word_1_43' title='bbox 1131 797 1178 833; x_wconf 85' lang='lat' dir='ltr'>ad</span> <span class='ocrx_word' id='word_1_44' title='bbox 1194 795 1382 847; x_wconf 83' lang='lat' dir='ltr'>magnalia</span> <span class='ocrx_word' id='word_1_45' title='bbox 1400 795 1470 833; x_wconf 91' lang='lat' dir='ltr'>Dei</span> <span class='ocrx_word' id='word_1_46' title='bbox 1491 795 1735 847; x_wconf 80' lang='lat' dir='ltr'>praedicanda</span> <span class='ocrx_word' id='word_1_47' title='bbox 1752 795 2013 848; x_wconf 86' lang='lat' dir='ltr'><strong>impellebant.</strong></span> 
     </span>
    </p>
   </div>
   <div class='ocr_carea' id='block_1_3' title="bbox 171 914 2018 1663">
    <p class='ocr_par' dir='ltr' id='par_1_3' title="bbox 171 914 2018 1663">
     <span class='ocr_line' id='line_1_6' title="bbox 226 914 2015 968; baseline -0.002 -12"><span class='ocrx_word' id='word_1_48' title='bbox 226 918 414 956; x_wconf 89' lang='lat' dir='ltr'>Plurimas</span> <span class='ocrx_word' id='word_1_49' title='bbox 440 917 556 968; x_wconf 87' lang='lat' dir='ltr'>igitur</span> <span class='ocrx_word' id='word_1_50' title='bbox 575 923 729 967; x_wconf 85' lang='lat' dir='ltr'>agent-es</span> <span class='ocrx_word' id='word_1_51' title='bbox 756 914 988 953; x_wconf 87' lang='lat' dir='ltr'>Beatitudini</span> <span class='ocrx_word' id='word_1_52' title='bbox 1012 918 1101 952; x_wconf 82' lang='lat' dir='ltr'>Tuae</span> <span class='ocrx_word' id='word_1_53' title='bbox 1128 914 1282 965; x_wconf 79' lang='lat' dir='ltr'>gratias,</span> <span class='ocrx_word' id='word_1_54' title='bbox 1312 915 1415 965; x_wconf 90' lang='lat' dir='ltr'>quod</span> <span class='ocrx_word' id='word_1_55' title='bbox 1436 928 1505 952; x_wconf 91' lang='lat' dir='ltr'>nos</span> <span class='ocrx_word' id='word_1_56' title='bbox 1535 915 1583 952; x_wconf 86' lang='lat' dir='ltr'>ad</span> <span class='ocrx_word' id='word_1_57' title='bbox 1609 915 1851 952; x_wconf 83' lang='lat' dir='ltr'>Pontificium</span> <span class='ocrx_word' id='word_1_58' title='bbox 1878 915 2015 953; x_wconf 90' lang='lat' dir='ltr'>solium</span> 
     </span>
     <span class='ocr_line' id='line_1_7' title="bbox 173 972 2016 1026; baseline -0.002 -11"><span class='ocrx_word' id='word_1_59' title='bbox 173 977 404 1016; x_wconf 79' lang='lat' dir='ltr'>difficillimis</span> <span class='ocrx_word' id='word_1_60' title='bbox 423 976 526 1013; x_wconf 93' lang='lat' dir='ltr'>hisce</span> <span class='ocrx_word' id='word_1_61' title='bbox 547 973 785 1026; x_wconf 81' lang='lat' dir='ltr'>temporibus</span> <span class='ocrx_word' id='word_1_62' title='bbox 805 987 1020 1021; x_wconf 89' lang='lat' dir='ltr'>accurrere,</span> <span class='ocrx_word' id='word_1_63' title='bbox 1043 976 1095 1010; x_wconf 89' lang='lat' dir='ltr'>Te</span> <span class='ocrx_word' id='word_1_64' title='bbox 1110 972 1290 1010; x_wconf 88' lang='lat' dir='ltr'>afflictum</span> <span class='ocrx_word' id='word_1_65' title='bbox 1302 973 1431 1020; x_wconf 81' lang='lat' dir='ltr'>solari,</span> <span class='ocrx_word' id='word_1_66' title='bbox 1451 982 1678 1024; x_wconf 87' lang='lat' dir='ltr'>nostrosque</span> <span class='ocrx_word' id='word_1_67' title='bbox 1695 974 1792 1024; x_wconf 85' lang='lat' dir='ltr'>Tibi,</span> <span class='ocrx_word' id='word_1_68' title='bbox 1813 974 1904 1011; x_wconf 86' lang='lat' dir='ltr'>cleri</span> <span class='ocrx_word' id='word_1_69' title='bbox 1924 974 2016 1012; x_wconf 87' lang='lat' dir='ltr'>item</span> 
     </span>
     <span class='ocr_line' id='line_1_8' title="bbox 172 1031 2014 1088; baseline -0.002 -14"><span class='ocrx_word' id='word_1_70' title='bbox 172 1051 215 1075; x_wconf 87' lang='lat' dir='ltr'>ac</span> <span class='ocrx_word' id='word_1_71' title='bbox 240 1034 374 1088; x_wconf 93' lang='lat' dir='ltr'>populi</span> <span class='ocrx_word' id='word_1_72' title='bbox 398 1044 536 1073; x_wconf 84' lang='lat' dir='ltr'>nostrae</span> <span class='ocrx_word' id='word_1_73' title='bbox 561 1047 663 1071; x_wconf 81' lang='lat' dir='ltr'>curae</span> <span class='ocrx_word' id='word_1_74' title='bbox 688 1032 977 1070; x_wconf 89' lang='lat' dir='ltr'>commissorum</span> <span class='ocrx_word' id='word_1_75' title='bbox 1001 1031 1119 1070; x_wconf 84' lang='lat' dir='ltr'>animi</span> <span class='ocrx_word' id='word_1_76' title='bbox 1146 1046 1277 1069; x_wconf 88' lang='lat' dir='ltr'>sensus</span> <span class='ocrx_word' id='word_1_77' title='bbox 1304 1032 1456 1084; x_wconf 88' lang='lat' dir='ltr'>aperire</span> <span class='ocrx_word' id='word_1_78' title='bbox 1479 1033 1714 1083; x_wconf 79' lang='lat' dir='ltr'>permiseris,</span> <span class='ocrx_word' id='word_1_79' title='bbox 1735 1033 1818 1070; x_wconf 89' lang='lat' dir='ltr'>Tibi</span> <span class='ocrx_word' id='word_1_80' title='bbox 1846 1047 1925 1070; x_wconf 93' lang='lat' dir='ltr'>uno</span> <span class='ocrx_word' id='word_1_81' title='bbox 1947 1047 2014 1071; x_wconf 93' lang='lat' dir='ltr'>ore</span> 
     </span>
     <span class='ocr_line' id='line_1_9' title="bbox 174 1092 2015 1146; baseline -0.002 -12"><span class='ocrx_word' id='word_1_82' title='bbox 174 1109 323 1146; x_wconf 88' lang='lat' dir='ltr'>unaque</span> <span class='ocrx_word' id='word_1_83' title='bbox 343 1103 470 1132; x_wconf 91' lang='lat' dir='ltr'>mente</span> <span class='ocrx_word' id='word_1_84' title='bbox 487 1093 754 1140; x_wconf 84' lang='lat' dir='ltr'>acclamamus,</span> <span class='ocrx_word' id='word_1_85' title='bbox 780 1093 907 1129; x_wconf 89' lang='lat' dir='ltr'>omnia</span> <span class='ocrx_word' id='word_1_86' title='bbox 928 1093 1063 1141; x_wconf 80' lang='lat' dir='ltr'>fausta,</span> <span class='ocrx_word' id='word_1_87' title='bbox 1089 1101 1225 1129; x_wconf 87' lang='lat' dir='ltr'>cuncta</span> <span class='ocrx_word' id='word_1_88' title='bbox 1249 1092 1350 1129; x_wconf 90' lang='lat' dir='ltr'>bona</span> <span class='ocrx_word' id='word_1_89' title='bbox 1370 1092 1636 1143; x_wconf 85' lang='lat' dir='ltr'>adprecantes.</span> <span class='ocrx_word' id='word_1_90' title='bbox 1661 1093 1753 1130; x_wconf 72' lang='lat' dir='ltr'>Vive</span> <span class='ocrx_word' id='word_1_91' title='bbox 1771 1092 1852 1141; x_wconf 93' lang='lat' dir='ltr'>diu,</span> <span class='ocrx_word' id='word_1_92' title='bbox 1878 1095 2015 1131; x_wconf 87' lang='lat' dir='ltr'><strong>Sancte</strong></span> 
     </span>
     <span class='ocr_line' id='line_1_10' title="bbox 171 1149 2014 1203; baseline -0.002 -11"><span class='ocrx_word' id='word_1_93' title='bbox 171 1158 299 1202; x_wconf 87' lang='lat' dir='ltr'>Pater,</span> <span class='ocrx_word' id='word_1_94' title='bbox 327 1153 485 1203; x_wconf 67' lang='lat' dir='ltr'>valeque</span> <span class='ocrx_word' id='word_1_95' title='bbox 508 1152 555 1189; x_wconf 92' lang='lat' dir='ltr'>ad</span> <span class='ocrx_word' id='word_1_96' title='bbox 575 1151 808 1189; x_wconf 87' lang='lat' dir='ltr'>Catholicam</span> <span class='ocrx_word' id='word_1_97' title='bbox 829 1151 1035 1200; x_wconf 83' lang='lat' dir='ltr'>regendam</span> <span class='ocrx_word' id='word_1_98' title='bbox 1058 1149 1284 1188; x_wconf 75' lang='lat' dir='ltr'>Ecclesiam.</span> <span class='ocrx_word' id='word_1_99' title='bbox 1306 1153 1443 1200; x_wconf 82' lang='lat' dir='ltr'><strong>Perge,</strong></span> <span class='ocrx_word' id='word_1_100' title='bbox 1471 1159 1513 1188; x_wconf 91' lang='lat' dir='ltr'>ut</span> <span class='ocrx_word' id='word_1_101' title='bbox 1534 1151 1639 1199; x_wconf 86' lang='lat' dir='ltr'>facis,</span> <span class='ocrx_word' id='word_1_102' title='bbox 1669 1165 1752 1198; x_wconf 84' lang='lat' dir='ltr'>eam</span> <span class='ocrx_word' id='word_1_103' title='bbox 1783 1161 1848 1189; x_wconf 91' lang='lat' dir='ltr'>tuo</span> <span class='ocrx_word' id='word_1_104' title='bbox 1875 1151 2014 1189; x_wconf 85' lang='lat' dir='ltr'>robore</span> 
     </span>
     <span class='ocr_line' id='line_1_11' title="bbox 171 1209 2011 1265; baseline -0.002 -14"><span class='ocrx_word' id='word_1_105' title='bbox 171 1212 285 1265; x_wconf 75' lang='lat' dir='ltr'>tueri,</span> <span class='ocrx_word' id='word_1_106' title='bbox 307 1221 370 1250; x_wconf 88' lang='lat' dir='ltr'>tua</span> <span class='ocrx_word' id='word_1_107' title='bbox 392 1211 595 1264; x_wconf 88' lang='lat' dir='ltr'>prudentia</span> <span class='ocrx_word' id='word_1_108' title='bbox 615 1210 794 1261; x_wconf 81' lang='lat' dir='ltr'>dirigere,</span> <span class='ocrx_word' id='word_1_109' title='bbox 824 1210 897 1247; x_wconf 88' lang='lat' dir='ltr'>tuis</span> <span class='ocrx_word' id='word_1_110' title='bbox 918 1223 1106 1247; x_wconf 76' lang='lat' dir='ltr'>exornare</span> <span class='ocrx_word' id='word_1_111' title='bbox 1127 1209 1347 1249; x_wconf 68' lang='lat' dir='ltr'>virtutibus.</span> <span class='ocrx_word' id='word_1_112' title='bbox 1372 1210 1470 1247; x_wconf 88' lang='lat' dir='ltr'>Praei</span> <span class='ocrx_word' id='word_1_113' title='bbox 1494 1209 1622 1257; x_wconf 91' lang='lat' dir='ltr'>nobis,</span> <span class='ocrx_word' id='word_1_114' title='bbox 1647 1219 1689 1247; x_wconf 90' lang='lat' dir='ltr'>ut</span> <span class='ocrx_word' id='word_1_115' title='bbox 1711 1210 1836 1248; x_wconf 86' lang='lat' dir='ltr'>bonus</span> <span class='ocrx_word' id='word_1_116' title='bbox 1862 1214 2011 1258; x_wconf 82' lang='lat' dir='ltr'>Pastor,</span> 
     </span>
     <span class='ocr_line' id='line_1_12' title="bbox 171 1268 2017 1323; baseline -0.002 -13"><span class='ocrx_word' id='word_1_117' title='bbox 171 1271 362 1323; x_wconf 79' lang='lat' dir='ltr'>exemPIO,</span> <span class='ocrx_word' id='word_1_118' title='bbox 381 1284 470 1308; x_wconf 62' lang='lat' dir='ltr'>oves</span> <span class='ocrx_word' id='word_1_119' title='bbox 490 1279 527 1308; x_wconf 93' lang='lat' dir='ltr'>et</span> <span class='ocrx_word' id='word_1_120' title='bbox 545 1283 664 1321; x_wconf 86' lang='lat' dir='ltr'>agnos</span> <span class='ocrx_word' id='word_1_121' title='bbox 684 1269 828 1307; x_wconf 89' lang='lat' dir='ltr'>coelesti</span> <span class='ocrx_word' id='word_1_122' title='bbox 850 1269 992 1320; x_wconf 80' lang='lat' dir='ltr'>pabulo</span> <span class='ocrx_word' id='word_1_123' title='bbox 1013 1282 1140 1320; x_wconf 85' lang='lat' dir='ltr'>pasce,</span> <span class='ocrx_word' id='word_1_124' title='bbox 1160 1268 1268 1320; x_wconf 89' lang='lat' dir='ltr'>aquis</span> <span class='ocrx_word' id='word_1_125' title='bbox 1287 1268 1492 1320; x_wconf 82' lang='lat' dir='ltr'>Sapientiae</span> <span class='ocrx_word' id='word_1_126' title='bbox 1514 1268 1678 1306; x_wconf 88' lang='lat' dir='ltr'>coelestis</span> <span class='ocrx_word' id='word_1_127' title='bbox 1697 1269 1825 1308; x_wconf 89' lang='lat' dir='ltr'><strong>refice.</strong></span> <span class='ocrx_word' id='word_1_128' title='bbox 1846 1271 1940 1306; x_wconf 68' lang='lat' dir='ltr'>Nam</span> <span class='ocrx_word' id='word_1_129' title='bbox 1960 1272 2017 1307; x_wconf 92' lang='lat' dir='ltr'>Tu</span> 
     </span>
     <span class='ocr_line' id='line_1_13' title="bbox 171 1327 2017 1380; baseline -0.001 -12"><span class='ocrx_word' id='word_1_130' title='bbox 171 1344 272 1368; x_wconf 88' lang='lat' dir='ltr'>sanae</span> <span class='ocrx_word' id='word_1_131' title='bbox 304 1329 487 1368; x_wconf 87' lang='lat' dir='ltr'>doctrinae</span> <span class='ocrx_word' id='word_1_132' title='bbox 511 1328 622 1366; x_wconf 90' lang='lat' dir='ltr'>nobis</span> <span class='ocrx_word' id='word_1_133' title='bbox 652 1329 845 1380; x_wconf 76' lang='lat' dir='ltr'>Magister,</span> <span class='ocrx_word' id='word_1_134' title='bbox 875 1331 930 1365; x_wconf 91' lang='lat' dir='ltr'>Tu</span> <span class='ocrx_word' id='word_1_135' title='bbox 954 1327 1108 1365; x_wconf 86' lang='lat' dir='ltr'>unitatis</span> <span class='ocrx_word' id='word_1_136' title='bbox 1128 1336 1317 1376; x_wconf 87' lang='lat' dir='ltr'>centrum,</span> <span class='ocrx_word' id='word_1_137' title='bbox 1342 1330 1398 1364; x_wconf 93' lang='lat' dir='ltr'>Tu</span> <span class='ocrx_word' id='word_1_138' title='bbox 1429 1327 1565 1380; x_wconf 92' lang='lat' dir='ltr'>populi</span> <span class='ocrx_word' id='word_1_139' title='bbox 1587 1328 1728 1377; x_wconf 42' lang='lat' dir='ltr'>‚lumen</span> <span class='ocrx_word' id='word_1_140' title='bbox 1754 1328 1976 1366; x_wconf 87' lang='lat' dir='ltr'>indeficiens</span> <span class='ocrx_word' id='word_1_141' title='bbox 1995 1341 2017 1366; x_wconf 85' lang='lat' dir='ltr'>a</span> 
     </span>
     <span class='ocr_line' id='line_1_14' title="bbox 171 1386 2018 1440; baseline -0.001 -14"><span class='ocrx_word' id='word_1_142' title='bbox 171 1388 303 1427; x_wconf 74' lang='lat' dir='ltr'>divina</span> <span class='ocrx_word' id='word_1_143' title='bbox 323 1387 514 1440; x_wconf 84' lang='lat' dir='ltr'>Sapientia</span> <span class='ocrx_word' id='word_1_144' title='bbox 539 1396 808 1440; x_wconf 81' lang='lat' dir='ltr'>praeparatum.</span> <span class='ocrx_word' id='word_1_145' title='bbox 837 1390 893 1424; x_wconf 95' lang='lat' dir='ltr'>Tu</span> <span class='ocrx_word' id='word_1_146' title='bbox 919 1395 1026 1438; x_wconf 88' lang='lat' dir='ltr'>petra</span> <span class='ocrx_word' id='word_1_147' title='bbox 1051 1400 1111 1434; x_wconf 91' lang='lat' dir='ltr'>es,</span> <span class='ocrx_word' id='word_1_148' title='bbox 1135 1395 1172 1424; x_wconf 90' lang='lat' dir='ltr'>et</span> <span class='ocrx_word' id='word_1_149' title='bbox 1195 1386 1314 1438; x_wconf 89' lang='lat' dir='ltr'>ipsius</span> <span class='ocrx_word' id='word_1_150' title='bbox 1335 1387 1516 1425; x_wconf 88' lang='lat' dir='ltr'>Ecclesiae</span> <span class='ocrx_word' id='word_1_151' title='bbox 1543 1387 1855 1434; x_wconf 83' lang='lat' dir='ltr'>fundamentum,</span> <span class='ocrx_word' id='word_1_152' title='bbox 1883 1394 2018 1424; x_wconf 87' lang='lat' dir='ltr'>contra</span> 
     </span>
     <span class='ocr_line' id='line_1_15' title="bbox 172 1445 2017 1498; baseline -0.001 -14"><span class='ocrx_word' id='word_1_153' title='bbox 172 1447 275 1498; x_wconf 91' lang='lat' dir='ltr'>quod</span> <span class='ocrx_word' id='word_1_154' title='bbox 288 1446 501 1485; x_wconf 89' lang='lat' dir='ltr'>inferorum</span> <span class='ocrx_word' id='word_1_155' title='bbox 520 1455 641 1498; x_wconf 86' lang='lat' dir='ltr'>portae</span> <span class='ocrx_word' id='word_1_156' title='bbox 664 1460 862 1497; x_wconf 83' lang='lat' dir='ltr'>nunquam</span> <span class='ocrx_word' id='word_1_157' title='bbox 882 1446 1161 1498; x_wconf 69' lang='lat' dir='ltr'>praevalebunt.</span> <span class='ocrx_word' id='word_1_158' title='bbox 1189 1448 1242 1483; x_wconf 92' lang='lat' dir='ltr'>Te</span> <span class='ocrx_word' id='word_1_159' title='bbox 1262 1446 1457 1497; x_wconf 84' lang='lat' dir='ltr'><strong>loquente,</strong></span> <span class='ocrx_word' id='word_1_160' title='bbox 1483 1449 1638 1484; x_wconf 89' lang='lat' dir='ltr'>Petrum</span> <span class='ocrx_word' id='word_1_161' title='bbox 1659 1446 1849 1494; x_wconf 88' lang='lat' dir='ltr'>audimus,</span> <span class='ocrx_word' id='word_1_162' title='bbox 1870 1449 1921 1483; x_wconf 90' lang='lat' dir='ltr'>Te</span> <span class='ocrx_word' id='word_1_163' title='bbox 1947 1445 2017 1483; x_wconf 89' lang='lat' dir='ltr'>de-</span> 
     </span>
     <span class='ocr_line' id='line_1_16' title="bbox 172 1504 2018 1558; baseline -0.002 -14"><span class='ocrx_word' id='word_1_164' title='bbox 172 1515 366 1555; x_wconf 85' lang='lat' dir='ltr'><strong>cernente,</strong></span> <span class='ocrx_word' id='word_1_165' title='bbox 390 1507 541 1544; x_wconf 90' lang='lat' dir='ltr'>Christo</span> <span class='ocrx_word' id='word_1_166' title='bbox 562 1506 884 1558; x_wconf 82' lang='lat' dir='ltr'>obtemperamus.</span> <span class='ocrx_word' id='word_1_167' title='bbox 908 1510 959 1543; x_wconf 91' lang='lat' dir='ltr'>Te</span> <span class='ocrx_word' id='word_1_168' title='bbox 982 1507 1166 1543; x_wconf 84' lang='lat' dir='ltr'>miramur</span> <span class='ocrx_word' id='word_1_169' title='bbox 1189 1504 1290 1543; x_wconf 90' lang='lat' dir='ltr'>inter</span> <span class='ocrx_word' id='word_1_170' title='bbox 1317 1515 1440 1544; x_wconf 86' lang='lat' dir='ltr'>tantas</span> <span class='ocrx_word' id='word_1_171' title='bbox 1460 1505 1654 1544; x_wconf 87' lang='lat' dir='ltr'>molestias</span> <span class='ocrx_word' id='word_1_172' title='bbox 1675 1514 1807 1556; x_wconf 87' lang='lat' dir='ltr'>totque</span> <span class='ocrx_word' id='word_1_173' title='bbox 1829 1504 2018 1557; x_wconf 85' lang='lat' dir='ltr'>procellas</span> 
     </span>
     <span class='ocr_line' id='line_1_17' title="bbox 173 1564 2017 1618; baseline -0.001 -16"><span class='ocrx_word' id='word_1_174' title='bbox 173 1566 298 1603; x_wconf 90' lang='lat' dir='ltr'>fronte</span> <span class='ocrx_word' id='word_1_175' title='bbox 319 1579 453 1604; x_wconf 84' lang='lat' dir='ltr'>serena</span> <span class='ocrx_word' id='word_1_176' title='bbox 481 1574 519 1605; x_wconf 91' lang='lat' dir='ltr'>et</span> <span class='ocrx_word' id='word_1_177' title='bbox 537 1566 817 1618; x_wconf 87' lang='lat' dir='ltr'>imperturbato</span> <span class='ocrx_word' id='word_1_178' title='bbox 838 1566 967 1604; x_wconf 91' lang='lat' dir='ltr'>animo</span> <span class='ocrx_word' id='word_1_179' title='bbox 987 1566 1086 1604; x_wconf 87' lang='lat' dir='ltr'>sacri</span> <span class='ocrx_word' id='word_1_180' title='bbox 1111 1565 1282 1603; x_wconf 89' lang='lat' dir='ltr'>muneris</span> <span class='ocrx_word' id='word_1_181' title='bbox 1304 1566 1480 1617; x_wconf 88' lang='lat' dir='ltr'>partibus</span> <span class='ocrx_word' id='word_1_182' title='bbox 1511 1567 1746 1617; x_wconf 83' lang='lat' dir='ltr'>fungentem,</span> <span class='ocrx_word' id='word_1_183' title='bbox 1768 1564 1952 1603; x_wconf 86' lang='lat' dir='ltr'>invictum</span> <span class='ocrx_word' id='word_1_184' title='bbox 1980 1573 2017 1602; x_wconf 89' lang='lat' dir='ltr'>et</span> 
     </span>
     <span class='ocr_line' id='line_1_18' title="bbox 179 1633 362 1663; baseline 0 -1"><span class='ocrx_word' id='word_1_185' title='bbox 179 1633 362 1663; x_wconf 87' lang='lat' dir='ltr'>erectum.</span> 
     </span>
    </p>
   </div>
   <div class='ocr_carea' id='block_1_4' title="bbox 172 1912 2020 2437">
    <p class='ocr_par' dir='ltr' id='par_1_4' title="bbox 172 1912 2020 2437">
     <span class='ocr_line' id='line_1_19' title="bbox 230 1912 2020 1966; baseline -0.002 -14"><span class='ocrx_word' id='word_1_186' title='bbox 230 1918 332 1952; x_wconf 90' lang='lat' dir='ltr'>Dum</span> <span class='ocrx_word' id='word_1_187' title='bbox 352 1922 480 1952; x_wconf 88' lang='lat' dir='ltr'>tamen</span> <span class='ocrx_word' id='word_1_188' title='bbox 495 1913 704 1966; x_wconf 84' lang='lat' dir='ltr'>justissima</span> <span class='ocrx_word' id='word_1_189' title='bbox 724 1912 764 1950; x_wconf 91' lang='lat' dir='ltr'>in</span> <span class='ocrx_word' id='word_1_190' title='bbox 785 1913 845 1950; x_wconf 90' lang='lat' dir='ltr'>his</span> <span class='ocrx_word' id='word_1_191' title='bbox 867 1913 1056 1963; x_wconf 81' lang='lat' dir='ltr'>gloriandi</span> <span class='ocrx_word' id='word_1_192' title='bbox 1075 1912 1185 1951; x_wconf 91' lang='lat' dir='ltr'>nobis</span> <span class='ocrx_word' id='word_1_193' title='bbox 1214 1920 1425 1964; x_wconf 89' lang='lat' dir='ltr'>suppetunt</span> <span class='ocrx_word' id='word_1_194' title='bbox 1453 1919 1693 1961; x_wconf 82' lang='lat' dir='ltr'>argumenta,</span> <span class='ocrx_word' id='word_1_195' title='bbox 1719 1924 1798 1948; x_wconf 91' lang='lat' dir='ltr'><strong>non</strong></span> <span class='ocrx_word' id='word_1_196' title='bbox 1818 1924 2020 1963; x_wconf 88' lang='lat' dir='ltr'>possumus</span> 
     </span>
     <span class='ocr_line' id='line_1_20' title="bbox 176 1969 2019 2024; baseline -0.002 -13"><span class='ocrx_word' id='word_1_197' title='bbox 176 1973 268 2024; x_wconf 90' lang='lat' dir='ltr'>quin</span> <span class='ocrx_word' id='word_1_198' title='bbox 288 1973 400 2011; x_wconf 88' lang='lat' dir='ltr'>simul</span> <span class='ocrx_word' id='word_1_199' title='bbox 425 1974 556 2011; x_wconf 90' lang='lat' dir='ltr'>oculos</span> <span class='ocrx_word' id='word_1_200' title='bbox 580 1973 627 2010; x_wconf 89' lang='lat' dir='ltr'>ad</span> <span class='ocrx_word' id='word_1_201' title='bbox 648 1971 770 2010; x_wconf 88' lang='lat' dir='ltr'>tristia</span> <span class='ocrx_word' id='word_1_202' title='bbox 793 1981 1078 2012; x_wconf 73' lang='lat' dir='ltr'>convertamus,</span> <span class='ocrx_word' id='word_1_203' title='bbox 1099 1973 1366 2022; x_wconf 87' lang='lat' dir='ltr'>Undequaque</span> <span class='ocrx_word' id='word_1_204' title='bbox 1398 1969 1499 2008; x_wconf 90' lang='lat' dir='ltr'>enim</span> <span class='ocrx_word' id='word_1_205' title='bbox 1520 1969 1639 2008; x_wconf 89' lang='lat' dir='ltr'>menti</span> <span class='ocrx_word' id='word_1_206' title='bbox 1659 1979 1798 2008; x_wconf 87' lang='lat' dir='ltr'>nostrae</span> <span class='ocrx_word' id='word_1_207' title='bbox 1825 1983 1864 2007; x_wconf 93' lang='lat' dir='ltr'>se</span> <span class='ocrx_word' id='word_1_208' title='bbox 1883 1969 2019 2008; x_wconf 90' lang='lat' dir='ltr'>sistunt</span> 
     </span>
     <span class='ocr_line' id='line_1_21' title="bbox 174 2029 2016 2083; baseline -0.002 -13"><span class='ocrx_word' id='word_1_209' title='bbox 174 2032 355 2070; x_wconf 87' lang='lat' dir='ltr'>immania</span> <span class='ocrx_word' id='word_1_210' title='bbox 373 2046 506 2070; x_wconf 89' lang='lat' dir='ltr'>eorum</span> <span class='ocrx_word' id='word_1_211' title='bbox 528 2031 711 2080; x_wconf 86' lang='lat' dir='ltr'>facinora,</span> <span class='ocrx_word' id='word_1_212' title='bbox 734 2031 799 2082; x_wconf 90' lang='lat' dir='ltr'>qui</span> <span class='ocrx_word' id='word_1_213' title='bbox 813 2031 1112 2083; x_wconf 87' lang='lat' dir='ltr'>pulcherrimam</span> <span class='ocrx_word' id='word_1_214' title='bbox 1129 2031 1248 2068; x_wconf 86' lang='lat' dir='ltr'>Italiae</span> <span class='ocrx_word' id='word_1_215' title='bbox 1267 2039 1427 2078; x_wconf 89' lang='lat' dir='ltr'>terram,</span> <span class='ocrx_word' id='word_1_216' title='bbox 1445 2030 1552 2077; x_wconf 89' lang='lat' dir='ltr'>cujus</span> <span class='ocrx_word' id='word_1_217' title='bbox 1569 2033 1640 2081; x_wconf 84' lang='lat' dir='ltr'>Tu,</span> <span class='ocrx_word' id='word_1_218' title='bbox 1654 2029 1874 2067; x_wconf 88' lang='lat' dir='ltr'>Beatissime</span> <span class='ocrx_word' id='word_1_219' title='bbox 1887 2032 2016 2077; x_wconf 88' lang='lat' dir='ltr'>Pater,</span> 
     </span>
     <span class='ocr_line' id='line_1_22' title="bbox 174 2088 2015 2142; baseline -0.002 -13"><span class='ocrx_word' id='word_1_220' title='bbox 174 2091 352 2129; x_wconf 89' lang='lat' dir='ltr'>columen</span> <span class='ocrx_word' id='word_1_221' title='bbox 372 2105 412 2130; x_wconf 91' lang='lat' dir='ltr'>es</span> <span class='ocrx_word' id='word_1_222' title='bbox 443 2100 479 2129; x_wconf 90' lang='lat' dir='ltr'>et</span> <span class='ocrx_word' id='word_1_223' title='bbox 499 2093 628 2142; x_wconf 86' lang='lat' dir='ltr'>decus,</span> <span class='ocrx_word' id='word_1_224' title='bbox 652 2091 789 2128; x_wconf 87' lang='lat' dir='ltr'>misere</span> <span class='ocrx_word' id='word_1_225' title='bbox 807 2099 1006 2128; x_wconf 81' lang='lat' dir='ltr'>vastarunt</span> <span class='ocrx_word' id='word_1_226' title='bbox 1030 2090 1234 2142; x_wconf 91' lang='lat' dir='ltr'>ipsumque</span> <span class='ocrx_word' id='word_1_227' title='bbox 1256 2099 1362 2128; x_wconf 89' lang='lat' dir='ltr'>tuum</span> <span class='ocrx_word' id='word_1_228' title='bbox 1385 2104 1427 2127; x_wconf 89' lang='lat' dir='ltr'>ac</span> <span class='ocrx_word' id='word_1_229' title='bbox 1448 2093 1594 2128; x_wconf 84' lang='lat' dir='ltr'>Sanctae</span> <span class='ocrx_word' id='word_1_230' title='bbox 1615 2088 1722 2128; x_wconf 88' lang='lat' dir='ltr'>Sedis</span> <span class='ocrx_word' id='word_1_231' title='bbox 1742 2088 2015 2140; x_wconf 88' lang='lat' dir='ltr'>principatum,</span> 
     </span>
     <span class='ocr_line' id='line_1_23' title="bbox 174 2147 2018 2201; baseline -0.002 -13"><span class='ocrx_word' id='word_1_232' title='bbox 174 2164 222 2188; x_wconf 83' lang='lat' dir='ltr'>ex</span> <span class='ocrx_word' id='word_1_233' title='bbox 247 2164 324 2200; x_wconf 92' lang='lat' dir='ltr'>quo</span> <span class='ocrx_word' id='word_1_234' title='bbox 341 2150 524 2201; x_wconf 88' lang='lat' dir='ltr'>praeclara</span> <span class='ocrx_word' id='word_1_235' title='bbox 544 2163 706 2201; x_wconf 89' lang='lat' dir='ltr'>quaeque</span> <span class='ocrx_word' id='word_1_236' title='bbox 726 2149 765 2186; x_wconf 91' lang='lat' dir='ltr'>in</span> <span class='ocrx_word' id='word_1_237' title='bbox 787 2148 937 2186; x_wconf 80' lang='lat' dir='ltr'>civilem</span> <span class='ocrx_word' id='word_1_238' title='bbox 958 2148 1178 2187; x_wconf 87' lang='lat' dir='ltr'>societatem</span> <span class='ocrx_word' id='word_1_239' title='bbox 1199 2149 1317 2186; x_wconf 70' lang='lat' dir='ltr'>veluti</span> <span class='ocrx_word' id='word_1_240' title='bbox 1341 2162 1389 2186; x_wconf 80' lang='lat' dir='ltr'>ex</span> <span class='ocrx_word' id='word_1_241' title='bbox 1409 2162 1477 2186; x_wconf 91' lang='lat' dir='ltr'>suo</span> <span class='ocrx_word' id='word_1_242' title='bbox 1507 2149 1610 2185; x_wconf 89' lang='lat' dir='ltr'>fonte</span> <span class='ocrx_word' id='word_1_243' title='bbox 1632 2147 1890 2194; x_wconf 86' lang='lat' dir='ltr'>dimanarunt,</span> <span class='ocrx_word' id='word_1_244' title='bbox 1909 2147 2018 2186; x_wconf 85' lang='lat' dir='ltr'>labe-</span> 
     </span>
     <span class='ocr_line' id='line_1_24' title="bbox 172 2205 2019 2259; baseline -0.002 -13"><span class='ocrx_word' id='word_1_245' title='bbox 172 2210 332 2256; x_wconf 86' lang='lat' dir='ltr'>factare,</span> <span class='ocrx_word' id='word_1_246' title='bbox 354 2222 397 2246; x_wconf 88' lang='lat' dir='ltr'>ac</span> <span class='ocrx_word' id='word_1_247' title='bbox 418 2208 589 2246; x_wconf 90' lang='lat' dir='ltr'>funditus</span> <span class='ocrx_word' id='word_1_248' title='bbox 612 2216 784 2246; x_wconf 74' lang='lat' dir='ltr'>evertere</span> <span class='ocrx_word' id='word_1_249' title='bbox 802 2207 1065 2248; x_wconf 85' lang='lat' dir='ltr'>connituntur.</span> <span class='ocrx_word' id='word_1_250' title='bbox 1078 2211 1173 2246; x_wconf 71' lang='lat' dir='ltr'>Nam</span> <span class='ocrx_word' id='word_1_251' title='bbox 1194 2221 1318 2258; x_wconf 89' lang='lat' dir='ltr'>neque</span> <span class='ocrx_word' id='word_1_252' title='bbox 1335 2206 1521 2259; x_wconf 87' lang='lat' dir='ltr'>perennia</span> <span class='ocrx_word' id='word_1_253' title='bbox 1537 2207 1762 2244; x_wconf 78' lang='lat' dir='ltr'>saeculorum</span> <span class='ocrx_word' id='word_1_254' title='bbox 1771 2205 1874 2258; x_wconf 86' lang='lat' dir='ltr'>jura,</span> <span class='ocrx_word' id='word_1_255' title='bbox 1893 2219 2019 2257; x_wconf 84' lang='lat' dir='ltr'>neque</span> 
     </span>
     <span class='ocr_line' id='line_1_25' title="bbox 175 2265 2017 2319; baseline -0.002 -13"><span class='ocrx_word' id='word_1_256' title='bbox 175 2268 355 2306; x_wconf 89' lang='lat' dir='ltr'>diuturna</span> <span class='ocrx_word' id='word_1_257' title='bbox 373 2267 568 2317; x_wconf 83' lang='lat' dir='ltr'>regiminis</span> <span class='ocrx_word' id='word_1_258' title='bbox 588 2267 745 2319; x_wconf 88' lang='lat' dir='ltr'>pacifica</span> <span class='ocrx_word' id='word_1_259' title='bbox 765 2267 968 2319; x_wconf 87' lang='lat' dir='ltr'>possessio,</span> <span class='ocrx_word' id='word_1_260' title='bbox 988 2281 1114 2318; x_wconf 88' lang='lat' dir='ltr'>neque</span> <span class='ocrx_word' id='word_1_261' title='bbox 1134 2267 1289 2305; x_wconf 86' lang='lat' dir='ltr'>tandem</span> <span class='ocrx_word' id='word_1_262' title='bbox 1305 2267 1448 2304; x_wconf 84' lang='lat' dir='ltr'>foedera</span> <span class='ocrx_word' id='word_1_263' title='bbox 1472 2266 1587 2304; x_wconf 87' lang='lat' dir='ltr'>totius</span> <span class='ocrx_word' id='word_1_264' title='bbox 1606 2269 1771 2317; x_wconf 87' lang='lat' dir='ltr'>Europae</span> <span class='ocrx_word' id='word_1_265' title='bbox 1791 2265 2017 2303; x_wconf 86' lang='lat' dir='ltr'>auctoritate</span> 
     </span>
     <span class='ocr_line' id='line_1_26' title="bbox 175 2325 2017 2378; baseline -0.002 -13"><span class='ocrx_word' id='word_1_266' title='bbox 175 2325 318 2365; x_wconf 84' lang='lat' dir='ltr'>sancita</span> <span class='ocrx_word' id='word_1_267' title='bbox 344 2334 381 2363; x_wconf 92' lang='lat' dir='ltr'>et</span> <span class='ocrx_word' id='word_1_268' title='bbox 409 2327 633 2364; x_wconf 87' lang='lat' dir='ltr'>confirmata</span> <span class='ocrx_word' id='word_1_269' title='bbox 664 2326 852 2378; x_wconf 89' lang='lat' dir='ltr'>impedire</span> <span class='ocrx_word' id='word_1_270' title='bbox 884 2335 1109 2378; x_wconf 90' lang='lat' dir='ltr'>potuerunt,</span> <span class='ocrx_word' id='word_1_271' title='bbox 1141 2327 1345 2377; x_wconf 87' lang='lat' dir='ltr'>quominus</span> <span class='ocrx_word' id='word_1_272' title='bbox 1383 2325 1512 2363; x_wconf 91' lang='lat' dir='ltr'>omnia</span> <span class='ocrx_word' id='word_1_273' title='bbox 1545 2325 1733 2375; x_wconf 88' lang='lat' dir='ltr'>susdeque</span> <span class='ocrx_word' id='word_1_274' title='bbox 1759 2332 2017 2371; x_wconf 70' lang='lat' dir='ltr'>verterentur,</span> 
     </span>
     <span class='ocr_line' id='line_1_27' title="bbox 173 2383 1583 2437; baseline -0.001 -15"><span class='ocrx_word' id='word_1_275' title='bbox 173 2384 314 2437; x_wconf 89' lang='lat' dir='ltr'>spretis</span> <span class='ocrx_word' id='word_1_276' title='bbox 331 2384 478 2435; x_wconf 78' lang='lat' dir='ltr'>legibus</span> <span class='ocrx_word' id='word_1_277' title='bbox 495 2385 685 2437; x_wconf 85' lang='lat' dir='ltr'>omnibus,</span> <span class='ocrx_word' id='word_1_278' title='bbox 709 2385 847 2435; x_wconf 86' lang='lat' dir='ltr'>quibus</span> <span class='ocrx_word' id='word_1_279' title='bbox 864 2385 1049 2423; x_wconf 83' lang='lat' dir='ltr'>hactenus</span> <span class='ocrx_word' id='word_1_280' title='bbox 1067 2383 1221 2422; x_wconf 83' lang='lat' dir='ltr'>suffulta</span> <span class='ocrx_word' id='word_1_281' title='bbox 1241 2384 1391 2422; x_wconf 84' lang='lat' dir='ltr'>stabant</span> <span class='ocrx_word' id='word_1_282' title='bbox 1407 2383 1583 2436; x_wconf 89' lang='lat' dir='ltr'>imperia.</span> 
     </span>
    </p>
   </div>
   <div class='ocr_carea' id='block_1_5' title="bbox 174 2560 2017 2908">
    <p class='ocr_par' dir='ltr' id='par_1_5' title="bbox 174 2560 2017 2908">
     <span class='ocr_line' id='line_1_28' title="bbox 229 2560 2017 2616; baseline -0.002 -15"><span class='ocrx_word' id='word_1_283' title='bbox 229 2561 303 2601; x_wconf 87' lang='lat' dir='ltr'>Sed</span> <span class='ocrx_word' id='word_1_284' title='bbox 328 2570 370 2599; x_wconf 92' lang='lat' dir='ltr'>ut</span> <span class='ocrx_word' id='word_1_285' title='bbox 392 2560 442 2599; x_wconf 90' lang='lat' dir='ltr'>ad</span> <span class='ocrx_word' id='word_1_286' title='bbox 463 2570 593 2600; x_wconf 90' lang='lat' dir='ltr'>nostra</span> <span class='ocrx_word' id='word_1_287' title='bbox 609 2561 769 2616; x_wconf 90' lang='lat' dir='ltr'>propius</span> <span class='ocrx_word' id='word_1_288' title='bbox 789 2562 1029 2612; x_wconf 86' lang='lat' dir='ltr'>accedamus,</span> <span class='ocrx_word' id='word_1_289' title='bbox 1051 2564 1119 2615; x_wconf 76' lang='lat' dir='ltr'>Te,</span> <span class='ocrx_word' id='word_1_290' title='bbox 1142 2561 1364 2601; x_wconf 82' lang='lat' dir='ltr'>Beatissime</span> <span class='ocrx_word' id='word_1_291' title='bbox 1384 2564 1511 2609; x_wconf 88' lang='lat' dir='ltr'>Pater,</span> <span class='ocrx_word' id='word_1_292' title='bbox 1533 2561 1579 2599; x_wconf 82' lang='lat' dir='ltr'>iis</span> <span class='ocrx_word' id='word_1_293' title='bbox 1599 2560 1826 2613; x_wconf 90' lang='lat' dir='ltr'>provinciis,</span> <span class='ocrx_word' id='word_1_294' title='bbox 1852 2573 2017 2611; x_wconf 86' lang='lat' dir='ltr'>quarum</span> 
     </span>
     <span class='ocr_line' id='line_1_29' title="bbox 174 2618 2016 2673; baseline -0.002 -13"><span class='ocrx_word' id='word_1_295' title='bbox 174 2634 265 2673; x_wconf 89' lang='lat' dir='ltr'>ope,</span> <span class='ocrx_word' id='word_1_296' title='bbox 288 2630 326 2658; x_wconf 92' lang='lat' dir='ltr'>et</span> <span class='ocrx_word' id='word_1_297' title='bbox 341 2620 520 2672; x_wconf 84' lang='lat' dir='ltr'>dignitati</span> <span class='ocrx_word' id='word_1_298' title='bbox 541 2623 663 2660; x_wconf 87' lang='lat' dir='ltr'>Santae</span> <span class='ocrx_word' id='word_1_299' title='bbox 681 2622 802 2670; x_wconf 85' lang='lat' dir='ltr'>Sedis,</span> <span class='ocrx_word' id='word_1_300' title='bbox 822 2632 859 2661; x_wconf 91' lang='lat' dir='ltr'>et</span> <span class='ocrx_word' id='word_1_301' title='bbox 874 2622 989 2661; x_wconf 90' lang='lat' dir='ltr'>totius</span> <span class='ocrx_word' id='word_1_302' title='bbox 1007 2621 1186 2660; x_wconf 76' lang='lat' dir='ltr'>Ecclesiae</span> <span class='ocrx_word' id='word_1_303' title='bbox 1211 2620 1581 2659; x_wconf 85' lang='lat' dir='ltr'>administrationem</span> <span class='ocrx_word' id='word_1_304' title='bbox 1602 2620 1814 2671; x_wconf 81' lang='lat' dir='ltr'>aequissime</span> <span class='ocrx_word' id='word_1_305' title='bbox 1832 2618 2016 2672; x_wconf 85' lang='lat' dir='ltr'>provide-</span> 
     </span>
     <span class='ocr_line' id='line_1_30' title="bbox 174 2679 2016 2732; baseline -0.002 -15"><span class='ocrx_word' id='word_1_306' title='bbox 174 2680 302 2728; x_wconf 86' lang='lat' dir='ltr'>batur,</span> <span class='ocrx_word' id='word_1_307' title='bbox 329 2680 478 2717; x_wconf 85' lang='lat' dir='ltr'>nefario</span> <span class='ocrx_word' id='word_1_308' title='bbox 501 2690 772 2732; x_wconf 83' lang='lat' dir='ltr'>usurpatorum</span> <span class='ocrx_word' id='word_1_309' title='bbox 799 2681 999 2719; x_wconf 90' lang='lat' dir='ltr'>hominum</span> <span class='ocrx_word' id='word_1_310' title='bbox 1027 2681 1184 2731; x_wconf 89' lang='lat' dir='ltr'>scelere,</span> <span class='ocrx_word' id='word_1_311' title='bbox 1216 2680 1279 2731; x_wconf 90' lang='lat' dir='ltr'>qui</span> <span class='ocrx_word' id='word_1_312' title='bbox 1308 2693 1387 2717; x_wconf 91' lang='lat' dir='ltr'><strong>non</strong></span> <span class='ocrx_word' id='word_1_313' title='bbox 1413 2679 1558 2717; x_wconf 87' lang='lat' dir='ltr'>habent</span> <span class='ocrx_word' id='word_1_314' title='bbox 1579 2685 1654 2716; x_wconf 76' lang='lat' dir='ltr'>nisi</span> <span class='ocrx_word' id='word_1_315' title='bbox 1676 2683 1839 2716; x_wconf 76' lang='lat' dir='ltr'>velamen</span> <span class='ocrx_word' id='word_1_316' title='bbox 1863 2681 2016 2715; x_wconf 78' lang='lat' dir='ltr'>malitia’</span> 
     </span>
     <span class='ocr_line' id='line_1_31' title="bbox 175 2735 2014 2791; baseline -0.001 -16"><span class='ocrx_word' id='word_1_317' title='bbox 175 2738 402 2787; x_wconf 67' lang='lat' dir='ltr'>libertatem,</span> <span class='ocrx_word' id='word_1_318' title='bbox 422 2739 626 2791; x_wconf 89' lang='lat' dir='ltr'>spoliatum</span> <span class='ocrx_word' id='word_1_319' title='bbox 645 2741 850 2780; x_wconf 89' lang='lat' dir='ltr'>cernimus.</span> <span class='ocrx_word' id='word_1_320' title='bbox 874 2744 1045 2790; x_wconf 89' lang='lat' dir='ltr'>Quorum</span> <span class='ocrx_word' id='word_1_321' title='bbox 1060 2739 1202 2791; x_wconf 89' lang='lat' dir='ltr'>iniquae</span> <span class='ocrx_word' id='word_1_322' title='bbox 1223 2738 1412 2777; x_wconf 72' lang='lat' dir='ltr'>violentiae</span> <span class='ocrx_word' id='word_1_323' title='bbox 1432 2753 1519 2776; x_wconf 91' lang='lat' dir='ltr'>cum</span> <span class='ocrx_word' id='word_1_324' title='bbox 1537 2738 1723 2777; x_wconf 89' lang='lat' dir='ltr'>Sanctitas</span> <span class='ocrx_word' id='word_1_325' title='bbox 1742 2740 1822 2775; x_wconf 88' lang='lat' dir='ltr'>Tua</span> <span class='ocrx_word' id='word_1_326' title='bbox 1840 2735 2014 2775; x_wconf 84' lang='lat' dir='ltr'>invictis-</span> 
     </span>
     <span class='ocr_line' id='line_1_32' title="bbox 175 2797 2015 2851; baseline -0.001 -17"><span class='ocrx_word' id='word_1_327' title='bbox 175 2797 273 2835; x_wconf 92' lang='lat' dir='ltr'>simo</span> <span class='ocrx_word' id='word_1_328' title='bbox 299 2797 428 2835; x_wconf 87' lang='lat' dir='ltr'>animo</span> <span class='ocrx_word' id='word_1_329' title='bbox 447 2797 649 2848; x_wconf 90' lang='lat' dir='ltr'>obstiterit,</span> <span class='ocrx_word' id='word_1_330' title='bbox 677 2799 862 2851; x_wconf 90' lang='lat' dir='ltr'>plurimas</span> <span class='ocrx_word' id='word_1_331' title='bbox 883 2809 921 2838; x_wconf 90' lang='lat' dir='ltr'>et</span> <span class='ocrx_word' id='word_1_332' title='bbox 941 2799 1097 2851; x_wconf 83' lang='lat' dir='ltr'>gratiaS,</span> <span class='ocrx_word' id='word_1_333' title='bbox 1118 2798 1402 2838; x_wconf 83' lang='lat' dir='ltr'>catholicorum</span> <span class='ocrx_word' id='word_1_334' title='bbox 1424 2797 1596 2836; x_wconf 87' lang='lat' dir='ltr'>omnium</span> <span class='ocrx_word' id='word_1_335' title='bbox 1626 2797 1796 2845; x_wconf 91' lang='lat' dir='ltr'>nomine,</span> <span class='ocrx_word' id='word_1_336' title='bbox 1818 2808 2015 2834; x_wconf 90' lang='lat' dir='ltr'>censemus</span> 
     </span>
     <span class='ocr_line' id='line_1_33' title="bbox 175 2857 454 2908; baseline 0.007 -15"><span class='ocrx_word' id='word_1_337' title='bbox 175 2857 454 2908; x_wconf 86' lang='lat' dir='ltr'>rependendas.</span> 
     </span>
    </p>
   </div>
   <div class='ocr_carea' id='block_1_6' title="bbox 177 2969 2014 3262">
    <p class='ocr_par' dir='ltr' id='par_1_6' title="bbox 177 2969 2014 3262">
     <span class='ocr_line' id='line_1_34' title="bbox 229 2969 2014 3026; baseline -0.003 -14"><span class='ocrx_word' id='word_1_338' title='bbox 229 2973 391 3012; x_wconf 90' lang='lat' dir='ltr'>Civilem</span> <span class='ocrx_word' id='word_1_339' title='bbox 415 2972 517 3011; x_wconf 91' lang='lat' dir='ltr'>enirn</span> <span class='ocrx_word' id='word_1_340' title='bbox 546 2975 691 3012; x_wconf 86' lang='lat' dir='ltr'>Sanctae</span> <span class='ocrx_word' id='word_1_341' title='bbox 716 2973 822 3011; x_wconf 89' lang='lat' dir='ltr'>Sedis</span> <span class='ocrx_word' id='word_1_342' title='bbox 847 2974 1106 3026; x_wconf 86' lang='lat' dir='ltr'>principatum</span> <span class='ocrx_word' id='word_1_343' title='bbox 1133 2987 1203 3012; x_wconf 91' lang='lat' dir='ltr'>ceu</span> <span class='ocrx_word' id='word_1_344' title='bbox 1229 2974 1410 3025; x_wconf 86' lang='lat' dir='ltr'>quiddam</span> <span class='ocrx_word' id='word_1_345' title='bbox 1431 2972 1688 3011; x_wconf 86' lang='lat' dir='ltr'>necessarium</span> <span class='ocrx_word' id='word_1_346' title='bbox 1716 2985 1759 3009; x_wconf 85' lang='lat' dir='ltr'>ac</span> <span class='ocrx_word' id='word_1_347' title='bbox 1788 2969 2014 3023; x_wconf 82' lang='lat' dir='ltr'>providente</span> 
     </span>
     <span class='ocr_line' id='line_1_35' title="bbox 178 3030 2012 3083; baseline -0.002 -14"><span class='ocrx_word' id='word_1_348' title='bbox 178 3035 261 3070; x_wconf 92' lang='lat' dir='ltr'>Deo</span> <span class='ocrx_word' id='word_1_349' title='bbox 282 3032 480 3070; x_wconf 85' lang='lat' dir='ltr'>manifeste</span> <span class='ocrx_word' id='word_1_350' title='bbox 502 3032 715 3071; x_wconf 87' lang='lat' dir='ltr'>institutum</span> <span class='ocrx_word' id='word_1_351' title='bbox 741 3032 1004 3082; x_wconf 73' lang='lat' dir='ltr'>agnoscimus,</span> <span class='ocrx_word' id='word_1_352' title='bbox 1035 3047 1105 3071; x_wconf 90' lang='lat' dir='ltr'>nec</span> <span class='ocrx_word' id='word_1_353' title='bbox 1127 3033 1323 3071; x_wconf 87' lang='lat' dir='ltr'>declarare</span> <span class='ocrx_word' id='word_1_354' title='bbox 1350 3032 1591 3080; x_wconf 88' lang='lat' dir='ltr'>dubitamus,</span> <span class='ocrx_word' id='word_1_355' title='bbox 1614 3031 1653 3069; x_wconf 93' lang='lat' dir='ltr'>in</span> <span class='ocrx_word' id='word_1_356' title='bbox 1676 3030 1855 3083; x_wconf 80' lang='lat' dir='ltr'>praesenti</span> <span class='ocrx_word' id='word_1_357' title='bbox 1883 3041 2012 3067; x_wconf 89' lang='lat' dir='ltr'>rerum</span> 
     </span>
     <span class='ocr_line' id='line_1_36' title="bbox 177 3085 2012 3144; baseline -0.002 -16"><span class='ocrx_word' id='word_1_358' title='bbox 177 3091 433 3129; x_wconf 85' lang='lat' dir='ltr'>humanarum</span> <span class='ocrx_word' id='word_1_359' title='bbox 458 3100 571 3140; x_wconf 85' lang='lat' dir='ltr'>statu,</span> <span class='ocrx_word' id='word_1_360' title='bbox 593 3091 719 3143; x_wconf 92' lang='lat' dir='ltr'>ipsum</span> <span class='ocrx_word' id='word_1_361' title='bbox 738 3091 840 3128; x_wconf 91' lang='lat' dir='ltr'>hunc</span> <span class='ocrx_word' id='word_1_362' title='bbox 862 3091 1120 3142; x_wconf 90' lang='lat' dir='ltr'>principatum</span> <span class='ocrx_word' id='word_1_363' title='bbox 1137 3092 1287 3130; x_wconf 78' lang='lat' dir='ltr'>civilem</span> <span class='ocrx_word' id='word_1_364' title='bbox 1307 3105 1379 3144; x_wconf 90' lang='lat' dir='ltr'>pro</span> <span class='ocrx_word' id='word_1_365' title='bbox 1402 3091 1505 3129; x_wconf 90' lang='lat' dir='ltr'>bono</span> <span class='ocrx_word' id='word_1_366' title='bbox 1523 3104 1567 3128; x_wconf 88' lang='lat' dir='ltr'>ac</span> <span class='ocrx_word' id='word_1_367' title='bbox 1593 3090 1715 3128; x_wconf 89' lang='lat' dir='ltr'>libero</span> <span class='ocrx_word' id='word_1_368' title='bbox 1734 3088 1910 3127; x_wconf 86' lang='lat' dir='ltr'>Ecclesiae</span> <span class='ocrx_word' id='word_1_369' title='bbox 1927 3085 2012 3124; x_wconf 87' lang='lat' dir='ltr'>ani-</span> 
     </span>
     <span class='ocr_line' id='line_1_37' title="bbox 178 3149 2010 3202; baseline -0.003 -16"><span class='ocrx_word' id='word_1_370' title='bbox 178 3162 374 3188; x_wconf 77' lang='lat' dir='ltr'>marumve</span> <span class='ocrx_word' id='word_1_371' title='bbox 396 3150 580 3200; x_wconf 83' lang='lat' dir='ltr'>regimine</span> <span class='ocrx_word' id='word_1_372' title='bbox 608 3150 767 3188; x_wconf 90' lang='lat' dir='ltr'>omnino</span> <span class='ocrx_word' id='word_1_373' title='bbox 785 3150 943 3202; x_wconf 89' lang='lat' dir='ltr'>requiri.</span> <span class='ocrx_word' id='word_1_374' title='bbox 972 3152 1184 3202; x_wconf 88' lang='lat' dir='ltr'>Oportebat</span> <span class='ocrx_word' id='word_1_375' title='bbox 1204 3165 1293 3189; x_wconf 86' lang='lat' dir='ltr'>sane</span> <span class='ocrx_word' id='word_1_376' title='bbox 1316 3150 1430 3189; x_wconf 90' lang='lat' dir='ltr'>totius</span> <span class='ocrx_word' id='word_1_377' title='bbox 1456 3149 1634 3188; x_wconf 76' lang='lat' dir='ltr'>Ecclesiae</span> <span class='ocrx_word' id='word_1_378' title='bbox 1657 3152 1777 3200; x_wconf 85' lang='lat' dir='ltr'>Caput</span> <span class='ocrx_word' id='word_1_379' title='bbox 1798 3151 2010 3185; x_wconf 82' lang='lat' dir='ltr'>Romanum</span> 
     </span>
     <span class='ocr_line' id='line_1_38' title="bbox 177 3202 2010 3262; baseline -0.003 -17"><span class='ocrx_word' id='word_1_380' title='bbox 177 3208 402 3248; x_wconf 81' lang='lat' dir='ltr'>Pontificem</span> <span class='ocrx_word' id='word_1_381' title='bbox 426 3209 519 3248; x_wconf 86' lang='lat' dir='ltr'>nulli</span> <span class='ocrx_word' id='word_1_382' title='bbox 543 3209 716 3262; x_wconf 88' lang='lat' dir='ltr'>Principi</span> <span class='ocrx_word' id='word_1_383' title='bbox 739 3223 820 3249; x_wconf 84' lang='lat' dir='ltr'>esse</span> <span class='ocrx_word' id='word_1_384' title='bbox 846 3209 1072 3259; x_wconf 79' lang='lat' dir='ltr'>subjectum,</span> <span class='ocrx_word' id='word_1_385' title='bbox 1097 3210 1174 3248; x_wconf 90' lang='lat' dir='ltr'>imo</span> <span class='ocrx_word' id='word_1_386' title='bbox 1201 3210 1341 3248; x_wconf 90' lang='lat' dir='ltr'>nullius</span> <span class='ocrx_word' id='word_1_387' title='bbox 1365 3209 1582 3261; x_wconf 78' lang='lat' dir='ltr'>hospitem3</span> <span class='ocrx_word' id='word_1_388' title='bbox 1605 3209 1672 3246; x_wconf 91' lang='lat' dir='ltr'>sed</span> <span class='ocrx_word' id='word_1_389' title='bbox 1693 3207 1732 3244; x_wconf 92' lang='lat' dir='ltr'>in</span> <span class='ocrx_word' id='word_1_390' title='bbox 1757 3204 1917 3258; x_wconf 89' lang='lat' dir='ltr'>proprio</span> <span class='ocrx_word' id='word_1_391' title='bbox 1938 3202 2010 3240; x_wconf 90' lang='lat' dir='ltr'>do-</span> 
     </span>
    </p>
   </div>
  </div>
 </body>
</html>
