2135 3442
192 160 265 196 348
797 156 1112 193 ALLOCUTION
1142 156 1205 192 DE
1234 157 1313 192 PIE
1343 157 1413 193 IX.

188 249 288 289 olim
320 247 537 306 vigebant,
563 256 687 303 atque
714 244 942 286 florebant.
969 245 1076 284 Cum
1099 255 1239 285 autem
1267 259 1333 284 res
1356 258 1406 284 eo
1441 242 1596 284 fuerint
1621 243 1826 296 deductae,
1853 257 1900 286 ut
1929 247 2028 289 satis

187 329 274 354 non
295 313 346 354 sit
363 312 479 353 illata
501 309 694 352 Ecclesiae
721 309 875 350 damna
904 307 1146 365 deplorare,
1166 309 1243 349 nisi
1270 323 1413 349 curam
1437 323 1610 349 omnem
1629 319 1669 349 et
1692 324 1862 367 operam
1883 309 1936 351 ad
1957 310 2027 353 illa

187 377 376 419 tollenda
399 376 691 426 adhibeamus,
714 373 872 415 idcirco
896 374 1083 414 muneris
1100 373 1240 415 Nostri
1260 383 1401 431 partes
1422 372 1659 430 implentes,
1686 373 1729 414 in
1752 374 1835 415 hoc
1858 375 2027 432 amplis-

187 442 292 484 simo
316 453 453 484 vestro
475 457 673 483 consessu
695 439 895 481 Nostram
917 438 1069 479 iterum
1085 454 1233 480 vocem
1253 437 1483 495 apostolica
1503 436 1695 479 libertate
1716 437 1962 489 attollimus,
1981 455 2028 481 ac

188 522 274 548 non
294 507 430 549 solum
468 506 612 548 onmia
635 515 676 546 et
697 503 861 561 singula
887 502 1054 544 decreta
1075 503 1126 543 ab
1152 503 1222 544 illo
1244 501 1462 544 Gubernio
1486 501 1529 542 in
1544 501 1793 560 Religionis,
1814 502 2024 553 Ecclesiae,

185 583 227 612 et
251 572 371 627 hujus
389 573 548 613 Sanctae
571 569 689 611 Sedis
708 567 881 623 jurium,
908 577 948 608 et
966 567 1225 609 auctoritatis
1249 567 1550 609 detrimentum
1566 569 1653 621 jam
1673 566 1854 624 prolata,
1882 582 2028 608 verum

185 635 311 677 etiam
326 637 462 695 legem
481 650 625 677 recens
642 631 903 691 propositam
919 632 1209 689 reprobamus,
1228 643 1270 674 et
1287 632 1552 682 damnamus,
1572 631 1726 689 illaque
1745 631 1890 672 omnia
1911 631 2028 674 irrita

183 716 353 758 prorsus
374 717 421 742 ac
442 700 558 741 nulla
576 698 854 739 declaramus.
871 697 1076 737 Praeterea
1094 708 1182 738 tum
1203 713 1274 738 eos
1299 712 1463 746 omnes,
1486 712 1668 753 quorum
1690 695 1880 746 nomine,
1899 711 2029 754 opera

186 776 228 806 et
258 767 374 820 jussu
411 765 499 822 ipsa
532 763 701 805 decreta
729 763 818 817 jam
859 760 972 802 edita
1004 771 1114 811 sunt,
1152 772 1242 803 tum
1279 761 1387 811 illos,
1424 760 1494 818 qui
1524 760 1605 818 legi
1638 776 1772 818 nuper
1801 760 2029 819 proposita·

186 830 333 887 quovis
358 830 488 871 modo
510 828 663 878 favere,
688 826 755 868 vel
774 826 889 867 illam
910 827 1107 884 probare,
1134 838 1204 867 aut
1227 826 1386 868 sancire
1406 841 1493 867 non
1513 824 1850 876 formidaverint,
1871 825 2029 883 gravis-

185 894 288 935 sime
322 909 560 944 monemus,
588 903 633 934 ut
666 891 793 933 etiam
831 902 955 948 atque
989 890 1115 931 etiam
1148 891 1289 932 animo
1322 902 1547 948 menteque
1571 901 1768 948 reputent
1796 905 1953 947 poenaS,
1989 901 2030 932 et

186 975 394 1010 censuras,
435 974 525 1017 quae
570 959 623 998 ab
670 956 925 1014 Apostolicis
968 955 1364 1007 Constitutionibus,
1404 971 1700 1013 sacrorumque
1743 954 2030 996 Conciliorum

186 1024 449 1075 Canonibus,
478 1022 661 1064 maxime
682 1020 921 1063 Tridentini
954 1021 1068 1077 (sess.
1060 1054 1086 1072 .,
1114 1026 1167 1062 22
1145 1053 1185 1071 ..,
1211 1037 1302 1079 cap.
1335 1022 1403 1077 11)
1430 1019 1624 1062 adversus
1654 1035 1795 1061 rerum
1818 1035 2027 1061 sacrarum

185 1089 395 1146 frvdatm
398 1104 440 1130 es
459 1099 499 1130 et
522 1086 832 1145 profanatoreS,
860 1084 1150 1128 ecclesiasticae
1176 1084 1407 1143 potestatis,
1430 1101 1477 1126 ao
1499 1084 1704 1126 libertatis
1723 1084 1964 1137 violatores,
1990 1096 2031 1126 et

185 1153 392 1204 Ecclesiae,
406 1153 651 1209 Sanctaeque
666 1151 784 1192 Sedis
795 1150 955 1207 jurium
970 1161 1238 1208 usurpatores
1255 1149 1491 1191 constitutae
1507 1161 1614 1190 sunt.
1630 1149 1806 1190 Utinam
1817 1160 2030 1192 tantorum

184 1218 392 1258 malorum
418 1228 608 1259 auctores
631 1214 797 1258 Nostris
828 1215 941 1257 hisce
968 1214 1157 1265 vocibus,
1184 1214 1442 1271 monitisque
1474 1214 1657 1272 permoti
1685 1224 1811 1283 atque
1841 1214 2026 1264 excitati,

183 1281 358 1323 tandem
383 1281 611 1340 aliquando
643 1291 804 1323 cessent
833 1296 855 1321 a
884 1290 949 1321 tot
972 1279 1081 1320 ausis
1105 1290 1252 1321 contra
1278 1278 1599 1321 ecclesiasticam
1634 1277 1960 1329 immunitatem,
1990 1289 2031 1320 et

184 1346 439 1397 libertatem,
465 1363 513 1388 ac
536 1357 767 1417 prope1ent
789 1361 984 1404 reparare
1014 1345 1236 1386 innumera
1260 1344 1416 1386 damna
1441 1343 1638 1385 Ecclesiae
1664 1342 1794 1394 illata,
1825 1354 1951 1400 atque
1974 1343 2028 1383 ita

182 1422 360 1479 paterno
384 1412 539 1453 Nostro
561 1411 703 1452 animo
726 1410 949 1451 durissima
977 1420 1189 1451 1110111101
1209 1409 1432 1452 necessitas
1457 1407 1861 1450 animadvertendi
1851 1423 1894 1448 m
1922 1407 2032 1466 ipsos

184 1474 262 1516 illis
288 1476 429 1527 armis,
457 1492 548 1534 quae
569 1491 686 1517 sacro
706 1476 861 1517 Nostro
886 1473 1122 1516 ministerio
1145 1474 1345 1516 (1111111105
1364 1474 1479 1515 fuere
1501 1472 1724 1514 attributa!

242 1717 299 1756 Ut
321 1725 463 1756 autem
490 1714 720 1756 catholicus
756 1713 870 1754 orbis
896 1713 1123 1771 perspiciat
1151 1729 1272 1754 curas
1299 1710 1326 1754 a*
1351 1713 1484 1755 Nobis
1507 1729 1586 1770 pro
1613 1712 1808 1754 Ecclesiae
1837 1728 1958 1753 0111153
1987 1713 2028 1753 111

184 1779 415 1837 Snbalpino
435 1781 585 1836 Regno
615 1778 773 1820 tuenda
800 1790 1027 1835 susceptas,
1051 1794 1097 1818 ac
1123 1777 1246 1818 simul
1264 1789 1492 1836 cognoscat
1512 1777 1663 1835 agendi
1686 1776 1911 1826 rationem,
1939 1794 2029 1834 qua:

183 1846 236 1886 ab
260 1845 333 1886 illo
357 1844 577 1887 Gubernio
609 1843 796 1884 adhibita
823 1843 917 1892 fuit,
946 1842 1201 1900 peculiarem
1234 1859 1375 1884 rerum
1394 1843 1705 1900 expositionem
1734 1841 1848 1900 typis
1877 1841 1962 1892 edi,
1990 1854 2031 1884 et

184 1909 335 1967 cuique
353 1920 540 1950 vestrum
559 1907 669 1948 tradi
684 1908 900 1962 jussimus,

244 2012 484 2067 Antequam
513 2024 612 2050 vero
649 2007 853 2065 loquendi
886 2008 1016 2049 finem
1045 2007 1262 2056 faciamus,
1296 2007 1411 2048 haud
1439 2023 1680 2065 possumus,
1717 2006 1819 2064 quin
1853 2007 2030 2049 summis

184 2074 431 2130 meritisque
467 2073 667 2114 laudibus
692 2072 917 2114 efferamus
940 2071 1212 2114 venerabiles
1239 2073 1407 2113 Fratres
1432 2072 1622 2127 ejusdem
1652 2071 1871 2130 Subalpini
1896 2071 2029 2130 Regni

184 2138 540 2209 Arclxiepiscopos
564 2148 605 2178 et
629 2137 875 2195 Episcopos,
897 2136 967 2194 qui
992 2136 1173 2195 propriae
1198 2136 1429 2195 dignitatis,
1452 2148 1493 2178 et
1516 2136 1642 2178 officii
1667 2152 1891 2186 memores,
1913 2137 2029 2179 Nos-

188 2215 225 2245 11
228 2219 344 2260 isque
362 2202 469 2244 10115
490 2218 616 2260 quam
635 2201 967 2243 cumulatissime
988 2201 1310 2273 respondentes,
1327 2218 1543 2259 nunquam
1565 2201 1813 2243 destiterunt
1828 2201 2027 2259 singulari

185 2268 339 2309 xirtute
365 2278 405 2308 et
420 2267 657 2309 constantia
675 2283 759 2324 qua
772 2282 891 2317 voce,
919 2282 998 2323 qua
1019 2282 1084 2307 501
1088 2278 1186 2324 lptls
1203 2283 1418 2325 opponele
1442 2283 1611 2308 murum
1624 2283 1700 2324 pro
1724 2268 1865 2308 Domo
1881 2267 2024 2317 151301,

187 2350 234 2375 ac
252 2332 346 2383 Dei,
376 2334 546 2388 ejusque
571 2344 723 2374 sanctae
744 2331 941 2373 Ecclesiae
966 2347 1136 2373 causam
1159 2343 1327 2374 strenue
1350 2347 1630 2390 propugnare.
1648 2333 1787 2389 Atque
1802 2331 1872 2372 hic
1891 2343 2029 2389 gratu-

183 2398 322 2438 lamur
357 2413 525 2454 quoque
559 2414 610 2439 ex
644 2397 786 2439 animo
819 2408 882 2439 tot
921 2397 1234 2455 spectatissimis
1269 2397 1386 2438 laicis
1425 2397 1536 2447 viris,
1569 2397 1640 2454 qui
1680 2397 1724 2438 in
1764 2396 1835 2438 illo
1879 2398 2027 2455 Regno

183 2473 413 2508 morantes,
439 2473 478 2503 et
502 2462 717 2504 catholicis
743 2462 936 2504 sensibus
960 2462 1125 2521 egregie
1151 2462 1339 2511 animati,
1364 2478 1411 2503 ac
1432 2461 1566 2503 Nobis
1591 2473 1632 2503 et
1658 2462 1757 2504 huic
1775 2461 2028 2519 Apostolicae

185 2527 283 2568 Sedi
304 2525 480 2567 firmiter
501 2526 760 2568 adhaerentes
777 2526 944 2585 gloriati
968 2539 1186 2569 suntsacra
1204 2526 1400 2568 Ecclesiae
1413 2527 1509 2582 jura
1524 2538 1613 2567 tum
1625 2543 1742 2577 voce,
1763 2538 1854 2568 tum
1866 2526 2028 2584 scriptis

185 2592 324 2649 palam
344 2590 597 2648 publiceque
623 2591 869 2634 defendere.

246 2714 422 2756 Interim
448 2730 471 2755 a
495 2715 631 2765 vobis,
662 2716 937 2757 Venerabiles
970 2717 1151 2766 Fratres,
1186 2715 1258 2772 qui
1287 2716 1329 2755 in
1358 2727 1521 2773 partem
1547 2716 1841 2758 sollicitudinis
1865 2716 2027 2757 Nostra·

184 2779 321 2820 1001111
343 2779 456 2829 05115,
482 2780 760 2852 exposcimus,
792 2792 838 2821 ut
862 2796 947 2821 una
969 2780 1202 2822 Nobiscum
1226 2780 1518 2835 potentissimo
1542 2781 1827 2822 Immaculata
1846 2780 1896 2819 K
1886 2778 2027 2837 irginis

184 2844 329 2885 Mariae
345 2845 581 2902 patrocinio
604 2844 763 2887 suffulti
788 2845 989 2897 assiduas,
1018 2845 1165 2886 servzid
1154 2860 1278 2902 asque
1302 2861 1447 2903 preces
1470 2848 1561 2889 Deo
1586 2846 1786 2888 adhibere
1809 2859 2026 2902 nunquam

185 2908 398 2960 desinatis,
425 2920 471 2951 ut
495 2909 649 2951 coelesti
668 2925 741 2951 sua
765 2926 845 2967 ope
865 2911 1029 2951 Nostris
1051 2909 1172 2960 curis,
1200 2921 1241 2951 et
1260 2912 1478 2954 conatibus
1501 2912 1658 2962 adesse,
1685 2922 1808 2969 atque
1828 2908 2024 2966 omnipo-

185 2979 289 3020 tenti
313 2995 387 3021 sua
407 2981 470 3022 vil
474 2991 560 3022 tute
579 2979 777 3022 Εο0105110
795 2996 875 3021 sure
899 2992 1051 3022 53110110
1077 2995 1246 3021 0110511111
1266 2981 1392 3034 tue1i,
1415 2994 1455 3025 et
1475 2994 1664 3026 errantes
1684 2982 1738 3024 ad
1756 2979 1956 3029 veritatis,
1983 2988 2023 3017 et

181 3043 347 3098 justitiae
365 3044 559 3089 semitam
576 3044 776 3089 reducere
796 3044 909 3088 velit.
