2135 3442
167 154 242 190 380
834 151 1025 186 LETTRE
1052 150 1118 185 DE
1148 149 1226 185 PIE
1254 149 1325 184 IX.

166 250 314 281 mutuo
333 237 527 298 fraternae
551 236 734 279 caritatis
756 236 909 279 effectu
927 253 969 278 se
988 236 1170 278 invicem
1192 236 1355 277 honore
1375 233 1697 291 praevenientes,
1730 235 1807 275 Dei
1828 235 1988 292 gloriae,

167 315 208 345 et
225 303 463 345 animarum
485 302 608 344 saluti
625 302 893 353 unanimiter,
917 317 964 344 ac
984 300 1285 343 studiosissime
1307 297 1554 340 inserviant.

224 473 401 516 Habetis
420 490 510 532 quae
530 490 609 531 pro
632 471 936 530 impensissima
957 472 1111 513 Nostra
1133 488 1231 530 erga
1256 474 1356 521 Vos,
1386 481 1426 511 ct
1450 468 1596 511 fideles
1626 468 1745 510 istius
1775 468 1998 511 vastissimi

166 539 335 597 Imperii
354 539 535 597 populos
558 538 727 580 caritate
750 536 898 588 Vobis,
933 536 1083 578 Dilecti
1117 537 1210 578 Filii
1229 535 1388 585 Nostri,
1430 550 1478 576 ac
1500 533 1776 575 Venerabiles
1804 535 1992 586 Fratres,

164 620 279 646 nune
298 604 563 661 potissimum
597 601 872 659 significanda
909 601 1164 654 censuimus,
1208 617 1254 642 ac
1282 617 1360 658 pro
1398 610 1515 640 certo
1551 599 1773 648 habemus,
1809 599 1897 639 Vos
1917 614 1995 656 pro

165 668 333 726 egregia
352 680 490 710 vestra
507 667 674 717 virtute,
709 666 932 723 religione,
965 665 1138 723 pietate,
1169 681 1217 707 ac
1238 675 1457 723 perspecta
1478 664 1522 704 in
1558 663 1660 713 Nos,
1686 674 1728 704 et
1750 663 1860 704 hanc
1882 662 1996 704 Petri

163 732 418 773 Cathedram
439 732 521 774 fide
551 743 592 773 et
621 730 888 772 observantia
915 730 1029 772 hisce
1051 731 1238 788 paternis
1266 729 1431 771 Nostris
1463 728 1698 778 desideriis,
1739 728 1997 785 monitisque

164 813 292 854 quam
312 796 604 846 libentissime,
619 807 658 837 et
677 794 1004 838 cumulatissime
1026 810 1117 836 esse
1136 797 1462 851 obsequuturos.
1486 796 1547 835 Ac
1567 793 1691 850 plane
1712 809 1803 834 non
1822 792 1995 834 dubita-

163 877 273 912 mus,
295 861 399 917 quin
419 877 493 902 vos
514 877 674 911 omnes,
701 859 852 901 Dilecti
881 859 975 900 Filii
995 860 1154 911 Nostri,
1193 875 1240 901 ac
1259 858 1532 901 Venerabiles
1553 860 1738 908 Fratres,
1771 858 1998 898 Pastorum

162 925 403 983 Principem
438 926 651 967 Christum
686 927 824 965 Iesum
847 922 1116 965 continenter
1152 924 1377 975 intuentes,
1402 923 1534 981 quise
1566 923 1770 964 humilem
1792 933 1833 964 et
1853 923 2001 963 mitem

163 990 291 1032 corde
318 1001 380 1032 est
399 990 628 1048 professus,
662 989 819 1046 quique
850 988 966 1029 dedit
997 988 1181 1029 animam
1206 1005 1323 1030 suam
1351 1005 1430 1047 pro
1451 987 1599 1030 ovibus
1633 988 1716 1029 suis
1757 987 2001 1044 relinquens

162 1056 288 1097 nobis
306 1056 562 1113 exemplum,
603 1065 648 1095 ut
672 1070 900 1111 sequamur
928 1053 1102 1110 vestigia
1135 1053 1251 1105 Eius,
1285 1053 1548 1095 contendatis
1579 1052 1677 1093 totis
1704 1052 1863 1093 viribus
1885 1050 2003 1092 Illius

162 1119 352 1177 exempla
368 1121 532 1170 sectari,
556 1119 812 1160 documenta
835 1117 1025 1175 obsequi,
1054 1128 1094 1158 et
1119 1117 1239 1175 gregi
1272 1134 1379 1160 curae
1407 1129 1553 1159 vestrae
1585 1116 1808 1158 commisso
1836 1115 2003 1157 assidue

161 1184 408 1242 advigilare,
433 1184 475 1225 in
492 1184 690 1225 omnibus
709 1184 918 1233 laborare,
941 1181 1224 1223 ministerium
1244 1195 1429 1224 vestrum
1445 1183 1635 1240 implere,
1654 1194 1695 1222 et
1711 1197 1897 1239 quaerere
1915 1197 2003 1223 non

160 1265 251 1305 quae
272 1260 409 1289 vestra
425 1260 538 1299 sunt,
561 1249 633 1290 sed
651 1264 742 1305 quae
760 1247 915 1289 Christi
932 1249 1043 1297 Jesu‚
1067 1263 1206 1304 neque
1228 1247 1312 1289 iam
1332 1258 1379 1289 ut
1398 1247 1667 1289 dominantes
1686 1246 1730 1288 in
1756 1247 1904 1298 Charis,
1929 1247 2004 1288 sed

160 1314 222 1354 uti
241 1314 450 1365 Pastores,
470 1314 603 1355 immo
624 1315 772 1355 Patres
798 1311 1091 1364 amantissimi,
1119 1323 1161 1354 et
1189 1312 1288 1354 facti
1313 1312 1452 1354 forma
1487 1312 1623 1370 gregis
1656 1327 1709 1353 ex
1734 1311 1878 1353 auimo
1896 1311 2002 1351 nihil

163 1382 249 1418 tam
277 1379 526 1431 molestum,
568 1390 654 1420 tam
689 1378 956 1436 impeditum,
982 1388 1068 1419 tam
1098 1377 1278 1419 arduum
1300 1394 1489 1436 unquam
1508 1378 1598 1419 fore
1619 1376 1790 1435 putetis,
1817 1375 1934 1434 quod
1958 1376 2001 1417 in

161 1442 277 1483 omni
303 1443 522 1500 patientia,
550 1443 889 1497 mansuetudine,
915 1443 1111 1493 lenitate,
1154 1443 1380 1501 prudentia
1411 1443 1655 1493 ferendum,
1689 1440 2003 1500 expediendum

161 1523 208 1548 ac
218 1508 532 1564 providendum
553 1525 630 1566 pro
651 1521 886 1550 vestrarum
904 1507 1046 1548 ovium
1063 1507 1199 1549 salute
1219 1524 1303 1550 non
1322 1508 1490 1550 curetis.
1504 1509 1592 1549 Nos
1610 1508 1779 1549 interim
1792 1506 1835 1547 in
1857 1505 2000 1546 humi-

160 1570 277 1612 litate
297 1572 438 1613 cordis
455 1573 599 1614 Nostri
620 1573 735 1613 haud
763 1572 997 1614 omittimus
1014 1572 1203 1615 assiduas
1233 1573 1497 1630 fervidasque
1518 1571 1845 1614 clementissimo
1875 1570 2001 1611 lumi-

161 1651 282 1685 num,
313 1648 354 1676 et
394 1636 784 1679 misericordiarum
820 1638 934 1678 Patri
975 1639 1064 1678 Deo
1108 1638 1234 1679 totius
1269 1638 1570 1679 consolationis
1601 1637 1804 1678 adhibere
1836 1650 1997 1694 preces,

161 1711 209 1741 ut
232 1700 450 1741 uberrima
470 1717 648 1758 quaeque
683 1719 765 1744 suae
786 1702 988 1743 Bonitatis
1010 1702 1124 1742 dona
1161 1718 1286 1759 super
1320 1704 1406 1744 Vos
1427 1702 1634 1760 propitius
1667 1717 1832 1758 semper
1864 1699 2002 1741 effun-

163 1764 250 1816 dat,
284 1781 376 1821 quae
403 1765 446 1806 in
484 1766 658 1808 dilectas
697 1783 867 1824 quoque
906 1782 1003 1808 oves
1042 1766 1178 1807 Vobis
1210 1767 1473 1808 concreditas
1514 1767 1683 1824 copiose
1716 1765 1998 1807 descendant.

163 1828 289 1869 Cuius
310 1829 440 1870 divini
461 1830 643 1887 praesidii
674 1831 884 1889 auspicem
906 1842 947 1872 et
957 1830 1294 1888 propensissimae
1316 1847 1434 1888 aeque
1452 1848 1498 1872 ac
1513 1831 1825 1872 studiosissimae
1839 1831 2003 1872 Nostrae

164 1895 205 1935 in
224 1895 311 1935 Vos
325 1895 553 1936 voluntatis
571 1906 720 1937 testem
736 1897 1027 1953 Apostolicam
1043 1896 1387 1938 Benedictionem
1401 1896 1548 1937 eximo
1561 1895 1687 1937 corde
1703 1895 2004 1954 depromptam

162 1959 297 2001 Vobis
318 1960 505 2018 singulis,
523 1960 674 2002 Dilecti
700 1960 792 2001 Filii
808 1962 969 2012 Nostri,
992 1978 1040 2003 ac
1060 1961 1332 2002 Venerabiles
1351 1962 1536 2011 Fratres,
1567 1960 1808 2018 cunctisque
1826 1963 2003 2005 istarum

163 2024 447 2066 Ecclesiarum
470 2025 654 2078 Clericis,
695 2026 908 2083 Laicisque
943 2026 1141 2067 fidelibus
1173 2025 1743 2084 peramanterimpertimur.

225 2091 381 2130 Datum
407 2092 570 2143 Romse,
591 2091 704 2149 apud
730 2092 931 2133 Sanctum
951 2093 1142 2145 Petrum,
1169 2091 1236 2132 die
1274 2097 1323 2133 17
1351 2090 1492 2133 Martii
1521 2107 1633 2132 anno
1659 2093 1789 2143 1856,
1813 2090 1995 2132 Pontifi-

167 2164 284 2195 catus
307 2154 450 2196 Nostri
467 2171 579 2196 anno
600 2155 794 2197 Decimo.
