2135 3442
835 300 893 336 IX
920 301 940 335 J
942 299 1053 336 UNII
1079 298 1366 337 MDCCCLXII.

526 556 636 624 SS.
689 557 999 624 DOMINI
1047 557 1363 627 NOSTRI
1408 558 1530 627 PII
1578 559 1669 626 IX

914 726 1287 779 ALLOGUTIO

182 886 223 912 [Ν
264 885 579 912 CONSISTORIALI
618 880 638 910 9
675 885 787 911 JUNII
844 883 950 913 1862
996 887 1168 924 HABITA,
1214 889 1494 916 ADSTA'NTIBUS
1541 890 1671 916 ETIAM
1722 890 2018 927 PATRIARCHIS,

238 944 504 980 PRIMATIBL‘S,
539 944 894 984 ARCHIEPISCOPIS,
930 946 1160 984 EPISCOPIS,
1195 947 1395 975 SOLEMNIS
1425 949 1674 975 SANCTORUM
1712 950 1948 977 MARTYRIJM
1979 951 2022 977 IN

238 1003 415 1030 JAPONIA
454 1005 502 1030 ET
539 1004 767 1030 MICHAELIS
804 1004 858 1031 DE
896 1005 1063 1033 SANCTIS
1105 1007 1457 1034 CANONIZATIONIS
1499 1007 1630 1035 CAUSA
1672 1009 1789 1035 ROMA
1832 1010 2022 1037 CONGRE·

241 1063 379 1090 GATIS.

849 1195 895 1235 V
894 1194 1130 1237 enerabiles
1153 1196 1347 1245 Fratres,

238 1305 423 1347 Maxima
451 1304 626 1362 quidem
655 1305 798 1347 laetitia
834 1305 973 1350 affecti
1008 1308 1183 1360 fuimus,
1213 1307 1490 1350 Venerabiles
1514 1308 1701 1358 Fratres,
1725 1323 1823 1350 cum
1847 1309 2024 1351 Sancto-

174 1387 270 1412 rum
300 1371 486 1412 honores
515 1382 557 1413 et
591 1371 775 1422 cultum,
806 1373 898 1413 Deo
932 1373 1044 1414 bene
1072 1375 1262 1429 juvante,
1293 1384 1458 1432 septem
1489 1385 1531 1415 et
1561 1372 1710 1432 viginti
1741 1372 2025 1416 invictissimis

175 1434 324 1476 divinsc
354 1446 509 1476 nostrae
536 1434 756 1493 religionis
785 1436 991 1479 heroibus
1017 1438 1220 1480 hesterno
1248 1438 1316 1480 die
1344 1439 1574 1481 decernere
1597 1437 1877 1497 potuerimus,
1902 1439 2026 1481 vobis

178 1499 297 1541 lateri
316 1500 473 1541 Nostro
497 1500 783 1552 adstantibus,
809 1501 882 1559 qui
908 1503 1077 1561 egregia
1101 1503 1257 1561 pietate
1281 1520 1328 1545 ac
1351 1503 1504 1546 virtute
1530 1503 1712 1562 praediti,
1736 1514 1778 1545 et
1802 1503 1846 1545 in
1867 1503 2025 1545 sollici-

174 1564 335 1606 tudinis
354 1565 519 1606 Nostrae
540 1576 708 1623 partem
730 1566 868 1608 vocati
889 1567 933 1608 in
955 1568 1035 1609 hac
1056 1579 1173 1610 tanta
1194 1580 1439 1627 temporum
1459 1568 1687 1627 asperitate
1711 1580 1882 1610 strenue
1903 1568 2026 1610 dimi-

177 1640 321 1673 cantes
347 1645 427 1688 pro
458 1631 598 1671 Domo
628 1631 759 1672 Israel
790 1647 958 1673 summo
988 1633 1122 1674 Nobis
1150 1634 1300 1674 solatio
1331 1645 1372 1675 et
1403 1632 1684 1675 consolationi
1713 1632 1825 1674 estis.
1849 1632 2025 1674 Utinam

174 1710 275 1736 vero
310 1694 413 1735 dum
445 1694 688 1750 hujusmodi
719 1695 1017 1753 perfundimur
1047 1698 1218 1754 gaudio,
1251 1698 1371 1739 nulla¹
1405 1697 1614 1747 moeroris,
1646 1697 1867 1754 luctusque
1900 1712 2023 1738 causa

175 1760 264 1801 Nos
296 1759 465 1800 aliunde
501 1759 795 1801 contristaret!
828 1760 926 1801 Non
965 1777 1192 1818 possumus
1227 1762 1341 1803 enim
1376 1778 1462 1803 non
1496 1762 1769 1803 vehementer
1802 1761 1946 1803 dolere
1980 1773 2022 1804 et

176 1825 288 1882 angi,
309 1840 406 1865 cum
421 1823 640 1865 videamus
658 1823 913 1876 tristissima,
935 1837 977 1866 et
998 1842 1219 1883 nunquam
1241 1826 1340 1868 satis
1361 1826 1625 1885 deploranda
1646 1826 1757 1867 mala
1779 1842 1827 1867 ac
1848 1826 2020 1878 damna,

177 1890 329 1946 quibus
352 1905 449 1930 cum
468 1905 702 1947 permagno
724 1890 963 1931 animarum
986 1890 1245 1933 detrimento
1266 1891 1474 1933 catholica
1500 1906 1614 1932 nunc
1637 1890 1843 1941 Ecclesia,
1868 1901 1910 1931 et
1932 1892 2025 1948 ipsa

176 1953 308 1996 civilis
333 1953 509 1995 societas
536 1953 828 1995 miserandum
858 1953 903 1995 in
934 1955 1112 1996 modum
1141 1955 1348 2013 premitur
1375 1972 1423 1997 ac
1451 1955 1685 1997 divexatur.
1715 1955 1885 2013 Optime
1911 1954 2025 1996 enim

176 2018 362 2071 noscitis,
382 2018 659 2060 Venerabiles
683 2020 865 2069 Fratres,
891 2019 1163 2061 teterrimum
1184 2036 1285 2062 sane
1304 2021 1465 2062 bellum
1490 2032 1638 2062 contra
1660 2035 1750 2061 rem
1773 2019 2023 2061 catholicam

177 2082 417 2124 universam
444 2084 496 2123 ab
524 2082 573 2124 iis
598 2082 845 2124 hominibus
872 2083 1119 2136 conflatum,
1146 2085 1219 2142 qui
1244 2085 1403 2127 inimici
1427 2085 1570 2127 Crucis
1589 2084 1746 2126 Christi
1767 2100 1914 2126 sanam
1936 2100 2024 2126 non

178 2148 435 2190 sustinentes
469 2147 730 2199 doctrinam,
764 2164 812 2190 ac
846 2148 1007 2190 nefaria
1044 2150 1156 2192 inter
1188 2165 1231 2191 se
1266 2151 1466 2192 societate
1500 2148 1718 2205 conjuncti
1750 2163 2024 2206 quaecumque

178 2211 394 2269 ignorant,
414 2212 730 2270 blasphemant,
754 2228 801 2254 ac
821 2213 963 2270 pravis
983 2216 1184 2272 cujusque
1207 2215 1375 2271 generis
1396 2214 1559 2256 artibus
1581 2212 1851 2255 sanctissimae
1871 2225 2025 2255 nostrae

180 2275 412 2333 religionis,
443 2288 483 2317 et
513 2277 709 2318 humanae
736 2277 950 2319 societatis
980 2278 1259 2320 fundamenta
1288 2279 1556 2329 labefactare,
1588 2278 1738 2328 immo,
1766 2277 1798 2318 si
1826 2277 1916 2319 fieri
1946 2295 2025 2320 un-

182 2356 310 2397 quam
339 2352 499 2397 posset,
532 2342 702 2399 penitus
733 2354 937 2393 evertere,
972 2343 1248 2401 omniumque
1281 2343 1446 2385 animos
1475 2354 1722 2400 mentesque
1751 2343 2024 2400 perniciosis-

182 2404 296 2447 simis
317 2405 556 2462 quibusque
577 2406 797 2449 erroribus
820 2407 1027 2459 imbuere,
1054 2424 1325 2466 corrumpere
1346 2420 1387 2450 et
1413 2425 1436 2450 a
1459 2407 1666 2449 catholica
1685 2407 1892 2465 religione
1912 2407 2026 2450 avel-

183 2470 270 2511 lere
300 2469 548 2511 moliuntur.
581 2470 794 2513 Nimirum
824 2472 1084 2514 callidissimi
1118 2473 1185 2514 isti
1216 2473 1415 2515 fraudum
1446 2472 1641 2523 artifices,
1676 2483 1716 2514 et
1750 2472 2026 2514 fabricatores

182 2534 392 2576 mendacii
428 2551 515 2575 non
552 2548 717 2577 cessant
753 2548 992 2578 monstrosa
1032 2552 1209 2594 quaeque
1246 2549 1436 2579 veterum
1475 2552 1667 2579 errorum
1705 2547 1903 2595 portenta
1936 2538 2027 2593 jam

184 2598 502 2657 sapientissimis
536 2600 696 2657 scriptis
731 2602 858 2643 toties
893 2601 1117 2660 profligata
1156 2619 1204 2645 ac
1239 2603 1429 2660 depulsa,
1468 2602 1798 2660 gravissimoque
1830 2602 2025 2644 Ecclesiae

181 2663 341 2720 judicio
363 2663 562 2705 damnata
583 2680 605 2706 e
626 2666 814 2708 tenebris
834 2667 1034 2720 excitare,
1055 2684 1188 2724 eaque
1209 2667 1346 2717 novis,
1365 2666 1490 2708 variis
1509 2683 1556 2709 ac
1577 2666 1854 2709 fallacissimis
1877 2667 2025 2709 formis

185 2728 411 2785 verbisque
435 2744 630 2786 expressa
657 2745 925 2788 exaggerare,
952 2743 995 2773 et
1019 2732 1160 2774 modis
1186 2731 1385 2773 omnibus
1410 2747 1714 2789 usquequaque
1734 2731 2022 2774 disseminare.

186 2794 277 2834 Hac
297 2792 576 2834 funestissima
604 2809 650 2834 ac
677 2793 885 2836 diabolica
914 2813 1090 2854 prorsus
1118 2808 1207 2838 arte
1237 2813 1379 2838 rerum
1408 2797 1600 2838 omnium
1630 2796 1848 2839 scientiam
1876 2808 2024 2838 conta-

187 2859 373 2908 minant,
407 2857 654 2915 deturpant,
689 2859 958 2902 mortiferum
991 2862 1043 2903 ad
1079 2863 1316 2903 animarum
1351 2862 1585 2920 perniciem
1616 2862 1728 2903 virus
1761 2861 2022 2912 diffundunt,

189 2921 437 2964 effrenatam
454 2921 621 2963 vivendi
642 2921 871 2974 licentiam,
890 2936 929 2965 et
947 2942 1098 2983 pravas
1118 2942 1306 2984 quasque
1327 2926 1580 2984 cupiditates
1600 2926 1761 2979 fovent,
1780 2926 2024 2984 religiosum

190 3003 238 3029 ac
258 2987 456 3029 socialem
475 2986 671 3028 ordinem
696 2988 928 3040 invertunt,
956 3001 998 3031 et
1019 3007 1188 3032 omnem
1211 2990 1397 3047 justitiae,
1420 2991 1623 3043 veritatis,
1643 2991 1763 3047 juris,
1790 2991 2022 3033 honestatis

192 3063 233 3093 et
255 3052 470 3110 religionis
501 3051 640 3093 ideam
670 3051 911 3110 extinguere
933 3066 1152 3106 conantur,
1179 3067 1222 3097 et
1245 3056 1507 3098 sanctissima
1532 3056 1687 3098 Christi
1714 3056 1928 3113 dogmata,
1949 3054 2024 3096 do-

192 3116 371 3158 ctrinam
390 3116 583 3168 irrident,
608 3128 905 3168 contemnunt,
929 3131 1193 3176 oppugnant.
1213 3121 1371 3162 Horret
1391 3121 1565 3178 quidem
1581 3121 1819 3178 refugitque
1840 3119 2019 3167 animus,

194 3195 241 3221 ac
270 3181 517 3225 reformidat
544 3182 609 3224 vel
636 3182 783 3225 leviter
807 3181 1014 3240 attingere
1044 3184 1273 3242 praecipuos
1302 3196 1469 3228 tantum
1500 3184 1809 3243 pestiferosque
1835 3197 2018 3233 errores,
