2135 3442
742 327 839 362 XXI
868 322 1145 361 DECEMBRIS
1174 320 1481 357 MDCCCLXIII.

536 545 648 614 SS.
701 542 1011 611 DOMINI
1058 541 1377 609 NOSTRI
1427 539 1549 604 PII
1599 537 1688 604 IX

723 681 1031 736 LITTERAE
1075 678 1507 732 APOSTOLICAE

675 805 1011 849 VENERABILI
1043 804 1245 847 FRATRI
1279 800 1560 846 GREGORIO

605 926 933 953 ARCHIEPISCOPO
987 924 1223 951 MONACENSI
1269 924 1318 949 ET
1360 920 1623 949 FRISINGENSI

880 1031 1024 1081 PIUS
1067 1030 1232 1080 PAPA
1281 1028 1353 1078 IX

404 1166 679 1209 Venerabilis
701 1167 871 1217 Frater,
893 1164 1073 1205 Salutem
1094 1172 1135 1204 et
1153 1161 1446 1219 Apostolicam
1470 1159 1827 1200 Benedictionem.

250 1283 363 1323 Tuas
381 1280 567 1321 libenter
588 1277 829 1335 accepimus
849 1276 1029 1317 Litteras
1050 1274 1116 1316 die
1138 1280 1162 1316 7
1184 1272 1379 1332 proxime
1400 1271 1530 1329 elapsi
1553 1270 1714 1313 mensis
1738 1269 1941 1311 Octobris
1964 1269 2040 1310 da-

192 1359 273 1401 tas,
301 1356 348 1387 ut
369 1345 460 1385 Nos
481 1343 682 1385 certiores
707 1342 866 1383 faceres
886 1340 939 1382 de
963 1342 1184 1381 Conventu
1204 1338 1247 1379 in
1270 1337 1350 1379 ista
1376 1335 1626 1378 Monacensi
1653 1335 1822 1376 civitate
1842 1333 2041 1392 proximo

193 1426 338 1453 mense
359 1407 600 1467 Septembri
628 1423 650 1448 a
679 1405 896 1448 nonnullis
919 1404 1161 1447 Germaniae
1181 1403 1426 1460 Theologis‚
1453 1401 1675 1458 doctisque
1700 1399 1922 1441 catholicis
1938 1397 2044 1438 viris

192 1475 338 1518 habito
369 1474 422 1515 de
444 1472 570 1514 variis
595 1470 872 1530 argumentis,
896 1486 989 1527 quae
1010 1469 1064 1511 ad
1094 1468 1357 1526 theologicas
1380 1466 1618 1524 praesertim
1642 1481 1690 1506 ac
1716 1462 2040 1522 philosophicas

193 1540 423 1583 tradendas
478 1536 720 1595 disciplinas
766 1535 1001 1593 pertinent.
1048 1535 1111 1576 Ex
1162 1533 1333 1575 Litteris
1380 1531 1458 1574 tibi
1508 1532 1670 1572 Nostro
1714 1532 1832 1586 jussu
1880 1528 2046 1586 scriptis

194 1623 217 1648 a
236 1602 482 1646 Venerabili
512 1604 658 1643 Fratre
693 1600 899 1642 Matthaeo
920 1598 1255 1656 Archiepiscopo
1285 1595 1621 1639 Neocaesariensi
1650 1596 1825 1645 Nostro,
1855 1605 1896 1635 et
1923 1595 2041 1650 Apo-

195 1670 353 1712 stolicae
389 1669 515 1723 hujus
551 1665 670 1707 Sedis
706 1664 821 1722 apud
858 1663 982 1705 istam
1018 1663 1196 1720 Regiam
1235 1662 1374 1702 aulam
1415 1660 1576 1702 Nuntio
1612 1659 1677 1700 vel
1711 1659 1831 1700 sac-ile
1869 1671 2044 1699 noscere

195 1732 388 1793 potuisti,
415 1729 683 1773 Venerabilis
714 1730 877 1778 Frater,
912 1727 1068 1784 quibus
1090 1728 1179 1769 Nos
1205 1727 1396 1768 sensibus
1425 1724 1565 1766 affecti
1603 1723 1822 1773 fuerimus,
1852 1723 1925 1764 ubi
1952 1723 2041 1780 pri-

195 1815 313 1840 mum
344 1797 395 1839 de
425 1797 509 1837 hoc
543 1793 765 1852 proposito
794 1794 1013 1833 Conventu
1046 1791 1245 1832 nuntium
1279 1789 1541 1848 accepimus,
1577 1800 1618 1830 et
1648 1799 1879 1846 postquam
1912 1802 2044 1845 agno-

195 1864 330 1905 vimus
363 1859 580 1920 quomodo
610 1856 934 1900 commemorati
960 1855 1183 1912 Theologi,
1212 1866 1253 1897 et
1285 1854 1367 1896 viri
1404 1854 1457 1895 ad
1496 1852 1742 1909 hujusmodi
1777 1854 2043 1894 Conventum

197 1927 362 1970 invitati
397 1937 438 1968 et
471 1922 715 1981 congregati
760 1922 889 1963 fuere.
932 1920 1050 1962 Nihil
1084 1931 1198 1961 certe
1230 1920 1427 1961 dubitare
1463 1918 1714 1960 volebamus
1749 1917 1802 1958 de
1843 1916 2044 1958 laudabili

196 1993 296 2043 fine,
333 2006 418 2048 quo
445 1990 570 2045 hujus
606 1989 849 2028 Conventus
886 1996 1094 2035 auctores,
1129 1984 1402 2042 fautoresque
1446 1983 1628 2041 permoti
1669 1982 1800 2032 fuere,
1841 1993 1888 2023 ut
1930 1981 2043 2023 scili-

196 2068 262 2100 cet
292 2071 441 2098 omnes
461 2051 669 2095 Catholici
689 2051 769 2092 viri
793 2050 988 2092 doctrina
1008 2059 1278 2108 praestantes,
1303 2047 1469 2090 collatis
1497 2047 1698 2097 consiliis,
1722 2047 2047 2104 conjunctisque

196 2122 357 2164 viribus
375 2133 625 2178 germanam
647 2116 867 2158 catholicae
888 2114 1086 2156 Ecclesiae
1107 2114 1328 2156 scientiam
1354 2123 1661 2172 promoverent
1682 2127 1859 2168 eamque
1883 2128 1906 2152 a
1925 2110 2046 2153 nefa-

200 2186 288 2237 riis,
311 2201 358 2226 ac
377 2181 745 2242 perniciosissimis
766 2191 830 2222 tot
851 2179 1190 2222 adversariorum
1208 2177 1499 2236 opinionibus,
1526 2178 1833 2234 conatibusque
1853 2175 2044 2217 vindica-

201 2262 300 2293 rent
320 2266 368 2291 ac
388 2249 686 2291 defenderent.
711 2246 794 2288 Sed
812 2246 855 2286 in
875 2246 955 2286 hac
980 2244 1151 2286 sublimi
1170 2242 1379 2301 Principis
1396 2242 1703 2300 Apostolorum
1723 2241 1932 2282 Cathedra
1952 2240 2048 2282 licet

200 2317 474 2357 immerentes
503 2310 700 2354 collocati
721 2309 962 2368 asperrimis
985 2308 1100 2350 hisce
1128 2307 1409 2366 temporibus,
1435 2306 1588 2364 quibus
1615 2307 1843 2347 Sacrorum
1863 2305 2045 2346 Antisti—

202 2393 296 2422 tum
331 2379 574 2427 auctoritas,
597 2376 630 2418 si
667 2390 859 2433 unquam
884 2374 1002 2425 alias,
1026 2374 1080 2415 ad
1107 2375 1314 2415 unitatem
1337 2384 1378 2414 et
1398 2371 1685 2429 integritatem
1710 2370 1928 2413 catholicae
1949 2370 2048 2412 doc-

202 2444 324 2486 trinae
362 2441 699 2490 custodiendam,
724 2440 791 2482 vel
821 2438 1004 2481 maxime
1037 2450 1100 2480 est
1131 2437 1385 2488 necessaria,
1417 2447 1460 2478 et
1492 2437 1545 2477 ab
1569 2437 1770 2478 omnibus
1797 2446 1910 2478 sarta
1937 2446 2045 2477 tecta

205 2508 362 2551 servari
383 2508 527 2556 debet,
546 2522 634 2547 non
662 2504 880 2563 potuimus
906 2520 995 2544 non
1014 2504 1290 2546 vehementer
1317 2501 1464 2544 mirari
1482 2501 1675 2542 videntes
1692 2499 1918 2543 memorati
1938 2501 2049 2541 Con-

205 2583 356 2614 ventus
376 2571 676 2612 invitationem
705 2569 870 2628 privato
891 2567 1067 2609 nomine
1094 2568 1249 2610 factam
1276 2579 1318 2609 et
1338 2566 1671 2626 promulgatam,
1689 2565 1791 2623 quin
1812 2566 1900 2607 ullo
1917 2565 2048 2607 modo

206 2636 492 2680 intercederet
519 2635 742 2692 impulsus,
766 2633 1007 2683 auctoritas,
1034 2643 1074 2674 et
1103 2632 1249 2674 missio
1277 2630 1570 2674 ecclesiasticae
1598 2630 1820 2688 potestatis
1846 2630 1899 2672 ad
1919 2647 2045 2688 quam

207 2701 406 2762 proprio,
438 2716 485 2741 ac
517 2701 657 2740 nativo
686 2701 779 2755 jure
804 2699 926 2740 unice
951 2697 1138 2755 pertinet
1168 2697 1397 2755 advigilare
1427 2712 1474 2737 ac
1501 2695 1685 2753 dirigere
1712 2695 2048 2753 theologicarum

208 2765 446 2827 praesertim
470 2780 614 2805 rerum
641 2764 894 2805 doctrinam.
917 2765 1020 2816 Quae
1042 2778 1142 2805 sane
1169 2778 1252 2813 res,
1278 2773 1324 2803 ut
1354 2760 1517 2819 optime
1538 2760 1693 2810 noscis,
1721 2760 1898 2802 omnino
1918 2777 2044 2812 nova,

210 2849 257 2874 ac
275 2845 450 2890 prorsus
469 2828 667 2870 inusitata
686 2827 729 2868 in
750 2828 936 2869 Ecclesia
953 2839 1033 2869 est.

268 2934 407 2988 Atque
423 2929 574 2971 iccirco
593 2927 818 2977 voluimus,
833 2939 888 2980 te,
901 2927 1168 2970 Venerabilis
1186 2928 1350 2978 Frater,
1372 2942 1547 2968 noscere
1571 2927 1680 2967 hanc
1698 2926 1899 2967 Nostram
1919 2925 2046 2967 fuisse

211 2997 480 3045 sententiam,
501 3005 548 3035 ut
576 3009 673 3034 cum
702 3007 724 3032 a
750 3002 806 3041 te,
833 3002 924 3032 tum
958 2993 1010 3032 ab
1037 2992 1127 3033 aliis
1146 2990 1471 3033 Venerabilibus
1495 2990 1718 3032 Fratribus
1750 2990 1976 3032 Sacrorum
2003 2991 2046 3030 in

211 3060 438 3103 Germania
466 3057 737 3100 Antistitibus
765 3057 900 3113 probe
932 3056 1111 3110 judicari
1144 3066 1289 3114 posset
1315 3055 1367 3097 de
1404 3071 1533 3113 scopo
1568 3071 1646 3113 per
1673 3057 1913 3096 Conventus
1943 3069 2044 3112 pro-

211 3140 402 3182 gramma
422 3122 656 3172 enuntiato,
683 3120 715 3162 si
737 3135 890 3177 nempe
910 3119 1004 3160 talis
1025 3131 1147 3170 esset,
1171 3133 1217 3161 ut
1236 3136 1379 3162 veram
1396 3119 1593 3162 Ecclesiae
1611 3119 1836 3161 utilitatem
1857 3117 2041 3159 afferret.

211 3190 376 3231 Eodem
403 3199 545 3229 autem
563 3197 756 3244 tempore
781 3184 883 3227 certi
901 3199 1084 3235 eramus,
1107 3196 1162 3235 te,
1180 3184 1448 3226 Venerabilis
1472 3186 1632 3235 Frater,
1655 3200 1735 3241 pro
1754 3181 1956 3240 pastorali
1975 3191 2046 3221 tua

212 3252 496 3295 sollicitudine
526 3267 574 3293 ac
599 3251 689 3292 zelo
711 3249 853 3292 omnia
887 3247 1063 3291 consilia
1084 3259 1126 3290 et
1145 3249 1281 3290 studia
1302 3263 1396 3290 esse
1422 3247 1730 3298 adhibiturum,
1754 3261 1808 3288 ne
1833 3245 1877 3287 in
1893 3244 2047 3287 eodem
