2135 3442
125 123 202 159 364
800 120 985 156 LETTRE
1014 122 1080 156 DE
1109 122 1188 156 PIE
1217 121 1288 157 IX.

125 209 305 251 salutem
333 207 433 249 totis
459 206 620 249 viribus
644 222 874 265 procurare
901 207 1120 257 debemus,
1148 217 1303 265 urgent
1328 207 1434 256 Nos,
1456 206 1596 247 dilecti
1618 207 1711 249 Filii
1735 209 1894 263 Nostri,
1918 226 1965 253 ac

126 272 402 315 venerabiles
421 274 603 322 Fratres,
637 283 684 313 ut
708 271 906 313 eximiam
931 283 1115 313 vestram
1132 272 1349 329 pietatem,
1380 270 1598 321 virtutem,
1620 283 1662 312 et
1679 271 1967 343 episcopalem

125 337 388 395 vigilantiam
413 339 590 392 majore,
620 353 700 393 qua
721 352 960 394 possumus,
991 336 1267 378 contentione
1285 335 1413 377 eliam
1432 346 1558 406 atque
1575 335 1703 377 etiam
1721 337 1964 389 excitemus,

129 413 171 444 ut
192 401 384 443 1113011011
410 417 544 458 usque
561 402 651 443 zelo
669 418 771 459 pen
770 400 856 441 3115
878 417 1026 442 01111105
1044 400 1294 459 episcopalis
1317 400 1444 441 105111
1478 400 1663 441 muneris
1696 417 1773 458 pai
1776 412 1837 443 tes
1871 402 1968 443 dili-

123 466 368 524 gentissime
400 467 612 524 implersse
620 482 667 507 ac
699 466 825 507 nullis
858 480 995 535 neque
1029 466 1154 517 011115,
1186 482 1322 523 neque
1355 465 1556 514 consiliis,
1584 481 1723 521 neque
1752 466 1969 508 laboribus

125 547 313 589 unquam
334 547 523 589 [13100107
548 530 699 588 quibus
718 529 989 571 sanctissiniae
1007 529 1105 572 fidei
1127 541 1282 572 nostra
1315 529 1586 587 depositum'
1577 546 1620 570 111
1641 529 1788 571 1051115
1806 530 1970 573 Dioece-

125 595 241 637 sibus
271 598 410 654 integi
415 612 485 637 11111
514 595 853 651 inviolatumque
871 594 1134 648 custodiatis,
1156 606 1197 637 et
1213 595 1340 637 vest1i
1360 593 1496 652 gregis
1514 594 1795 635 incolumitati
1813 610 1966 636 consu-

123 660 274 712 lentes,
298 661 415 702 11111111
430 662 483 701 31)
500 661 699 701 omnibus
718 659 982 701 defendatis
972 659 1242 701 inimicorum
1254 659 1477 700 11011111111111
1492 658 1529 699 fi
1522 659 1713 700 audibus
1731 669 1772 700 et
1787 658 1964 700 insidiis.

125 726 322 782 Namque
354 727 489 783 probe
519 725 691 766 noscitis
718 724 916 774 nefarias,
946 724 1284 782 multiplicesque
1304 736 1416 765 artes
1435 723 1756 777 301110111101105,
1783 735 1824 765 01
1843 740 1969 765 111011-

125 800 261 832 strosa
291 790 429 832 omnis
464 789 628 847 generis
649 789 917 846 opinionum,
948 800 1168 846 portenta,
1195 789 1349 846 quibus
1386 788 1644 830 callidissimi
1674 804 1969 846 perversorum

126 854 377 911 dogmatum
400 854 617 896 architecti
638 853 900 911 improvidos
917 854 1150 910 prsesertim
1174 865 1215 895 et
1238 853 1458 911 imperitos
1477 870 1500 894 a
1523 852 1712 895 veritatis
1737 864 1778 894 et
1794 852 1964 909 justitiae

126 919 297 962 tramite
321 931 524 970 avertere,
554 930 680 975 atque
711 918 754 959 111
782 934 973 959 errorem
1000 918 1256 975 exitiumque
1274 918 1473 960 inducere
1494 918 1790 959 connituntur.
1814 918 1963 975 Neque

126 984 347 1042 ignoratis,
368 984 508 1026 dilecti
522 984 614 1025 Filii
627 983 789 1034 Nostri,
806 999 852 1024 30
863 983 1140 1025 Venerabiles
1157 985 1340 1034 Fratres,
1356 983 1466 1025 inter
1479 984 1678 1041 plurima,
1693 993 1733 1023 et
1746 998 1966 1039 nunquam

126 1049 226 1091 satis
252 1050 435 1108 lugenda
458 1049 583 1099 mala,
605 1064 697 1105 quae
725 1047 1050 1089 ecclesiasticam
1072 1059 1113 1089 et
1134 1048 1299 1090 civilem
1325 1048 1567 1089 societatem
1588 1048 1653 1089 vel
1670 1047 1852 1089 maxime
1868 1062 1967 1104 per-

126 1115 315 1164 turbant,
338 1125 462 1170 atque
481 1113 695 1164 divexant,
720 1113 804 1154 duo
822 1113 1088 1170 potissimum
1112 1129 1224 1154 nunc
1245 1113 1447 1164 eminere,
1465 1129 1556 1170 quac
1576 1113 1757 1154 aliorum
1775 1112 1968 1153 omnium

126 1179 322 1235 quaedam
341 1178 469 1220 veluti
489 1177 609 1235 origo
630 1194 719 1219 non
748 1177 961 1219 immerito
981 1177 1220 1219 videantur.
1242 1177 1377 1218 Vobis
1400 1177 1514 1219 enim
1535 1177 1727 1235 apprime
1744 1187 1845 1218 nota
1870 1186 1968 1218 sunt

126 1242 363 1294 innumera,
387 1255 430 1284 et
451 1243 736 1284 funestissima
770 1259 870 1284 sane
907 1243 1078 1293 damna,
1113 1259 1204 1300 quae
1226 1243 1268 1283 in
1290 1242 1579 1293 christianam,
1604 1253 1646 1283 et
1671 1242 1835 1283 civilem
1851 1257 1967 1283 rem-

124 1308 339 1365 publicam
372 1324 421 1350 ex
454 1308 723 1366 putidissimo
747 1308 1096 1363 indifferentismi
1117 1323 1261 1349 errore
1283 1307 1541 1349 redundant.
1562 1307 1672 1348 Hinc
1692 1307 1806 1348 enim
1825 1306 1969 1348 omnia

125 1388 222 1430 erga
247 1375 397 1425 Deum,
421 1373 465 1414 in
486 1389 571 1430 quo
588 1373 781 1423 vivimus,
803 1388 1039 1423 movemur,
1059 1383 1101 1414 et
1118 1388 1275 1423 sumus,
1301 1372 1440 1413 officia
1454 1372 1623 1430 penitus
1641 1372 1848 1429 neglecta,
1871 1371 1969 1412 hinc

125 1438 388 1480 sanctissima
429 1438 579 1496 religio
613 1439 739 1496 plane
772 1437 1032 1496 posthabita,
1065 1438 1165 1479 111110
1188 1437 1326 1479 01111115
1351 1437 1474 1493 juris,
1511 1436 1683 1493 justitiae
1723 1435 1971 1492 virtutisque

124 1501 401 1545 fundamenta
429 1519 648 1553 concussa,
681 1519 729 1545 30
751 1503 1068 1561 propemodum
1091 1519 1252 1545 eversa.
1275 1505 1309 1543 A
1331 1519 1414 1560 qua
1432 1501 1678 1560 turpissima
1705 1517 1805 1543 sane
1833 1501 1971 1558 indis-

123 1567 364 1623 ferentismz'
400 1567 539 1609 forma
572 1568 687 1609 haud
722 1567 957 1609 admodum
989 1567 1114 1608 distat
1152 1568 1256 1609 illud
1296 1567 1348 1609 de
1386 1567 1642 1624 religionum
1678 1566 1969 1621 indifferentia

125 1643 309 1689 systema
333 1649 356 1673 e
373 1632 560 1674 tenebris
578 1643 791 1689 eruptum,
817 1649 902 1688 quo
922 1631 1118 1673 homines
1148 1648 1170 1672 a
1191 1631 1368 1672 veritate
1391 1630 1574 1680 alienati,
1596 1646 1786 1687 verreque
1805 1629 1971 1671 confes-

124 1696 254 1738 sionis
275 1697 520 1747 adversarii,
543 1712 711 1753 suaeque
734 1696 879 1738 salutis
903 1696 1192 1747 immemores,
1232 1707 1274 1737 et
1294 1695 1405 1736 inter
1423 1711 1465 1737 se
1490 1695 1724 1753 pugnantia
1747 1694 1965 1749 docentes,

125 1771 167 1802 et
189 1778 407 1819 nunquam
436 1762 666 1803 stabilitam
695 1761 951 1803 sententiam
971 1761 1195 1811 habentes,
1230 1761 1396 1801 nullum
1417 1760 1528 1801 inter
1549 1760 1734 1801 diversas
1755 1758 1851 1799 fidei
1868 1775 1970 1816 pro-

125 1825 331 1867 fessiones
352 1826 580 1868 discrimen
599 1826 846 1877 admittunt,
876 1838 919 1868 et
939 1842 1086 1884 pacem
1103 1825 1260 1883 passim
1280 1841 1377 1866 011111
1401 1824 1600 1866 omnibus
1619 1823 1813 1874 miscent,
1835 1822 1972 1863 omni-

124 1891 288 1948 busque
316 1902 482 1932 aeternae
518 1892 612 1932 vitae
642 1902 815 1948 portum
838 1906 888 1931 ex
922 1890 1110 1947 qualibet
1144 1889 1350 1947 religione
1376 1900 1520 1947 patere
1549 1887 1828 1929 contendunt.
1851 1886 1971 1929 Nihil

126 1954 242 1996 enim
263 1955 438 1998 interest
455 1955 550 2006 illis,
572 1955 669 1996 licet
694 1955 860 1997 diversa
886 1954 1181 2005 tractantibus,
1203 1954 1306 1994 dum
1329 1953 1381 1993 ad
1399 1952 1523 1994 unius
1542 1952 1730 1994 veritatis
1753 1967 1969 2009 expugna-

126 2020 287 2061 tionem
326 2020 615 2078 conspirent¹.
652 2020 817 2061 Videtis
853 2019 1069 2077 profectO,
1107 2019 1250 2060 dilecti
1286 2018 1378 2060 Filii
1410 2019 1577 2068 Nostri,
1615 2034 1663 2059 ac
1696 2017 1972 2059 Venerabiles

128 2086 313 2136 Fratres,
349 2102 431 2143 qua
465 2085 684 2142 vigilantia
712 2084 834 2127 vobis
865 2084 917 2126 511
955 2084 1253 2126 excubandum
1285 2098 1339 2124 ne
1364 2095 1451 2124 tam
1488 2082 1589 2123 dirae
1626 2081 1821 2139 contagia
1842 2081 1970 2139 pestis

127 2160 287 2191 vestras
322 2166 420 2191 oves
454 2149 604 2191 misere
632 2149 838 2202 inficiant,
870 2165 917 2190 ac
941 2149 1138 2207 perdant.
1171 2150 1316 2205 Itaque
1339 2164 1393 2188 ne
1420 2147 1619 2188 desinatis
1641 2146 1821 2204 populos
1850 2145 1971 2187 vobis

126 2213 302 2255 traditos
323 2216 376 2255 ab
393 2215 507 2256 hisce
527 2214 894 2272 perniciosissimis
913 2213 1130 2255 erroribus
1148 2213 1296 2254 sedulo
1315 2212 1558 2262 defendere,
1580 2227 1735 2268 eosque
1753 2211 1972 2252 catholicae

124 2278 311 2319 veritatis
331 2279 523 2320 doctrina
547 2279 680 2337 magis
700 2279 744 2320 in
768 2279 855 2320 dies
879 2289 1072 2320 accurate
1102 2278 1308 2328 imbuere,
1336 2289 1376 2318 et
1398 2277 1492 2318 illos
1509 2277 1678 2325 docere,
1704 2275 1835 2332 quod,
1864 2275 1968 2317 sicut

127 2359 236 2384 unus
266 2355 327 2384 est
361 2346 474 2386 Deus
500 2346 641 2396 Pater,
674 2360 784 2386 unus
822 2345 1012 2385 Christus
1037 2346 1138 2399 ejus,
1172 2359 1281 2384 unus
1305 2342 1484 2400 Spiritus
1508 2343 1700 2391 Sanctus,
1724 2340 1781 2381 ita
1804 2356 1886 2381 una
1908 2351 1967 2382 est

126 2407 325 2449 divinitus
349 2409 531 2449 revelata
549 2409 719 2460 veritas,
749 2425 833 2450 una
860 2408 1002 2450 divina
1030 2408 1134 2449 fides
1152 2409 1347 2449 humanae
1369 2406 1514 2447 salutis
1535 2405 1717 2455 initium,
1749 2404 1972 2462 omnisque

125 2471 437 2529 justificationis
473 2473 812 2524 fundamentum,
862 2490 942 2530 qua
971 2475 1108 2529 justus
1148 2472 1265 2522 vivit,
1307 2483 1348 2512 et
1383 2471 1472 2512 sine
1502 2486 1582 2527 qna
1618 2469 1877 2527 impossibile
1908 2479 1972 2511 est

130 2537 296 2595 placere
327 2539 432 2588 Deo,
460 2549 501 2578 et
537 2539 591 2579 ad
629 2539 812 2579 filiorum
836 2540 924 2594 ejus
958 2537 1221 2580 consortium
1254 2535 1524 2594 pervenire²3
1561 2546 1602 2576 et
1634 2551 1718 2576 una
1757 2545 1820 2576 est
1850 2549 1966 2584 vera,

129 2614 289 2653 sancta,
316 2602 538 2652 catholica,
566 2604 811 2659 Apostolica
828 2604 1021 2644 Romana
1039 2602 1241 2651 Ecclesia,
1263 2612 1304 2641 et
1321 2600 1530 2641 Cathedra
1550 2617 1633 2642 una
1652 2615 1778 2657 super
1797 2600 1968 2640 Petrum

130 2667 304 2708 Domini
322 2683 426 2708 voce
441 2667 612 2708 fundata
629 2667 659 2720 ³,
683 2679 800 2709 extra
822 2684 950 2725 quam
970 2684 1048 2709 nec
1068 2683 1165 2708 vera
1189 2666 1310 2719 fides,
1337 2681 1414 2706 nec
1433 2676 1587 2707 aeterna
1609 2664 1822 2706 invenitur
1839 2663 1966 2713 salus,

131 2747 227 2774 cum
256 2732 415 2772 habere
434 2748 522 2772 non
542 2732 674 2788 possit
693 2734 830 2773 Deum
864 2734 1051 2782 Patrem,
1076 2730 1148 2788 qui
1175 2729 1406 2771 Ecclesiam
1426 2746 1512 2771 non
1555 2731 1686 2772 habet
1705 2730 1903 2779 Matrem,
1929 2738 1970 2768 et

130 2796 238 2838 falso
265 2795 451 2838 confidat
485 2812 527 2837 se
549 2812 640 2837 esse
675 2796 715 2837 in
744 2797 944 2847 Ecclesia,
974 2796 1043 2853 qui
1074 2796 1188 2836 Petri
1209 2795 1463 2836 Cathedram
1487 2795 1671 2848 deserat,
1695 2810 1821 2851 super
1841 2807 1969 2850 quam

131 2862 307 2904 fundata
324 2872 385 2903 est
403 2860 605 2902 Ecclesia*
619 2893 627 2900 .
646 2861 821 2902 Nullum
838 2878 938 2903 vero
953 2862 1088 2916 majus
1106 2870 1244 2917 potest
1264 2875 1353 2901 esse
1373 2859 1589 2914 delictum,
1610 2870 1652 2902 et
1671 2859 1785 2901 nulla
1804 2856 1967 2900 macula

179 3024 213 3056 1.
239 3021 387 3055 Tertull.
410 3020 453 3054 de
471 3020 664 3066 praescript.
689 3032 768 3065 cap.
792 3023 850 3054 41.

179 3071 212 3103 2.
240 3068 294 3102 Ad
315 3070 416 3103 Rom.
437 3081 512 3112 cap.
539 3071 570 3103 1.
591 3067 635 3100 ad
656 3067 764 3102 Hebr.
786 3079 863 3112 cap.
895 3070 949 3101 11.
973 3066 1075 3101 Trid.
1095 3067 1183 3101 Sess.
1208 3068 1241 3101 6.
1263 3079 1339 3113 cap.
1367 3068 1401 3101 8.

179 3119 213 3150 3.
240 3116 275 3152 S.
297 3116 464 3162 Cyprian.
480 3114 591 3160 Epist.
609 3118 666 3149 43·

180 3165 216 3201 4.
242 3163 277 3199 S.
296 3163 465 3210 C3prian.
487 3162 530 3196 de
549 3162 672 3197 unitat.
695 3161 791 3196 Eccl.
