2135 3442
175 177 224 212 32
427 171 735 217 ENCYCLIQUE
767 171 833 207 DE
862 169 911 208 N.
933 170 976 206 T.
1008 169 1045 205 S.
1078 170 1122 205 P.
1153 168 1214 203 LE
1242 169 1368 204 PAPE
1397 168 1475 204 PIE
1504 169 1577 204 IX.
1637 171 1653 205 1
1665 167 1757 205 861..

174 263 312 320 coepit,
353 275 441 302 non
473 261 568 316 jure
604 258 795 317 proprio,
818 256 891 299 sed
930 256 1003 297 illo
1036 257 1130 311 jure
1153 271 1242 308 usa,
1266 255 1384 313 quod
1408 271 1432 297 a
1462 255 1572 298 civili
1591 266 1800 313 potestate
1825 267 2015 299 mutuata

175 338 280 370 erat.

225 414 314 452 Litt.
334 416 467 464 Apost.
492 414 554 449 Ad
566 413 800 460 aspostolicae,
822 412 870 446 22
890 408 1037 459 augusti
1056 409 1174 457 1851,
1191 421 1288 458 pag.
1315 409 1409 446 292.

229 508 365 550 LXX.
397 505 634 549 Tridentini
654 518 838 546 canones
855 503 926 561 qui
947 501 1223 543 anathematis
1242 516 1461 543 censuram
1482 500 1562 542 illis
1581 501 1769 542 inferunt
1786 501 1859 558 qui
1884 501 2016 543 facul-

173 584 303 616 tatem
335 571 638 630 impedimenta
671 568 910 610 dirimentia
934 565 1164 607 inducendi
1194 565 1391 607 Ecclesiae
1421 580 1577 623 negare
1605 565 1804 617 audeant,
1830 565 1894 607 vel
1925 581 2014 608 non

172 649 267 679 sunt
287 636 513 695 dogmatici
531 634 595 676 vel
619 633 671 675 de
693 634 773 674 hac
795 641 983 673 mutuata
1006 640 1213 688 potestate
1236 629 1501 688 intelligendi
1524 641 1635 672 sunt.

224 732 312 768 Litt.
332 734 464 782 A.post
482 731 547 765 Ad
566 730 800 777 Apostolicae,
821 727 870 763 22
891 725 1040 775 augusti
1060 727 1177 772 1851,
1196 738 1288 774 pag.
1310 725 1404 761 292.

227 825 380 866 LXXI.
412 821 649 865 Tridentini
675 820 812 861 f01ma
841 819 919 860 sub
947 817 1195 859 infirmitatis
1221 832 1348 875 poena
1368 833 1456 858 non
1477 817 1654 874 obligat,
1682 816 1756 858 ubi
1788 817 1857 858 lex
1881 815 2011 857 civilis

169 882 293 924 aliam
316 882 496 924 formam
518 896 568 940 pr
571 880 764 933 aestituat,
788 889 829 920 et
852 877 951 920 velit
968 877 1049 919 hac
1072 891 1181 918 nova
1201 876 1335 918 forma
1358 876 1665 918 interveniente
1693 875 2014 917 matrimonium

169 946 325 990 valere.

219 1035 308 1075 Litt.
327 1036 460 1086 Apost.
477 1035 543 1071 Ad
555 1035 788 1082 Apostolicae,
812 1033 861 1069 22
878 1030 1027 1081 augusti
1049 1032 1144 1070 1851
1157 1060 1167 1080 ,
1186 1043 1276 1079 pag.
1305 1030 1398 1069 292.

223 1135 397 1176 LXXII.
431 1131 670 1175 Bonifacius
698 1132 801 1173 VIII
829 1141 975 1172 votum
996 1129 1200 1172 castitatis
1231 1131 1274 1171 in
1307 1128 1576 1171 ordinatione
1610 1127 1806 1170 emissum
1842 1128 2011 1185 nuptias

167 1199 303 1241 nullas
324 1198 502 1241 reddere
524 1198 686 1254 primus
707 1195 898 1238 asseruit.

217 1293 306 1330 Litt.
330 1294 464 1342 Apost.
488 1292 554 1328 Ad
567 1290 803 1340 Apostolicae,
827 1291 877 1326 22
896 1288 1046 1339 augusti
1067 1290 1186 1336 1851,
1201 1301 1297 1338 pag.
1325 1289 1418 1325 292.

222 1385 418 1426 LXXIII.
453 1384 507 1426 Vi
539 1394 780 1424 contractus
813 1397 932 1424 mere
958 1382 1088 1424 civilis
1121 1392 1263 1440 potest
1284 1380 1395 1423 inter
1422 1380 1672 1423 christianos
1698 1389 1895 1422 constare
1924 1382 2013 1422 veri

164 1449 346 1491 nominis
364 1448 708 1501 matrimonium,
730 1447 966 1504 falsumque
981 1457 1057 1499 est,
1080 1457 1152 1488 aut
1168 1456 1437 1489 contractum
1459 1444 1722 1487 matrimonii
1743 1445 1856 1487 inter
1876 1445 2011 1487 chris·

164 1513 299 1555 tianos
316 1528 482 1571 semper
500 1527 588 1554 esse
603 1522 931 1565 sacramentum,
953 1521 1026 1552 aut
1047 1511 1212 1553 nullum
1232 1526 1322 1553 esse
1340 1520 1624 1563 contractum,
1650 1511 1684 1553 si
1702 1520 2010 1554 sacramentum

164 1577 425 1620 excludatur.

214 1665 305 1705 Litt.
326 1667 459 1715 Apost.
478 1666 544 1700 Ad
565 1667 800 1713 Apostolicae,
826 1666 876 1701 22
896 1663 1045 1714 augusti
1067 1664 1188 1711 1851,
1204 1677 1299 1713 pag.
1320 1665 1415 1703 292.

214 1721 366 1756 Lettera
382 1717 419 1753 di
441 1719 478 1755 S.
498 1718 538 1754 S.
553 1719 635 1754 PIO
655 1718 713 1754 IX
732 1715 767 1754 al
788 1719 843 1754 Re
860 1716 898 1753 di
916 1715 1111 1766 Sardegna
1124 1718 1172 1754 19
1197 1715 1402 1754 settembre
1423 1717 1542 1765 1852,
1558 1730 1656 1766 pag.
1681 1718 1774 1754 312.

214 1771 338 1808 Alloc.
368 1769 672 1816 Acerbissimum,
686 1770 734 1806 27
748 1768 974 1819 septembris
995 1771 1115 1815 1852,
1137 1782 1231 1819 pag.
1258 1771 1351 1808 320.

214 1823 338 1864 Alloc.
355 1821 483 1861 Multis
499 1821 757 1872 gravibusque,
780 1825 827 1860 17
846 1821 1058 1860 decembris
1081 1823 1201 1870 1860,
1216 1835 1307 1872 pag.
1331 1824 1422 1860 424.

219 1915 412 1959 LXXIV.
439 1916 607 1957 Caussae
629 1914 961 1958 matrimoniales
983 1926 1024 1958 et
1047 1915 1257 1973 sponsalia
1289 1925 1436 1973 suapte
1458 1925 1612 1957 natura
1634 1914 1688 1957 ad
1712 1916 1854 1958 forum
1882 1916 2003 1958 civile

161 1992 388 2040 pertinent.

214 2074 302 2112 Litt.
326 2077 460 2124 Apost.
482 2074 549 2109 Ad
563 2076 798 2122 Apostolicae,
822 2074 872 2110 22
886 2072 1037 2124 augusti
1057 2074 1176 2122 1851,
1193 2088 1285 2124 pag.
1309 2074 1402 2112 292.

214 2127 337 2166 Alloc.
367 2125 670 2175 Acerbissc'mum,
696 2127 745 2161 27
767 2125 992 2177 septembris
1015 2128 1117 2164 1852
1125 2140 1245 2177 ,pugn
1264 2129 1312 2163 3⁵..
1299 2129 1356 2164 0.

221 2215 281 2256 Ν.
305 2214 356 2255 B.
383 2237 438 2246 --
463 2213 557 2255 Huc
575 2212 714 2255 facere
732 2224 909 2271 possunt
929 2213 1013 2255 duo
1035 2213 1103 2255 alii
1119 2229 1284 2256 errores
1311 2232 1320 2255 ε
1344 2213 1396 2256 de
1415 2213 1670 2257 clericorum
1684 2214 1880 2256 coelibatu
1898 2216 2003 2257 abo·

162 2279 291 2320 lendo
321 2289 362 2319 ct
397 2277 448 2319 de
480 2287 589 2318 statu
611 2277 871 2319 matrimonii
906 2278 1029 2319 statui
1059 2279 1310 2337 virginitatis
1341 2279 1634 2322 anteferendo.
1666 2278 1997 2332 Confodiuntur,

162 2344 276 2401 prior
294 2343 337 2383 in
356 2342 490 2400 Epist.
516 2341 688 2399 Encycl.
718 2342 804 2398 Qui
815 2342 1033 2399 pluribus,
1060 2348 1086 2386 9
1108 2344 1350 2386 novembris
1374 2347 1502 2394 1846,
1527 2360 1636 2402 pag.
1665 2348 1765 2393 172,
1785 2346 2000 2402 posterior

162 2408 204 2447 in
222 2407 391 2448 Litteris
414 2407 564 2462 Apost.
586 2405 849 2462 Multiplices
871 2413 994 2461 inter,
1016 2414 1067 2451 10
1087 2409 1192 2465 junii
1216 2412 1345 2462 1851,
1366 2426 1474 2468 pag.
1500 2413 1599 2451 286.

1007 2597 1032 2655 ς
1065 2598 1142 2641 lx.

511 2703 693 2743 Errores
719 2702 770 2742 cle
793 2701 910 2743 civili
930 2701 1108 2741 Romani
1131 2700 1358 2756 Pontificis
1368 2706 1635 2758 principatu.

219 2812 391 2854 LXXV.
425 2813 487 2854 De
520 2812 761 2869 temporalis
787 2812 906 2869 regni
926 2827 1023 2853 cum
1045 2811 1249 2869 spirituali
1271 2811 1620 2870 compatibilitate
1646 2812 1863 2872 disputant
1884 2817 1994 2858 inter

161 2893 204 2919 se
227 2877 462 2920 christianae
479 2887 520 2918 et
541 2876 758 2918 catholicae
784 2875 977 2918 Ecclesiae
998 2874 1087 2917 filii.

211 2964 300 3003 Litt
321 2967 423 3015 Apos
428 2972 452 3003 t.
475 2966 539 3002 Ad
557 2966 830 3013 Apost‹›li‹ae,⁶>
808 2974 856 3001 ..ι
838 2962 1027 3015 'augusti
1044 2965 1162 3011 1851,
1179 2977 1272 3014 pag.
1295 2965 1388 3004 292.

216 3053 406 3094 LXXVI.
440 3052 672 3110 Abrogatio
689 3050 816 3093 civilis
833 3051 1012 3108 imperii,
1035 3066 1117 3108 quo
1131 3051 1374 3108 Apostolica
1390 3051 1516 3095 Sedes
1531 3053 1706 3111 potitur,
1724 3054 1778 3096 ad
1793 3055 1986 3097 Ecclesiae

163 3118 398 3159 libertatem
420 3117 743 3174 felicitatemque
760 3116 825 3158 vel
850 3116 1032 3157 maxime
1056 3115 1329 3158 conduceret.

211 3205 332 3244 Alloc.
355 3205 494 3254 Quibus
508 3210 742 3256 quantisque,
764 3208 813 3243 20
831 3205 960 3255 aprilis
981 3207 1098 3251 1849,
1118 3218 1208 3255 pag.
1230 3206 1323 3243 210.
