2135 3442
184 237 260 273 106
892 238 1019 274 BREF
1047 239 1114 273 DE
1142 238 1220 273 PIE
1248 239 1314 273 VI.

183 320 355 379 quidem
388 321 505 362 nullo
536 320 666 362 modo
691 332 832 379 potest
857 321 1308 380 Augustodunensem,
1341 336 1520 379 suosque
1551 321 1786 362 imitatores
1809 322 1853 362 in
1877 337 2025 364 eorum

181 402 224 428 se
245 387 473 442 conjecisse
497 397 666 436 statum,
694 388 780 443 qui,
806 397 854 427 ut
877 387 1071 437 diximus,
1094 387 1302 442 judicium
1327 386 1544 428 subierant
1562 384 1736 435 Liberii,
1768 397 1808 427 et
1831 387 2024 441 Damasi3

182 463 308 508 atque
343 451 454 501 idco,
493 452 525 492 si
553 467 673 492 suum
708 451 812 492 illud
846 463 1153 493 sacramentum
1186 467 1274 492 non
1306 452 1609 500 revocaverint,
1649 451 1781 490 sciant
1808 450 1910 508 quid
1938 454 2027 507 jam

187 515 500 574 expectandum
521 515 598 556 sibi
620 517 688 557 sit.

242 581 349 634 Quae
367 580 571 622 hactenus
592 581 894 632 recensuimus,
919 597 965 621 ac
985 582 1350 639 pertractavimus,
1371 597 1460 621 non
1478 597 1529 622 ex
1551 591 1694 621 mente
1710 591 1866 631 nostra,
1883 580 1958 622 sed
1976 597 2028 623 ex

179 646 421 702 purioribus
443 661 569 686 sacrae
593 644 795 686 doctrinoe
817 645 1019 695 fontibus,
1048 656 1094 685 ut
1128 645 1296 695 videtis,
1324 645 1526 686 eruimus.
1562 645 1685 686 Nunc
1709 656 1849 686 autem
1876 645 1931 686 ad
1951 661 2028 688 vos

181 711 481 761 convertimur,
503 711 670 751 Fratres
694 711 824 751 nostri
848 711 1064 761 carissimi,
1085 721 1126 750 et
1147 710 1506 760 desideratissimi,
1532 710 1733 768 gaudium
1758 721 1965 762 nostrum,
1986 719 2030 752 et

182 790 341 816 corona
376 787 536 827 nostra,
564 777 634 832 qui
672 776 859 832 quamvis
897 774 1051 816 nullius
1073 776 1323 817 hortationis
1348 776 1526 816 stimulis
1556 775 1790 832 indigeatis,
1819 791 1916 816 cum
1939 776 2029 818 Nos

182 841 261 897 ipsi
290 841 334 881 in
367 841 489 881 vobis
520 840 749 897 gloriemur
781 856 859 898 pro
888 851 1025 881 vestra
1056 839 1140 882 fide
1164 840 1207 881 in
1230 842 1390 882 cunctis
1423 841 1636 891 aerumuis,
1667 851 1707 881 et
1740 856 1816 897 pro
1851 841 2030 898 egregiis

182 904 384 962 evulgatis
425 906 786 956 instructionibus,
823 904 1121 946 rationabilem
1153 906 1478 963 comprobemus
1518 905 1752 946 dissensum
1786 915 1974 946 vestrum
2007 921 2031 946 a

183 968 353 1010 decreto
391 970 506 1010 istius
537 971 801 1023 Conventus·⁷
833 969 1106 1010 nibilominus
1128 968 1235 1040 ‘quia
1265 970 1309 1010 in
1341 984 1435 1010 eam
1474 980 1714 1026 temporum
1743 969 2030 1011 calamitosam

183 1032 474 1075 conditionem
490 1034 749 1087 devenimus,
775 1045 821 1075 ut
838 1034 964 1074 ctiam
979 1033 1045 1074 his
1067 1033 1138 1091 qui
1163 1033 1241 1075 sibi
1259 1045 1368 1076 stare
1387 1035 1431 1075 in
1448 1035 1633 1075 Domino
1653 1033 1864 1086 videntur,
1887 1033 2031 1075 omnia

183 1097 408 1155 diligenter
427 1099 705 1156 praecavenda
735 1099 837 1152 sint‘,
866 1097 965 1139 ideo
988 1114 1067 1155 pro
1090 1099 1316 1140 commisso
1334 1099 1486 1147 Nobis,
1518 1098 1617 1139 licet
1644 1098 1733 1140 sine
1765 1099 1853 1140 ullo
1878 1100 2032 1141 merito

182 1174 344 1216 nostro,
370 1178 479 1203 curae
503 1163 721 1221 pastoralis
746 1162 906 1213 officio,
922 1163 1180 1204 Dilectiones
1191 1164 1376 1214 Vestras,
1403 1179 1566 1205 summa
1587 1179 1668 1220 qua
1691 1160 1912 1236 possumus
1931 1179 2032 1205 con-

183 1229 370 1269 tentione
394 1229 629 1279 hortamur,
655 1227 709 1269 ad
727 1195 978 1269 servandam
991 1227 1107 1269 omni
1127 1228 1366 1269 animorum
1386 1227 1475 1270 serv
1466 1244 1550 1270 01e
1571 1227 1682 1269 inter
1704 1244 1778 1269 vos
1795 1229 1906 1286 ipsos
1930 1243 2033 1270 con-

185 1292 388 1343 cordiam,
429 1304 475 1334 ut
516 1293 751 1349 conjunctis
775 1292 940 1343 studiis,
967 1309 1095 1350 opera
1121 1304 1162 1334 et
1197 1294 1394 1344 consiliis,
1421 1310 1507 1335 uno
1540 1294 1686 1351 spiritu
1724 1293 1777 1333 ab
1809 1293 1970 1335 insidiis
1991 1304 2032 1335 et

184 1358 402 1398 conatibus
422 1373 633 1398 novorum
654 1357 960 1414 legislatorum,
984 1358 1237 1400 catholicam
1252 1359 1503 1417 religionem
1526 1359 1646 1408 tueri,
1675 1359 1765 1399 Deo
1788 1357 2028 1413 adjuvante,

183 1421 354 1463 valeatis
382 1440 391 1463 :
414 1434 460 1463 ut
480 1424 590 1464 enim
620 1422 674 1465 ad
696 1423 838 1464 locum
859 1423 1108 1465 adversariis
1125 1425 1466 1482 patefaciendum
1487 1424 1591 1465 nihil
1613 1425 1746 1481 aptius
1769 1439 1858 1465 esse
1874 1435 2032 1482 posset,

183 1501 311 1542 quam
335 1488 573 1528 animorum
595 1499 807 1529 vestorum
826 1488 934 1529 inter
953 1504 996 1529 se
1018 1488 1311 1531 dissidentium
1334 1489 1575 1545 disjunctio,
1602 1490 1660 1530 sic
1681 1488 1735 1530 ad
1751 1488 2036 1530 intercluden-

186 1550 265 1592 dos
287 1552 366 1592 illis
389 1568 536 1593 omnes
557 1553 711 1605 aditus,
739 1569 971 1610 omnesque
1009 1554 1258 1596 evertendas
1286 1555 1528 1596 molitiones
1545 1554 1649 1595 nihil
1668 1553 1915 1606 concordia,
1938 1569 2035 1596 ves-

183 1627 427 1674 trarumque
449 1618 719 1658 voluntatum
751 1619 1031 1660 consensione
1066 1619 1349 1677 opportunius
1381 1631 1456 1669 est,
1499 1631 1623 1676 atque
1655 1618 1879 1661 efficacius.
1910 1619 2036 1661 Hisce

182 1681 314 1722 ferme
335 1683 468 1723 verbis
491 1683 533 1724 S.
561 1683 658 1723 Pius
675 1684 727 1733 V,
752 1683 1033 1740 praedecessor
1061 1695 1218 1738 noster,
1245 1683 1440 1726 excitavit
1461 1683 1717 1741 Capitulum,
1744 1694 1786 1724 et
1809 1683 2037 1724 canonicos

183 1746 377 1788 Ecclesiae
398 1748 623 1788 Bisuntinae
640 1754 668 1797 ¹,
696 1748 766 1805 qui
788 1749 831 1789 in
850 1749 998 1789 similia
1022 1760 1214 1806 tempora
1233 1749 1454 1790 inciderat.
1476 1750 1593 1789 Forti
1616 1749 1743 1805 igitur
1758 1763 1805 1788 ac
1827 1748 2038 1789 constanti

185 1811 328 1852 animo
354 1822 506 1859 estote,
542 1827 622 1853 nec
642 1811 826 1853 ullorum
849 1813 1134 1870 periculorum
1158 1813 1502 1862 denunciatione,
1527 1825 1599 1853 aut
1620 1813 1744 1853 minis
1769 1813 1823 1853 ab
1850 1812 2036 1870 incoepto

185 1874 384 1927 desistite,
412 1892 459 1917 ac
498 1875 797 1926 recordamini,
836 1887 882 1916 ut
904 1876 1043 1917 David
1080 1877 1289 1934 impavide
1324 1876 1545 1935 respondit
1583 1877 1756 1934 giganti,
1800 1876 2038 1919 Machabaei

182 1940 391 1997 intrepide
420 1940 654 1994 Antiocho,
685 1941 741 1981 sic
774 1940 948 1982 Basilius
976 1941 1159 1994 Valenti,
1191 1940 1377 1982 Hilarius
1401 1941 1635 1991 Constanti,
1666 1941 1738 1981 Ivo
1768 1941 2037 1984 Carnotensis

183 2004 381 2062 Philippo
402 2006 506 2062 regi.
526 2006 544 2045 J
550 2021 633 2053 am,
659 2005 776 2061 quod
794 2016 1034 2046 nostrarum
1055 2016 1118 2047 est
1135 2006 1336 2063 partium,
1356 2006 1546 2063 publicas
1560 2020 1704 2063 preces
1717 2007 2034 2061 renovavimus3

182 2068 339 2108 hortati
375 2084 518 2126 regem
550 2085 692 2110 sumus
722 2085 775 2110 ne
807 2085 926 2110 suam
959 2070 1083 2112 vellet
1109 2071 1380 2128 interponere
1415 2071 1701 2121 sanctionem,
1748 2069 1854 2111 duos
1883 2072 2036 2113 Archi-

186 2133 416 2190 episcopos,
443 2135 514 2190 qui
536 2133 674 2175 eidem
692 2134 868 2175 aderant
889 2136 990 2192 regi,
1018 2135 1118 2192 quid
1139 2135 1192 2175 ab
1208 2137 1266 2176 eis
1287 2135 1498 2193 agendum
1511 2147 1617 2176 esset
1627 2135 1887 2185 monuimus,
1908 2146 2036 2193 utque

186 2213 420 2249 exarmare,
445 2210 651 2254 quantum
682 2200 725 2239 in
746 2199 880 2240 Nobis
903 2211 1008 2251 erat,
1034 2201 1401 2256 remissioremque
1421 2200 1601 2241 reddere
1628 2200 1740 2240 tertii
1766 2198 1882 2240 istius
1909 2216 2037 2257 quem

186 2262 399 2320 appellant
430 2274 574 2313 status,
602 2279 742 2305 rorem
766 2279 998 2321 possemus,
1041 2264 1285 2306 exactiones
1307 2265 1398 2306 illas
1418 2264 1619 2322 suspendi
1645 2264 1814 2304 interim
1837 2264 2037 2319 jussimus

186 2327 464 2377 taxationum,
498 2344 576 2384 pro
604 2329 772 2369 Gallicis
816 2329 1172 2386 expeditionibus,
1212 2343 1262 2370 ex
1300 2330 1486 2387 pristinis
1519 2329 1893 2379 conventionibus,
1938 2346 2036 2387 per-

187 2402 396 2449 petuaque
420 2393 724 2434 consuetudine
759 2395 910 2434 nostris
940 2393 1089 2435 officiis
1115 2394 1357 2435 debitarum
1383 2413 1392 2435 :
1421 2410 1472 2435 ex
1505 2409 1586 2450 qua
1615 2393 1866 2435 liberalitate
1890 2406 2035 2436 nostra

189 2456 293 2498 illud
314 2473 390 2514 per
412 2458 733 2515 ingratissimam
751 2461 1143 2516 compensationem
1167 2459 1400 2509 retulimus,
1420 2470 1466 2500 ut
1482 2459 1707 2500 excitatam
1729 2470 1853 2515 atque
1869 2470 2037 2501 auctam

189 2538 212 2562 a
231 2520 443 2562 nonnullis
467 2538 517 2562 cx
538 2533 763 2572 conventu,
783 2523 1143 2564 Avenionensium
1160 2522 1212 2564 ab
1229 2522 1474 2580 Apostolica
1497 2522 1602 2563 Sede
1623 2522 1900 2564 rebellionem
1916 2522 2037 2566 dole-

191 2601 345 2638 remuS,
371 2602 393 2626 a
419 2602 500 2643 qua
521 2587 620 2636 Nos,
647 2598 871 2644 sanctaque
891 2587 983 2627 haec
1000 2587 1128 2628 Sedes
1149 2587 1379 2628 reclamare
1396 2603 1483 2627 non
1505 2587 1700 2629 cessabit.
1721 2588 1927 2630 Praeterea
1948 2588 2036 2631 Nos

191 2650 394 2691 hactenus
426 2651 725 2700 continuimus,
756 2667 809 2692 ne
845 2651 1047 2692 abscissos
1069 2651 1122 2692 ab
1146 2651 1333 2692 Ecclesia
1355 2651 1559 2692 catholica
1575 2663 1776 2693 auctores
1795 2651 1905 2694 male
1929 2654 2036 2694 omi-

190 2726 300 2755 natae
318 2715 628 2756 constitutionis
654 2715 782 2755 civilis
802 2715 903 2756 cleri
927 2715 1251 2757 declararemus.
1277 2718 1458 2757 Demum
1490 2732 1539 2757 ea
1559 2715 1776 2759 effecimus
1809 2734 1856 2759 ac-
1887 2730 2036 2776 pertu-

191 2779 314 2819 limus
334 2780 492 2830 onmia,
516 2781 548 2820 si
567 2779 783 2836 quomodo
807 2780 995 2831 lenitate,
1018 2797 1065 2821 ac
1087 2780 1290 2838 patientia
1310 2792 1454 2821 nostra
1471 2783 1625 2823 evitare
1648 2798 1866 2839 possemus
1890 2784 2036 2841 deplo-

191 2843 323 2885 rabile
360 2844 550 2893 schisma,
582 2859 629 2884 ac
651 2860 798 2901 pacem
822 2844 934 2901 apud
953 2860 1043 2894 vos,
1068 2856 1334 2902 vestramque
1356 2847 1573 2888 nationem
1603 2863 1820 2889 ievocare.
1851 2849 1966 2901 Quin
1995 2861 2037 2891 et

193 2908 332 2949 adhuc
358 2909 556 2966 susceptis
593 2920 778 2966 paternae
799 2908 978 2950 caritatis
1000 2909 1181 2951 consiliis
1207 2911 1477 2962 inhaerentes‚
1506 2928 1597 2969 quae
1611 2928 1685 2953 vos
1707 2914 1786 2983 ipsi
1805 2913 1926 2954 vobis
1950 2929 2036 2955 esse

192 2974 421 3031 proposita,
460 2973 504 3013 in
527 2984 673 3014 vestrae
699 2973 971 3031 expositionis
999 2975 1111 3015 exitu
1136 2976 1428 3033 cognovimus,
1462 2992 1484 3016 a
1510 2977 1630 3018 vobis
1661 2977 1855 3035 petimus,
1876 2993 2037 3035 vosque

195 3038 477 3087 obseciamus,
516 3049 562 3079 ut
597 3039 718 3079 nobis
740 3053 964 3095 exponere,
996 3054 1042 3079 ac
1078 3039 1289 3080 declarare
1319 3040 1454 3081 velitis
1478 3041 1683 3097 quidnam
1709 3057 1795 3083 esse
1817 3042 2030 3097 judicetis,

195 3103 309 3159 quod
324 3119 437 3144 nunc
453 3103 740 3160 prcestandum
755 3119 778 3144 a
790 3103 923 3144 Nobis
939 3103 1005 3154 sit,
1028 3104 1081 3145 ad
1098 3105 1400 3161 assequendam
1418 3106 1658 3148 animorum
1676 3106 2031 3149 conciliationem.

196 3168 323 3220 Quod
336 3169 424 3210 Nos
439 3178 552 3209 certe
569 3167 612 3208 in
637 3178 752 3208 tanta
770 3167 963 3209 locorum
977 3167 1173 3209 distantia
1190 3184 1414 3227 agnoscere
1435 3187 1522 3212 non
1536 3186 1782 3229 possumus,
1797 3171 1916 3213 vobis
1931 3186 2033 3213 vero

246 3294 279 3325 1.
308 3290 418 3337 Epist.
437 3294 472 3332 6,
493 3290 557 3324 lib.
574 3292 644 3331 III,
663 3289 747 3326 edit.
767 3292 956 3337 Antuerp.,
978 3294 1079 3327 1640.
