2135 3442
129 177 176 213 34
376 169 686 215 ENCYCLIQUE
715 169 780 203 DE
811 167 857 203 N.
889 167 933 204 T.
965 165 1006 202 S.
1035 165 1079 202 P.
1105 164 1168 199 LE
1196 161 1322 197 PAPE
1348 160 1428 194 PIE
1458 158 1529 193 IX.
1590 158 1708 193 1862.

186 260 319 303 N..B.
344 282 403 291 —
423 259 578 300 Praeter
615 257 696 297 hos
729 267 897 296 errores
923 250 1116 309 explicite
1146 258 1338 298 notatos,
1380 243 1453 286 alii.
1482 242 1721 299 complures
1759 241 1960 299 implicite

128 326 410 385 reprobantur
426 322 642 380 proposita
673 331 714 361 et
748 329 902 360 asserta
928 315 1136 367 doctrina,
1163 327 1291 370 quam
1316 307 1510 352 catholici
1545 321 1695 348 omnes
1725 305 1962 348 firmissime

129 391 310 433 retinere
341 388 526 437 debent,
560 385 613 427 de
642 383 753 426 civili
777 381 958 424 Romani
985 378 1202 422 Pontificis
1228 376 1488 434 principatu.
1518 369 1737 428 Ejusmodi
1772 369 1961 413 doctrina

132 455 364 496 luculenter
390 451 571 493 traditur
594 451 638 490 in
672 448 810 490 Alloc.
845 446 1006 502 Quibus
1035 448 1299 502 quantisque,
1333 444 1387 480 20
1417 435 1541 495 april.
1569 439 1826 492 1849‚pag.
1852 440 1961 487 2103

131 522 172 561 in
198 519 331 562 Alloc.
361 518 410 559 Si
432 531 592 573 Semper
625 522 764 563 antea,
803 517 859 554 ΞΟ
892 510 992 552 maii
1021 512 1270 565 1850,pag.
1298 505 1405 555 2643
1450 501 1494 542 in
1539 500 1638 543 Litt.
1668 501 1822 558 Apost.
1859 498 1963 539 Cum

133 584 344 626 catholica
376 582 590 632 Ecclesia,
633 582 687 620 26
724 588 847 618 mart.
899 580 1024 624 1860,
1046 589 1152 630 pag.
1180 574 1291 623 4003,
1326 567 1367 608 i'n
1408 566 1547 608 Alloc.
1582 567 1731 615 Nouos,
1764 568 1818 606 28
1854 574 1962 621 sept.

138 653 265 698 1860,
292 664 395 705 pag.
419 649 527 698 4143
566 646 607 684 in
633 643 768 683 Alloc.
790 640 1060 688 Jamcludum,
1104 640 1154 678 18
1179 644 1304 676 mart.
1341 635 1470 682 1861,
1487 647 1594 689 pag.
1622 633 1729 682 4343
1755 628 1798 670 in
1825 627 1962 670 Alloc.

134 711 532 769 Maximas'quicletm
557 708 704 763 9junii
728 709 852 757 1862,
870 721 976 762 pag.
1001 705 1101 745 454.

994 881 1110 939 §X-

433 984 470 1023 E
473 997 614 1023 rrores
643 986 714 1038 qui
732 980 791 1021 ad
810 978 1114 1019 liberalismum
1138 974 1385 1015 Ῐιοιῖἱενηιιηῑ
1410 972 1669 1029 referuntur.

198 1095 414 1138 LXXVII.
449 1093 590 1135 AEtate
622 1094 700 1133 hac
731 1103 873 1133 nostra
905 1106 991 1130 non
1021 1088 1200 1146 amplius
1229 1085 1399 1144 expedit
1434 1085 1684 1143 religionem
1717 1084 1967 1126 catholicam

139 1155 286 1197 haberi
313 1166 525 1210 tamquam
558 1152 729 1192 unicam·
755 1152 894 1192 Status
930 1148 1192 1205 religionem,
1237 1145 1384 1187 ceteris
1419 1145 1752 1202 quibuscumque
1789 1143 1970 1186 cultibus

138 1219 329 1261 exclusis,

193 1301 314 1340 Alloc.
337 1301 453 1336 Nemo
472 1306 644 1344 vestrum,
669 1298 718 1334 9.ss
733 1295 818 1343 Julii
839 1297 956 1341 1855,
974 1308 1064 1343 pag.
1090 1294 1180 1330 356.

198 1390 433 1433 LXXVIII.
467 1389 578 1429 Hinc
611 1383 879 1426 laudabiliter
921 1381 965 1423 in
1000 1380 1254 1438 quibusdam
1286 1379 1481 1421 catholici
1510 1379 1695 1420 nominis
1730 1378 1973 1437 regionibus

141 1458 231 1514 lege
254 1466 424 1497 cautum
446 1464 522 1502 est,
556 1462 604 1492 ut
636 1448 878 1491 hominibus
909 1446 1008 1487 illuc
1038 1444 1372 1502 immigrantibus
1402 1444 1527 1486 liceat
1559 1444 1778 1502 publicum
1811 1443 1973 1502 proprii

142 1523 342 1576 cujusque
364 1518 498 1561 cultus
521 1515 764 1557 exercitium
782 1513 956 1553 habere.

197 1603 319 1639 Alloc.
343 1599 643 1646 Acerbissimum‚
665 1598 714 1632 ‘27
736 1593 960 1644 septembris
978 1595 1096 1641 1852,
1115 1605 1209 1640 pag.
1231 1593 1322 1628 320.

201 1687 402 1730 LXXIX.
437 1685 661 1726 Enimvero
686 1681 837 1722 salsum
861 1691 938 1732 est,
964 1679 1129 1721 civilem
1148 1681 1348 1735 cujusque
1366 1678 1501 1720 cultus
1518 1678 1774 1731 libertatem,
1797 1678 1980 1736 itemque

143 1754 312 1812 plenam
343 1759 592 1807 potestatem
619 1745 817 1787 omnibus.
847 1743 1095 1785 attributam
1129 1742 1338 1799 quaslibet
1363 1743 1585 1800 opiniones
1617 1743 1981 1800 cogitationesque

145 1818 283 1876 palam
309 1812 558 1873 publiceque
585 1808 898 1861 manifestandi,
932 1807 1169 1848 conducere
1201 1806 1255 1847 ad
1281 1808 1537 1864 populorum
1567 1824 1704 1849 mores
1735 1808 1982 1864 animosque

147 1881 305 1923 facilius
324 1875 678 1934 corrumpendos,
696 1890 744 1915 ac
772 1870 1109 1914 indifferentismi
1132 1882 1293 1928 pestem
1315 1873 1653 1930 propagandam.

200 1963 322 2001 Alloc.
345 1963 543 2008 Nunquam
563 1959 660 2007 sore,
684 1959 731 1993 15
751 1954 965 1993 decembris
985 1956 1107 2000 1856,
1122 1967 1216 2003 pag.
1240 1956 1332 1992 382.

206 2050 384 2090 LXXX.
417 2050 632 2089 Romanus
655 2044 850 2087 Pontifex
868 2053 1008 2102 potest
1024 2058 1071 2083 ac
1088 2042 1214 2083 debet
1231 2057 1329 2083 cum
1344 2058 1585 2101 progressu,
1610 2059 1708 2085 cum
1727 2043 1983 2086 liberalismo

151 2126 191 2155 ct
213 2130 308 2156 cum
331 2112 490 2156 recenti
510 2111 702 2152 civilitate
720 2125 809 2151 sese
828 2107 1103 2150 reconciliare
1121 2118 1162 2148 et
1182 2122 1457 2164 componere.

205 2196 324 2234 Auoc.
347 2196 576 2233 Jamdudum
590 2194 786 2240 cernimus,
809 2193 859 2228 18
880 2190 1011 2228 martii*
1030 2192 1144 2239 1861,
1164 2203 1255 2237 pag.
1278 2192 1367 2228 434.
