2135 3442
183 161 260 198 452
799 155 1107 192 ALLOCUTION
1137 155 1202 190 DE
1230 155 1309 190 PIE
1338 155 1409 192 IX.

183 246 301 289 avitae
321 260 403 287 suae
419 243 517 285 fidei
537 259 684 286 sensus
703 242 972 301 amplissimis
991 241 1190 284 laudibus
1213 240 1391 283 omnino
1413 240 1566 298 dignos
1585 240 1779 298 profiteri
1802 252 1845 283 et
1863 242 1907 283 in
1930 258 2020 284 me-

185 311 302 352 dium
322 308 515 368 proferre
534 324 622 350 non
642 306 912 349 intermittat.

241 376 332 416 Jam
360 389 460 416 vero
487 390 585 415 cum
609 372 799 414 divinum
822 370 1084 430 promissum
1108 371 1357 422 habeamus,
1381 371 1599 412 Christum
1626 369 1859 412 Dominum
1889 386 2022 429 usque

182 440 236 481 ad
256 438 669 481 consummationem
689 436 827 479 saeculi
857 451 955 478 cum
974 435 1160 477 Ecclesia
1190 452 1264 478 sua
1290 436 1498 487 futurum,
1530 446 1572 476 et
1597 434 1723 476 inferi
1748 446 1895 493 portas
1919 452 2023 478 con-

182 517 246 546 tra
273 520 367 546 eam
395 520 614 562 nunquam
638 518 728 544 esse
754 500 1059 560 praevalituras,
1091 500 1194 543 certi
1225 517 1370 543 sumus
1397 499 1550 542 divinis
1576 499 1660 541 suis
1690 500 1915 558 promissis
1935 517 2021 542 non

183 570 427 612 defuturum
449 571 603 619 Deum,
628 567 700 625 qui
720 566 877 609 faciens
897 565 1108 607 mirabilia
1131 565 1327 609 ostendet
1350 565 1582 623 aliquando
1608 575 1772 607 tantam
1792 577 2023 623 tempesta-

183 646 270 676 tem
302 650 389 675 non
419 633 473 675 ad
497 632 693 674 Ecclesiae
713 647 864 673 navem
898 630 1243 688 demergendam,
1276 631 1351 673 sed
1380 631 1434 672 ad
1464 647 1554 672 eam
1590 630 1714 671 altius
1740 630 2024 672 attollendam

181 699 310 741 fuisse
331 697 570 740 excitatam.

240 763 417 805 Interim
443 779 531 804 non
557 761 824 812 desistamus,
847 758 1122 801 venerabiles
1143 761 1326 812 Fratres,
1349 758 1694 818 potentissimum
1717 760 2019 816 Immaculatae‚

183 828 538 885 sanctissimaeque
567 827 645 869 Dei
677 824 901 869 Genitricis
926 823 1112 882 Virginis
1144 824 1291 866 Mariae
1320 824 1604 883 patrocinium
1637 823 1759 866 enixe
1786 835 1828 865 et
1857 824 2024 866 assidue

181 894 429 952 implorare,
459 909 506 934 ac
532 891 851 933 ferventissimis
877 888 1075 948 precibus
1101 888 1190 931 dies
1219 901 1451 947 noctesque
1480 890 1622 947 ipsum
1649 889 2026 931 clementissimum

181 960 336 1009 Deum,
365 960 483 1014 cujus
511 968 662 998 natura
687 955 873 1006 bouitas,
904 956 1020 1009 cujus
1046 953 1242 995 voluntas
1270 954 1475 1012 potentia,
1503 956 1623 1011 cujus
1647 970 1755 1012 opus
1779 953 2024 996 misericor-

182 1023 251 1065 dia
278 1034 356 1074 est,
381 1038 501 1064 orare
525 1033 567 1063 et
595 1020 814 1071 obtestari,
843 1031 889 1061 ut
914 1019 1015 1061 velit
1043 1018 1128 1060 cito
1156 1019 1404 1061 abbreviare
1436 1019 1524 1061 dies
1554 1019 1820 1070 tentationis,
1845 1031 1887 1061 et
1910 1019 2025 1061 chri-

181 1086 327 1129 stianae
357 1086 550 1143 civilique
581 1084 824 1144 reipubIIcae
859 1096 946 1126 tam
978 1084 1254 1126 vehementer
1284 1083 1449 1125 afflictae
1479 1083 1742 1126 auxiliariam
1774 1100 1893 1126 suam
1922 1100 2027 1142 por-

182 1152 319 1210 rigere
351 1151 591 1202 dexteram‚
628 1161 760 1208 utque
799 1148 950 1191 divinae
987 1164 1072 1190 suae
1108 1148 1252 1207 gratiae
1286 1159 1327 1190 et
1364 1148 1668 1191 misericordiae
1704 1148 1870 1190 divitias
1903 1164 2030 1206 super

181 1234 330 1259 omnes
359 1217 565 1275 propitius
596 1215 836 1267 effundens,
872 1230 1022 1257 omnes
1056 1213 1269 1265 Ecclesiae,
1302 1225 1344 1255 et
1379 1214 1506 1270 hujus
1538 1215 1700 1255 Sanctae
1735 1213 1854 1256 Sedis
1886 1213 2029 1255 hostes

182 1293 415 1333 convertat,
442 1293 485 1324 et
513 1281 567 1323 ad
592 1280 764 1337 justitiae
791 1278 963 1322 semitas
990 1278 1180 1330 reducat,
1209 1290 1336 1336 atque
1366 1279 1651 1336 omnipotenti
1680 1293 1754 1319 sua
1781 1278 1936 1319 virtute
1964 1277 2028 1319 ef-

181 1346 309 1398 ficiat,
338 1358 399 1399 ut,
427 1346 627 1387 omnibus
654 1345 841 1403 depulsis
866 1343 1105 1395 erroribus,
1132 1343 1418 1402 omnibusque
1440 1343 1492 1385 de
1512 1343 1655 1385 medio
1681 1342 1858 1384 sublatis
1878 1342 2029 1400 impie-

181 1411 354 1463 tatibus,
389 1410 650 1452 sanctissima
673 1426 747 1452 sua
773 1410 939 1468 religio,
976 1425 1060 1467 qua
1084 1409 1332 1468 temporalis
1361 1425 1532 1467 quoque
1557 1408 1820 1467 populorum
1853 1407 2030 1449 felicitas

182 1488 223 1517 et
245 1476 528 1534 tranquillitas
548 1476 613 1518 vel
634 1476 818 1518 maxime
839 1475 1097 1531 continetur,
1121 1476 1280 1533 ubique
1301 1488 1513 1518 terrarum
1533 1474 1668 1532 magis
1696 1474 1740 1516 iu
1761 1474 1851 1516 dies
1871 1472 2027 1531 vigeat,

183 1540 331 1583 floreat
354 1557 402 1584 ac
421 1541 682 1584 dominetur.
