2135 3442
585 156 694 192 XVII
739 154 1020 191 SEPTEMBRE
1060 154 1366 191 MDCCCLXIII.

916 261 1051 268 —.-

626 373 873 424 LETTRE
914 373 1329 430 ENCYGLIQUE

377 499 485 564 DE
533 498 612 563 N.
662 497 727 564 S.
780 497 856 563 P.
908 498 1013 563 LE
1054 497 1279 563 PAPE
1315 497 1464 563 PIE
1508 496 1597 561 IX

444 635 479 678 A
511 635 614 678 Nos
645 623 998 677 VENERABLES
1031 624 1238 677 FRERES
1278 632 1520 677 ANTOINE

63 739 333 788 ARCHEvszUE
364 755 414 780 DE
445 741 640 781 SANTA-Fb}
679 754 733 778 DE
763 753 929 779 BOGOTA
968 754 1015 779 ET
1046 754 1128 779 AUX
1165 740 1348 788 livszUEs
1379 754 1445 780 SES
1482 751 1766 779 SUFFRAGANTS
1797 751 1898 776 DANS

488 814 538 839 LA
572 800 827 845 R15P1JBL1QUE
859 812 909 837 DE
940 812 992 838 LA
1025 812 1470 839 NOUVELLE-GRENADE.

762 918 868 968 PIE
909 917 998 978 IX,
1034 918 1198 968 PAPE

333 1050 597 1091 Ve'ne'rables
630 1049 799 1095 Frbres,
831 1050 947 1091 salut
971 1060 1011 1091 et
1037 1051 1315 1091 Be'ne'diction
1340 1049 1634 1108 Apostolique.

122 1163 241 1203 Nous
262 1176 446 1203 sommes
467 1177 521 1203 en
547 1160 666 1219 proie
686 1166 708 1202 3
739 1177 821 1203 une
850 1161 1098 1219 incroyable
1121 1162 1315 1212 douleur,
1339 1172 1380 1202 et
1403 1161 1522 1202 Nous
1549 1159 1783 1218 gemissons
1804 1176 1902 1202 avec

65 1222 198 1274 Vous,
220 1221 481 1262 Venerables
504 1221 669 1270 Freres‚
699 1236 751 1261 en
781 1220 1055 1262 considerant
1084 1220 1135 1261 de
1168 1220 1306 1276 quelle
1339 1219 1528 1260 maniere
1560 1219 1714 1261 cruelle
1737 1230 1780 1260 et
1805 1233 1904 1260 cou-

65 1280 191 1338 pable
221 1279 259 1321 le
289 1290 622 1338 gouvernement
652 1279 705 1335 (16
735 1280 775 1320 13
804 1279 1054 1336 republique
1088 1279 1140 1320 (16
1179 1279 1218 1320 13
1253 1278 1682 1320 Nouvelle-Grenade
1713 1289 1899 1335 attaque,

65 1338 315 1380 bouleverse
348 1350 389 1379 et
417 1337 587 1380 dechire
616 1338 786 1394 l'Eglise
820 1338 1080 1395 catholique.
1116 1338 1233 1379 Nous
1260 1353 1391 1379 avons
1416 1337 1542 1395 peine
1573 1342 1595 1378 3
1631 1348 1802 1378 trouver
1832 1335 1906 1378 des

67 1397 232 1455 paroles
251 1397 322 1454 qui
339 1397 529 1454 puissent
550 1396 764 1454 exprimer
786 1397 1025 1438 l'enormite
1047 1397 1121 1438 des
1141 1407 1340 1437 attentats
1360 1395 1588 1453 multiplies
1617 1406 1659 1437 et
1685 1395 1906 1453 sacrileges

67 1473 145 1514 par
166 1456 349 1513 lesquels
372 1472 417 1498 66
441 1466 789 1514 gouvernement‚
812 1471 855 1497 56
875 1467 1050 1513 portant
1075 1467 1220 1497 contre
1238 1455 1358 1496 Nous
1375 1466 1416 1495 ct
1432 1471 1478 1496 66
1495 1454 1616 1511 Sie'ge
1625 1454 1906 1512 Apostolique

69 1531 149 1556 aux
178 1525 370 1571 attaques
402 1515 462 1556 les
481 1515 576 1572 plus
612 1514 832 1565 violentes,
863 1514 1055 1556 s'efforce
1081 1514 1134 1555 de
1159 1513 1296 1554 fouler
1326 1530 1406 1554 aux
1430 1513 1550 1571 pieds
1577 1524 1619 1554 et
1641 1513 1692 1554 (16
1719 1513 1906 1554 detruire

69 1584 192 1615 notre
212 1573 459 1615 tres-sainte
478 1572 674 1630 religion,
708 1589 771 1614 ses
793 1573 927 1614 droits
955 1577 1110 1623 sacres,
1135 1588 1179 1614 sa
1206 1572 1413 1622 doctrine,
1445 1588 1521 1613 son
1545 1572 1654 1612 culte
1675 1583 1715 1613 et
1738 1587 1803 1614 ses
1829 1571 1907 1612 mi-

69 1632 237 1674 nistres.
261 1630 420 1689 Depuis
447 1631 557 1672 deux
584 1647 659 1672 ans
693 1642 860 1672 surtout
886 1648 933 1672 66
964 1642 1301 1689 gouvernement
1327 1647 1349 1671 3
1375 1630 1627 1688 promulgue
1660 1631 1734 1671 des
1762 1630 1841 1671 lois
1865 1641 1907 1671 et

70 1690 144 1733 des
164 1690 327 1732 de'crets
348 1690 620 1738 detestables,
646 1689 717 1747 qui
736 1701 833 1731 sont
856 1701 950 1731 tout
970 1696 992 1731 3
1011 1690 1085 1731 fait
1111 1688 1344 1731 contraires
1365 1692 1388 1730 3
1408 1688 1577 1746 l'Eglise
1601 1689 1859 1745 cafflolique,
1883 1692 1903 1729 3

68 1765 115 1791 53
131 1749 336 1800 doctrine,
359 1753 382 1790 3
401 1765 479 1791 son
496 1748 676 1790 autorite
697 1759 738 1789 et
758 1753 780 1789 3
801 1764 865 1791 565
888 1749 1034 1790 droits.
1057 1750 1122 1790 En
1137 1760 1257 1789 vertu
1279 1749 1331 1789 de
1350 1764 1418 1790 665
1432 1748 1511 1789 1015
1531 1759 1572 1788 et
1590 1748 1641 1789 de
1661 1764 1727 1789 665
1746 1748 1909 1789 decrets

71 1808 254 1864 iniques,
274 1808 304 1849 il
323 1819 386 1849 est
403 1807 604 1857 defendu,
628 1823 724 1849 sans
742 1808 883 1865 parler
903 1808 961 1849 du
983 1818 1108 1858 reste,
1130 1823 1210 1849 aux
1236 1807 1450 1848 ministres
1474 1811 1610 1848 sacres
1636 1806 1850 1847 d'exercer
1868 1806 1907 1847 le

72 1866 289 1907 ministere
304 1866 616 1922 ecclesiastique
628 1866 1041 1908 sansl'autorisation
1056 1866 1108 1908 de
1125 1867 1165 1907 13
1184 1865 1407 1923 puissance
1428 1864 1547 1907 civile
1567 1880 1577 1918 3
1599 1876 1691 1906 tous
1704 1865 1763 1906 les
1787 1864 1907 1905 biens

75 1925 127 1966 de.
162 1924 333 1982 l'Eglise
361 1935 437 1966 ont
463 1928 528 1966 ete
559 1929 736 1981 usurpes
773 1935 814 1965 et
849 1925 1029 1978 vendus·⁷
1068 1941 1114 1966 66
1145 1924 1217 1981 qui
1242 1940 1264 1964 a
1293 1923 1409 1981 prive
1433 1924 1486 1964 de
1508 1924 1620 1964 leurs
1642 1939 1819 1964 revenus
1846 1923 1908 1964 les

74 1983 300 2041 paroisses,
323 1983 385 2025 les
407 1982 585 2024 familles
601 1983 844 2039 religieuses
863 1983 915 2025 de
935 1984 1023 2024 l'un
1042 1994 1083 2025 et
1103 1983 1154 2024 (16
1170 1983 1319 2024 l'autre
1338 1998 1452 2032 sexe,
1474 1982 1513 2023 le
1545 1982 1699 2038 clerge‚
1728 1982 1787 2022 les
1814 1982 1906 2022 eta-

74 2042 343 2085 blissements
370 2041 654 2099 hospitaliers‚
691 2042 751 2082 les
777 2040 962 2083 maisons
992 2042 1044 2083 de
1079 2042 1238 2099 refuge,
1275 2042 1335 2083 les
1368 2040 1527 2099 pieuses
1562 2040 1804 2090 confreries‚
1847 2040 1908 2081 les

75 2102 283 2143 be'nefices
303 2112 344 2141 et
366 2105 504 2141 meme
522 2100 581 2141 les
602 2100 885 2158 chapellenies
905 2101 1080 2142 etablies
1100 2116 1197 2142 sous
1215 2101 1253 2141 le
1274 2099 1386 2141 droit
1411 2100 1462 2140 de
1487 2110 1700 2156 patronat.
1733 2100 1814 2140 Par
1838 2114 1908 2140 ces

76 2165 234 2202 memes
252 2159 347 2211 lois,
368 2159 600 2201 contraires
623 2163 645 2199 3
670 2170 783 2200 toute
799 2159 966 2213 justice,
990 2159 1028 2199 le
1052 2158 1164 2199 droit
1184 2158 1421 2215 d'acquerir
1444 2169 1486 2200 et
1516 2158 1567 2199 de
1587 2158 1804 2216 posseder‚
1837 2156 1909 2214 qui

78 2218 320 2278 appartient
339 2218 647 2275 legitimement
664 2222 686 2258 3
703 2217 890 2274 l'Eglise‚
915 2230 977 2259 est
997 2217 1259 2275 pleinement
1279 2217 1402 2267 viole,
1434 2227 1475 2258 et
1503 2217 1543 2258 13
1571 2217 1723 2258 liberte'
1744 2217 1797 2257 (16
1816 2226 1911 2257 tout

77 2279 186 2319 culte
203 2293 291 2318 non
315 2277 555 2333 catholique
567 2276 736 2318 etablie.
757 2276 868 2318 Elles
885 2276 1150 2334 suppriment
1166 2287 1306 2317 toutes
1324 2276 1383 2316 les
1396 2274 1573 2316 familles
1593 2275 1834 2333 religieuses
1855 2274 1908 2315 (16

78 2335 167 2378 l'un
187 2347 228 2377 et
245 2336 297 2378 de
321 2336 469 2378 l'autre
496 2350 592 2377 sexe
623 2336 749 2376 fixees
770 2351 841 2377 sur
866 2335 903 2376 le
930 2334 1140 2376 territoire
1163 2335 1215 2376 de
1236 2335 1273 2376 13
1301 2334 1567 2392 republique,
1592 2345 1635 2374 et
1661 2334 1753 2375 leur
1775 2333 1909 2375 inter-

79 2395 218 2436 disent
245 2395 514 2436 absolument
544 2393 801 2436 l'existence.
840 2394 951 2435 Elles
984 2393 1216 2434 defendent
1248 2394 1287 2434 la
1320 2392 1639 2451 promulgation
1677 2393 1729 2434 de
1770 2403 1909 2433 toutes

80 2454 223 2495 lettres
243 2453 351 2495 etde
368 2464 462 2494 tout
482 2453 630 2494 rescrit
649 2456 819 2494 63131165
837 2452 889 2494 (16
909 2468 955 2494 66
982 2452 1102 2510 Sie'ge
1131 2447 1423 2509 Apostolique‚
1449 2463 1489 2492 et
1511 2451 1705 2509 infligent
1724 2452 1763 2492 13
1784 2451 1907 2509 peine

81 2512 134 2554 de
153 2512 266 2554 l'exil
287 2529 367 2554 aux
382 2511 731 2569 ecclesiastiques,
771 2511 893 2553 celles
918 2511 970 2552 de
1002 2511 1214 2553 l'amende
1237 2522 1279 2552 et
1303 2510 1356 2552 de
1380 2510 1803 2568 l'emprisonnement
1828 2526 1909 2550 aux

80 2572 244 2628 la'i'ques
265 2573 337 2628 qui
350 2570 626 2613 resuseraient
642 2571 956 2628 d'obtempe'rer
975 2573 997 2611 3
1015 2580 1123 2612 cette
1142 2569 1330 2611 defense.
1349 2570 1412 2610 En
1434 2580 1570 2621 outre,
1588 2585 1665 2627 par
1684 2585 1752 2611 ces
1772 2568 1850 2610 lois
1868 2579 1909 2609 et

82 2646 150 2671 ces
168 2630 332 2672 decrets
352 2629 620 2682 detestables,
645 2641 737 2670 tout
755 2630 946 2670 membre
966 2629 1022 2670 du
1036 2630 1191 2686 clergess,
1214 2628 1390 2670 seculier
1408 2645 1464 2670 ou
1476 2628 1673 2686 rdgulier,
1699 2628 1770 2686 qui
1790 2627 1907 2669 refu-

83 2689 207 2730 serait
217 2689 269 2731 de
287 2705 329 2731 se
346 2687 590 2730 conformer
609 2693 632 2730 3
647 2689 685 2730 13
697 2688 753 2730 101
766 2688 1023 2746 quiprescrit
1036 2688 1075 2728 13
1087 2687 1311 2745 spoliation
1331 2687 1403 2728 des
1420 2687 1541 2729 biens
1556 2687 1906 2742 ecclesiastiques,

85 2759 149 2788 est
167 2748 406 2789 condamne
423 2751 445 2788 3
466 2747 594 2794 1’6Χ11,
623 2759 664 2789 et
684 2747 711 2788 il
727 2758 789 2789 est
808 2746 982 2788 interdit
998 2751 1019 2787 3
1041 2757 1136 2787 tous
1156 2747 1215 2788 les
1234 2746 1566 2803 ecclesiastiques
1587 2746 1639 2787 de
1656 2745 1832 2802 remplir
1851 2744 1909 2784 les

85 2805 255 2847 devoirs
270 2806 327 2847 du
345 2809 460 2847 sacre
481 2805 712 2857 ministere‚
737 2805 821 2847 s'ils
847 2805 969 2847 n'ont
993 2805 1327 2863 prealablement
1347 2809 1466 2863 prete
1495 2815 1682 2847 serment
1707 2802 1872 2845 d'obeir
1889 2807 1911 2842 3

85 2864 427 2921 la'Constitution
451 2864 503 2905 de
527 2864 567 2905 13
583 2865 833 2922 republique
857 2865 960 2906 dela
982 2864 1408 2906 Nouvelle-Grenade
1425 2876 1467 2906 et
1483 2868 1505 2905 3
1523 2875 1662 2906 toutes
1681 2863 1741 2903 les
1761 2861 1840 2902 lois
1860 2860 1913 2901 de

86 2922 232 2972 l'Etat‚
258 2934 350 2964 tant
382 2928 405 2964 3
440 2923 564 2965 661165
584 2922 656 2980 qui
683 2934 758 2965 ont
794 2923 886 2978 dejii
915 2923 982 2963 ete
1016 2923 1184 2981 portees
1213 2934 1254 2965 et
1280 2923 1351 2981 qui
1379 2934 1475 2965 sont
1497 2922 1530 2964 51
1552 2919 1873 2980 prejudiciables
1890 2922 1913 2960 3

87 2980 275 3039 l'Eglise,
308 2983 405 3039 qu'zi
435 2981 558 3023 celles
578 2984 650 3039 qui
679 2982 927 3039 pourraient
952 2986 1039 3023 eti-e
1072 2982 1253 3024 edictees
1278 2983 1373 3040 plus
1409 2982 1528 3031 tard3
1555 2980 1684 3030 enfin,
1715 2995 1770 3019 on
1792 2977 1914 3036 punit

89 3039 142 3082 de
164 3040 278 3081 l'exil
298 3040 538 3097 quiconque
559 3041 780 3082 refuserait
793 3057 839 3082 ce
860 3052 1045 3083 serment
1063 3040 1204 3083 illicite
1216 3052 1258 3083 et
1276 3039 1419 3098 impie.
1434 3042 1593 3081 Toutes
1612 3053 1680 3079 ces
1698 3035 1911 3095 prescrip-

20 3150 26 3156 ·
87 3097 215 3151 tions,
242 3110 283 3141 et
302 3101 523 3158 beaucoup
544 3099 727 3142 d'autres
745 3110 838 3142 tout
858 3104 880 3141 3
896 3099 1152 3157 saitinjustes
1171 3112 1213 3144 et
1234 3100 1384 3158 impies
1409 3098 1510 3156 qu'il
1530 3113 1637 3140 nous
1657 3097 1844 3154 repugne
1862 3094 1916 3138 de
