2135 3442
146 173 222 209 298
633 169 823 205 LETTRE
851 169 1193 215 APOSTOLIQUE
1222 171 1289 205 DE
1317 170 1396 204 ΡΙΕ
1425 170 1495 206 IX,

144 256 494 316 Congregationis
519 273 723 315 supremae
752 268 794 298 et
821 258 1066 299 universalis
1092 257 1401 315 Inquisitionis‚
1430 267 1550 297 motu
1574 256 1767 315 proprio,
1800 276 1851 303 ex
1880 275 1989 306 certa

145 323 341 372 scientia,
368 338 414 363 ac
443 333 606 364 matura
634 322 939 364 deliberatione
963 323 1131 373 Nostra,
1166 322 1302 380 deque.
1331 321 1584 379 Apostolicae
1610 325 1825 380 potestatis
1856 326 1991 384 pleni-

144 389 315 438 tudine,
341 388 579 446 ‘praedictos
616 388 775 439 libros,
812 397 1018 445 tanquam
1057 389 1320 430 continentes
1360 386 1673 445 propositiones
1710 399 1751 429 et
1782 388 1991 436 doctrinas

143 454 375 512 respective
405 453 543 506 falsas,
576 453 833 502 temerarias,
870 452 1151 504 scandalosas,
1178 468 1390 507 erroneas,
1419 453 1462 493 in
1490 453 1530 493 S.
1567 452 1720 493 Sedem
1752 454 1988 510 injuriosas,

144 519 333 577 ejusdem
346 519 509 574 juribus
531 518 798 576 derogantes,
817 517 1012 558 Ecclesiae
1030 520 1233 577 regimen,
1263 530 1302 559 et
1323 517 1511 559 divinam
1532 519 1620 573 ejus
1638 519 1990 563 Constitutionem

144 585 454 635 subvertentes,
491 584 797 633 schismaticas,
833 582 1069 634 haereticas,
1098 584 1446 625 Protestantismo
1489 584 1662 639 ejusque
1696 586 1992 643 propagationi

143 648 346 700 faventes,
369 648 470 690 etin
495 649 702 699 lia-resim,
727 658 768 689 et
790 648 833 688 in
856 658 1038 704 systema
1049 648 1215 703 jamdiu
1238 660 1284 689 ut
1305 648 1548 689 haereticum
1571 648 1818 689 damnatum
1843 649 1886 691 in
1904 651 1989 692 Lu-

142 714 283 767 thero,
303 713 420 764 Baio,
435 713 622 754 Marsilio
641 711 1089 763 Patavino,Janduno,
1108 713 1254 754 Marco
1275 713 1466 754 Antonio
1483 712 1534 754 de
1546 712 1758 767 Dominis,
1773 712 1988 770 Richerio,

142 779 355 830 Laborde,
383 789 424 821 et
452 777 796 827 pistoriensibus,
821 776 994 834 aliisque
1019 777 1071 818 ab
1095 778 1282 819 Ecclesia
1308 778 1468 836 pariter
1491 777 1701 820 damnatis
1725 777 1988 831 inducentes,

142 861 220 887 nec
243 861 331 886 non
365 855 406 885 et
427 845 651 885 Canonum
682 841 861 883 Concilii
887 841 1125 883 Tridentini
1157 843 1375 894 eversivas,
1401 844 1692 901 reprobamus,
1722 843 1986 896 damnamus,

142 925 189 950 ac
212 926 288 967 pro
307 907 544 966 reprobatis
564 919 606 949 et
625 906 834 948 damnatis
857 908 910 948 ab
928 908 1128 949 omnibus
1149 908 1298 949 haberi
1318 909 1512 950 volumus
1537 921 1577 949 et
1594 908 1860 951 mandamus.
1883 910 1991 951 Prae-

142 974 319 1044 cipimus
352 973 525 1022 idcirco,
559 988 613 1014 ne
644 972 866 1029 quisquam
891 972 1081 1013 fidelium
1116 974 1416 1031 cujuscumque
1446 973 1719 1024 conditionis,
1753 984 1794 1015 et
1819 974 1987 1032 gradus,

141 1038 304 1081 etiamsi
328 1037 518 1095 specifica
555 1047 596 1077 et
619 1036 838 1078 indixidua
867 1037 1087 1079 mentione
1109 1037 1258 1096 dignus
1280 1048 1400 1089 esset,
1432 1037 1586 1079 audeat
1615 1038 1809 1096 praefatos
1841 1038 1987 1090 libros,

142 1119 189 1145 ac
212 1105 348 1145 theses
369 1102 481 1160 apud
504 1117 547 1142 se
570 1101 768 1152 retinere,
795 1113 866 1143 aut
894 1102 1032 1160 legere
1057 1103 1134 1144 snb
1157 1102 1291 1160 poenis
1312 1102 1595 1175 suspensionis
1624 1118 1646 1143 a
1672 1103 1826 1144 divinis
1849 1081 1987 1161 quoad

141 1168 340 1212 Clericos
370 1178 410 1208 et
439 1167 579 1224 quoad
610 1166 740 1208 laicos
768 1167 1224 1209 excommunicationis
1249 1167 1423 1223 majoris
1446 1168 1535 1226 ipso
1567 1168 1676 1208 facto
1704 1167 1986 1209 incurrendis.

141 1248 318 1290 quarum
340 1231 651 1273 absolutionem
672 1243 714 1274 et
736 1232 1044 1274 relaxationem
1058 1232 1207 1283 Nobis,
1231 1243 1273 1273 et
1290 1233 1598 1274 successoiibus
1609 1232 1772 1273 Nostris
1788 1233 1991 1274 Romanis

140 1297 416 1340 Pontificibus
443 1312 720 1351 reservamus,
758 1309 934 1356 excepto
961 1308 1125 1339 tantum
1154 1298 1298 1356 quoad
1323 1297 1812 1339 excommunicationem
1843 1297 1992 1339 mortis

141 1362 335 1405 articulo.
371 1362 630 1403 Mandamus
659 1378 828 1420 quoque
855 1363 1144 1422 typographis,
1174 1379 1222 1405 ac
1251 1363 1514 1421 bibliopolis,
1551 1362 1811 1421 cunctisque,
1841 1374 1884 1404 et
1910 1362 1992 1404 sin-

140 1428 247 1485 gulis
272 1429 571 1484 cujuscumque
596 1427 751 1484 gradus
779 1438 820 1469 et
841 1427 1072 1485 dignitatis,
1102 1439 1146 1469 ut
1170 1427 1333 1485 quoties
1369 1428 1562 1486 praedicti
1584 1427 1683 1468 libri
1707 1444 1754 1469 ac
1778 1429 1915 1469 theses
1938 1427 1990 1469 ad

141 1508 289 1535 eorum
312 1508 462 1534 manus
483 1507 585 1549 pert
589 1492 770 1543 ene1int,
795 1492 960 1534 deferre
984 1504 1210 1534 teneantur
1231 1492 1469 1534 Ordinariis
1486 1493 1562 1534 sub
1587 1492 1738 1533 iisdem
1760 1492 1991 1551 respective

140 1558 290 1615 poenis,
318 1573 472 1629 nempe
495 1556 637 1628 quoad
658 1525 843 1598 Cle1icos
867 1557 1153 1615 suspensionis
1179 1574 1201 1598 a
1227 1557 1396 1607 divinis,
1425 1558 1566 1615 quoad
1590 1557 1720 1599 laicos
1743 1573 1991 1599 excommu-

140 1622 363 1663 nicationis
390 1621 563 1677 majoris
593 1621 784 1679 superius
807 1621 1090 1663 comminatis.
1125 1611 1271 1679 Neque
1291 1633 1457 1663 tantum
1479 1634 1736 1663 memoratos
1766 1623 1913 1672 libros,
1943 1637 1990 1663 ac

140 1687 292 1738 theses,
316 1687 387 1729 sed
408 1686 533 1730 alios
553 1686 736 1744 aliisque
757 1702 1047 1743 quoscumque
1072 1686 1158 1727 site,
1182 1686 1359 1745 scriptis,
1390 1686 1474 1728 sive
1493 1687 1603 1744 typis
1628 1698 1818 1728 exaratos
1840 1687 1983 1728 libros.

139 1752 202 1793 vel
224 1753 332 1794 forte
349 1734 600 1805 exarandos,
630 1763 671 1793 et
691 1751 1056 1809 imprimendos,
1046 1768 1090 1792 m
1115 1752 1268 1809 quibus
1292 1751 1442 1792 eadem
1467 1752 1626 1793 nefaria
1652 1752 1847 1793 doctrina
1866 1767 1990 1793 reno-

138 1829 260 1858 vetul
282 1833 333 1858 ex
349 1817 531 1875 integro,
558 1827 629 1858 aut
646 1816 690 1857 in
703 1833 780 1875 pa1
782 1827 838 1867 te,
867 1817 944 1858 sub
967 1815 1118 1857 iisdem
1135 1816 1269 1875 poenis
1291 1816 1481 1874 superius
1500 1816 1704 1874 exp1essis
1720 1817 1985 1859 damnamus

140 1852 462 1940 reprobamus?
463 1893 590 1938 atque
608 1881 707 1940 legi,
734 1880 936 1939 imprimi,
959 1881 1130 1923 retine1i
1151 1881 1327 1922 omnino
1351 1881 1645 1940 prohibemus.

200 2031 430 2070 Hortamur
468 2027 642 2069 tandem
678 2028 722 2068 in
760 2028 960 2079 Domino,
992 2039 1033 2069 et
1063 2029 1335 2069 obsecramus
1367 2029 1641 2070 Venerabiles
1678 2030 1858 2080 Fratres,
1883 2044 1988 2086 quos

140 2095 373 2136 Nobiscum
401 2093 620 2151 pastoralis
652 2092 782 2146 zelus,
817 2104 858 2134 et
893 2092 1162 2134 sacerdotalis
1186 2094 1420 2134 constantia
1455 2095 1687 2151 conjungit,
1728 2105 1773 2134 ut
1796 2109 1874 2151 pro
1910 2094 1987 2135 sibi

142 2160 366 2201 commisso
404 2158 586 2200 docendi
610 2158 843 2200 ministerio
873 2158 991 2199 omni
1014 2158 1295 2199 sollicitudine
1326 2158 1546 2216 vigilantes
1569 2160 1612 2198 in
1636 2158 1827 2199 custodia
1850 2159 1988 2217 gregis

143 2224 311 2275 Christi,
335 2239 432 2265 oves
450 2239 544 2265 suas
570 2239 592 2264 a
612 2235 701 2264 tam
722 2223 938 2265 venenatis
957 2224 1135 2281 pascuiS,
1159 2224 1242 2264 hoc
1260 2234 1321 2264 est
1338 2223 1389 2263 ab
1410 2224 1564 2263 horum
1582 2222 1789 2263 librorum
1808 2222 1989 2266 lectione

143 2300 330 2331 avertere
350 2299 562 2346 satagant,
585 2299 627 2329 et
644 2288 848 2345 quoniam
869 2308 886 2323 «
911 2288 1064 2329 veritas
1092 2303 1188 2328 cum
1219 2288 1391 2328 minime
1411 2286 1668 2337 defenditur,
1696 2288 1947 2345 opprimitur
1964 2307 1981 2323 >›

145 2355 202 2411 (S.
229 2354 362 2404 Felix,
388 2354 464 2403 III,
490 2353 587 2394 dist.
611 2354 698 2408 833,
725 2369 894 2394 murum
915 2368 1078 2394 aenenm
1098 2363 1141 2393 et
1161 2352 1404 2393 columnam
1427 2352 1605 2392 ferream
1625 2367 1716 2392 sese
1732 2352 1987 2394 constituant

144 2435 221 2476 pro
245 2418 374 2459 domo
393 2418 470 2458 Dei
487 2428 635 2458 contra
655 2418 923 2474 vaniloquos,
947 2429 989 2459 et
1007 2417 1265 2469 seductores,
1291 2418 1362 2475 qui
1385 2416 1525 2458 divina
1551 2427 1674 2474 atque
1691 2417 1876 2459 humana
1891 2419 1985 2474 jura

143 2499 210 2525 sus
231 2483 366 2540 deque
385 2483 620 2532 miscentes,
640 2497 780 2538 neque
803 2482 957 2522 Caesari
977 2498 1069 2538 quae
1087 2493 1186 2523 sunt
1205 2482 1391 2536 Caesaris,
1412 2497 1550 2538 neque
1574 2497 1666 2538 quae
1683 2483 1761 2524 Dei
1781 2492 1879 2524 sunt
1895 2484 1987 2525 Deo

143 2548 223 2605 ipsi
253 2547 494 2597 reddentes,
529 2547 822 2588 Sacerdotium
860 2558 902 2588 et
939 2547 1164 2604 imperium
1196 2546 1467 2587 committunt
1496 2547 1604 2587 inter
1635 2562 1693 2598 se,
1729 2558 1854 2606 atque
1879 2547 1986 2590 adeo

145 2614 347 2670 impetere
363 2623 605 2668 utrumque,
624 2623 748 2669 atque
769 2623 956 2654 evertere
976 2612 1267 2653 connituntur.

204 2744 261 2783 Ut
287 2751 428 2782 autem
453 2750 681 2798 praesentes
703 2741 869 2781 Litterae
891 2739 1088 2781 omnibus
1127 2740 1406 2790 innotescant,
1447 2755 1525 2781 nec
1560 2741 1783 2798 quisquam
1820 2741 1986 2783 illarum

145 2803 427 2866 ignorantiam
452 2814 702 2861 praetexere,
722 2815 764 2845 et
781 2804 961 2863 allegare
978 2804 1129 2854 valeat,
1152 2804 1345 2844 volumus
1368 2819 1416 2844 ac
1428 2804 1626 2859 jubemus
1643 2806 1751 2863 ipsas
1775 2805 1829 2847 ad
1848 2806 1986 2848 valvas

143 2872 325 2913 Basilieae
359 2869 663 2927 Apostolorum
687 2868 906 2928 Principis,
943 2880 984 2910 et
1013 2868 1282 2910 Cancellariae
1305 2869 1572 2926 Apostolicfe,
1615 2885 1692 2911 uec
1733 2886 1822 2911 non
1853 2871 1984 2912 Curiae

145 2934 361 2979 Generalis
398 2934 442 2975 in
472 2933 620 2975 Monte
643 2934 818 2984 Citorio,
847 2944 888 2975 et
909 2935 953 2975 in
977 2933 1064 2974 acic
1088 2933 1236 2990 Campi
1263 2933 1397 2974 Florae
1425 2933 1477 2975 de
1494 2935 1610 2976 Urbe
1629 2950 1705 2992 per
1730 2934 1912 2992 aliquem
1933 2949 1984 2976 ex

145 2999 393 3043 Cursoribus
428 2996 611 3051 Nostris,
638 3008 684 3038 ut
717 2999 846 3038 moris
878 3008 954 3047 est,
990 2997 1211 3056 publicari,
1254 2997 1504 3056 illarumque
1536 2999 1729 3058 exempla
1764 2999 1823 3040 ibi
1861 2998 1983 3039 affixa

144 3066 351 3122 relinqui,
382 3065 439 3105 sic
464 3078 564 3105 vero
589 3061 749 3115 affixas,
787 3077 833 3103 ac
858 3062 1092 3120 publicatas
1112 3062 1288 3121 perinde
1303 3079 1451 3106 omnes
1471 3063 1638 3106 afficere
1660 3064 1715 3105 ad
1738 3079 1842 3121 quos
1861 3077 1982 3120 spec-

146 3141 252 3183 tant,
279 3145 326 3171 ac
349 3130 382 3170 si
409 3127 635 3185 unicuique
661 3127 830 3168 illorum
854 3127 1128 3184 personaliter
1145 3127 1370 3169 notificatae
1403 3139 1527 3185 atque
1557 3129 1758 3170 intimatae
1792 3127 1980 3168 fuissent.

145 3195 418 3239 P1·aesentium
447 3208 616 3253 quoque
646 3193 899 3235 Litterarum
927 3192 1219 3251 transsumptis
1242 3194 1370 3236 etiam
1406 3194 1635 3252 impressis,
1657 3208 1785 3235 manu
1811 3191 1984 3247 alicujus
