2135 3442
841 217 970 255 XXVI
997 217 1125 253 JULII
1154 216 1397 255 MDCCCLV.

1056 322 1184 333 ———

511 436 580 505 S.
629 435 696 504 S.
748 436 1057 502 DOMINI
1106 436 1422 504 NOSTRI
1472 437 1593 504 PII
1647 439 1733 504 IX

933 593 1302 646 ALLOCUTIO

602 741 647 769 IN
667 740 930 768 CONSISTORIO
947 741 1125 769 SECRETO
1142 749 1160 769 2
1172 739 1192 769 6
1215 743 1322 769 JUL11
1347 750 1360 770 1
1374 740 1392 770 8
1405 739 1423 771 5
1435 739 1452 771 5
1471 743 1646 770 HABITA.

879 874 927 916 V
924 890 971 915 en
977 874 1094 915 erabi
1098 875 1157 916 les
1180 876 1374 928 Fratres,

258 1005 395 1047 Nemo
418 1013 603 1045 vestrum
621 1001 807 1059 ignorat,
833 1003 1107 1045 Venerabiles
1125 1004 1309 1056 Fratres,
1330 1016 1514 1062 quatuor
1533 1005 1729 1046 nondum
1762 1003 1925 1061 elapsos
1957 1018 2046 1044 esse

201 1085 351 1120 annos,
380 1084 428 1109 ex
455 1083 539 1125 quo
561 1065 685 1107 nullis
701 1082 841 1124 neque
859 1068 987 1119 curis,
1013 1084 1154 1125 neque
1172 1068 1373 1120 consiliis,
1400 1086 1535 1127 neque
1553 1068 1772 1111 laboribus
1785 1068 1919 1110 Nobis
1944 1083 2044 1125 par-

201 1134 384 1177 cendum
416 1148 504 1174 esse
537 1132 747 1186 duximus,
781 1143 829 1173 ut
851 1132 1144 1175 ecclesiasticis
1179 1132 1223 1174 in
1259 1134 1465 1192 Hispania
1496 1134 1678 1192 negotiis
1710 1133 2042 1176 consuleremus.

199 1199 432 1241 Notissima
457 1197 581 1239 vobis
603 1207 667 1239 est
688 1197 927 1238 Conventio
953 1214 976 1239 a
999 1199 1134 1240 Nobis
1156 1214 1253 1240 cum
1270 1199 1485 1241 carissima
1506 1199 1550 1240 in
1570 1198 1739 1241 Christo
1759 1198 1865 1240 Filia
1890 1198 2044 1240 Nostra

200 1263 338 1305 Maria
368 1262 587 1304 Elisabeth
618 1261 923 1319 Hispaniarum
956 1264 1120 1321 Regina
1144 1263 1361 1305 catholica
1383 1280 1495 1305 anno
1527 1263 1751 1305 millesimo
1776 1262 2044 1320 octingente-

201 1328 308 1370 simo
325 1326 679 1385 quinquagesimo
700 1327 842 1384 primo
866 1326 988 1381 inita,
1013 1344 1061 1370 ac
1080 1328 1209 1370 veluti
1238 1328 1306 1369 lex
1325 1329 1466 1370 Status
1487 1344 1538 1370 eo
1558 1328 1602 1369 in
1621 1330 1771 1386 Regno
1799 1326 1976 1377 sancita,
2005 1337 2047 1368 et

201 1393 450 1435 solemniter
469 1392 756 1450 promulgata.
777 1393 928 1450 Neque
953 1408 1028 1434 vos
1048 1393 1151 1434 latet
1172 1393 1390 1450 quomodo
1416 1393 1460 1434 in
1485 1394 1636 1435 eadem
1661 1391 1952 1434 Conventione
1975 1390 2045 1432 in-

200 1470 265 1499 ter
277 1457 477 1515 plurima,
497 1473 589 1514 quae
608 1467 765 1498 statuta
784 1457 954 1499 fuerunt
975 1458 1030 1498 ad
1047 1458 1265 1499 catholicae
1281 1458 1515 1517 Religionis
1533 1458 1720 1500 rationes
1737 1457 1932 1507 tuendas,
1953 1471 2048 1498 cau-

201 1534 292 1564 tum
312 1522 355 1563 in
380 1521 528 1581 primis
552 1521 693 1573 fuerit,
714 1533 760 1563 ut
775 1521 864 1579 ipsa
892 1534 1071 1580 augusta
1090 1522 1273 1581 Religio,
1307 1540 1578 1581 quocumque
1604 1523 1687 1565 alio
1715 1522 1830 1565 cultu
1858 1521 2043 1571 excluso,

200 1603 384 1645 pergens
403 1602 493 1627 esse
515 1586 603 1627 sola
624 1586 774 1643 religio
800 1586 1040 1644 Hispanicae
1062 1588 1264 1639 nationis,
1291 1600 1400 1630 esset
1423 1600 1470 1629 ut
1495 1599 1619 1630 antea
1645 1587 1689 1629 in
1719 1587 1915 1629 universo
1945 1585 2047 1627 His-

200 1651 425 1710 paniarum
446 1653 596 1708 Regno
621 1651 912 1692 conservanda
933 1668 1031 1692 cum
1065 1652 1265 1693 omnibus
1291 1653 1457 1712 juribus
1488 1663 1529 1693 et
1553 1651 1859 1710 praerogativis,
1893 1651 2046 1709 quibus

199 1715 329 1774 potiri
350 1716 477 1757 debet
497 1716 616 1771 juxta
636 1715 715 1755 Dei
732 1715 869 1772 legem
890 1726 931 1756 et
951 1715 1186 1757 Canonicas
1205 1717 1479 1771 Sanctiones3
1515 1728 1562 1758 ut
1584 1716 1795 1758 institutio
1827 1716 1872 1758 in
1906 1715 2046 1758 omni-

200 1782 280 1823 bus
300 1780 536 1837 quibusque
557 1779 755 1836 publicis,
779 1780 1039 1838 privatisque
1062 1781 1218 1822 scholis
1237 1780 1349 1823 foret
1367 1782 1545 1823 omnino
1571 1781 1804 1823 conformis
1829 1781 2047 1822 catholieae

201 1844 434 1898 doctrinae,
470 1855 515 1885 ut
537 1845 763 1885 Sacrorum
787 1845 1025 1902 praesertim
1052 1845 1277 1888 Antistites
1300 1847 1345 1887 in
1369 1847 1599 1904 episcopali
1630 1862 1807 1888 munere
1827 1846 2044 1898 obeundo,

201 1921 241 1951 et
260 1909 305 1950 in
326 1908 390 1960 iis,
409 1925 501 1966 quae
513 1908 564 1949 ad
574 1910 641 1963 jus
661 1921 702 1950 et
715 1910 965 1951 exercitium
977 1910 1266 1952 ecclesiasticae
1281 1911 1562 1962 auctoritatis,
1575 1927 1787 1968 sacraeque
1798 1910 2046 1953 Ordinatio-

199 1974 265 2015 nis
281 1973 514 2032 pertinent,
541 1973 666 2031 plena
687 1974 757 2015 illa
777 1985 997 2015 uterentur
1016 1975 1227 2030 libertate,
1249 1992 1378 2033 quam
1405 1977 1512 2018 sacri
1537 1978 1730 2018 Canones
1751 1986 1968 2029 statuunt3
2000 1986 2046 2016 ut

201 2038 388 2080 Ecclesia
405 2038 550 2080 nativo
573 2054 648 2079 suo
663 2040 758 2095 jure
777 2039 911 2081 libere
935 2040 1114 2082 omnino
1147 2041 1345 2098 polleret,
1383 2041 1631 2099 acquirendi
1663 2040 1820 2083 scilicet
1855 2039 2044 2098 legitimo

203 2103 352 2160 quovis
374 2103 496 2144 titulo
518 2119 649 2144 noxas
665 2104 964 2162 possessiones,
992 2116 1032 2145 et
1051 2105 1310 2147 inviolabilis
1342 2118 1450 2147 esset
1476 2106 1685 2162 ejusmodi
1714 2105 1912 2147 Ecclesiae
1940 2121 2043 2163 pro-

202 2168 360 2226 prietas
379 2168 422 2208 in
441 2168 655 2222 omnibus,
685 2185 776 2225 quae
800 2180 901 2210 tunc
918 2169 1180 2227 possidebat,
1203 2171 1268 2212 vel
1288 2170 1332 2212 in
1350 2183 1567 2228 posterum
1588 2170 1843 2228 acquireret.
1868 2171 1978 2211 Hinc
1995 2184 2044 2211 ea

204 2234 395 2291 profecto
420 2233 662 2274 nitebamur
679 2233 832 2275 fiducia
856 2234 962 2285 fore,
985 2245 1032 2275 ut
1062 2235 1291 2277 Pontifieiae
1322 2237 1489 2277 Nostrae
1521 2252 1631 2277 curae
1662 2246 1704 2276 et
1736 2234 2043 2276 sollicitudines

204 2307 398 2354 optatum
415 2310 741 2354 assequerentur
765 2299 941 2352 exitum,
964 2310 1005 2340 et
1025 2299 1233 2341 catholica
1249 2300 1436 2342 Ecclesia
1449 2302 1567 2356 juxta
1592 2300 1750 2341 Nostra
1770 2298 1978 2341 desideria
1999 2298 2042 2340 in

200 2362 406 2420 Hispania
426 2378 627 2420 prospere
648 2363 907 2421 feliciterque
935 2364 1075 2406 denuo
1095 2365 1230 2423 magis
1252 2367 1296 2407 in
1318 2365 1407 2406 dies
1427 2365 1602 2422 vigeret,
1629 2376 1754 2421 atque
1784 2363 2039 2413 floresceret,

200 2443 296 2468 cum
328 2426 563 2484 praesertim
596 2428 734 2469 omnis
759 2428 828 2469 illa
862 2428 1018 2486 inclyta
1037 2430 1165 2471 Natio
1198 2430 1450 2471 catholicam
1471 2429 1743 2487 Religionem
1761 2428 1965 2487 profiteri,
2000 2439 2041 2469 et

199 2491 297 2532 huic
313 2490 430 2532 Petri
449 2491 668 2533 Cathedrae
690 2492 866 2534 firmiter
887 2493 1100 2535 adhaerere
1120 2496 1393 2537 vehementer
1413 2494 1633 2552 glorietur.

259 2568 421 2608 Verum
441 2583 536 2608 cum
558 2584 721 2610 summa
742 2570 873 2611 animi
892 2571 1037 2612 Nostri
1055 2571 1334 2613 admlratione
1355 2582 1395 2612 et
1416 2571 1699 2613 amaritudine
1718 2570 1901 2613 vidimus
1924 2570 2040 2629 quod

201 2648 423 2689 nunquam
444 2632 535 2673 fore
551 2634 873 2689 putavissemus,
897 2651 948 2677 eo
971 2634 1011 2676 in
1041 2637 1190 2695 Regno
1211 2648 1592 2677 commemoratam
1611 2637 1812 2678 Nostram
1841 2638 2039 2677 Conven-

204 2697 377 2747 tionem,
398 2696 487 2754 ipsa
506 2697 777 2755 Hispaniensi
796 2700 967 2741 natione
985 2700 1143 2741 nedum
1156 2699 1301 2750 invita,
1320 2700 1393 2742 sed
1411 2700 1537 2741 etiam
1549 2716 1820 2760 summopere
1837 2711 2039 2742 moerente

201 2772 243 2802 et
262 2761 533 2813 reclamante,
564 2761 736 2820 impunc
758 2764 893 2823 frangi
923 2781 971 2806 ac
994 2765 1159 2815 violari,
1183 2781 1395 2823 novasque
1418 2766 1631 2820 Ecclesiae,
1656 2768 1830 2824 ejusque
1851 2765 2035 2822 juribus7

201 2826 435 2884 Episcopis,
472 2843 520 2867 ac
543 2842 749 2884 supremae
769 2830 950 2881 Nostrae,
979 2831 1223 2887 Sanctaeque
1256 2831 1381 2886 hujus
1402 2831 1521 2873 Sedis
1544 2831 1742 2889 potestati
1773 2831 1947 2887 injurias
1969 2830 2038 2871 in—

202 2890 319 2942 ferri,
355 2906 459 2947 quas
490 2892 603 2949 apud
638 2908 713 2933 vos
745 2893 973 2936 condolere
1007 2894 1315 2952 compellimur,
1350 2896 1625 2938 Venerabiles
1656 2898 1838 2937 Fratres.
1869 2893 2037 2937 Etenim

202 2955 294 2996 latae
318 2954 491 2997 fuerunt
508 2956 638 3013 leges,
666 2956 822 3013 quibus
843 2958 1019 3015 primus,
1048 2969 1088 3000 et
1109 2960 1317 3001 secundus
1348 2960 1479 3018 ipsius
1504 2960 1806 3003 Conventionis
1839 2959 2036 3002 articulus

204 3036 286 3061 nou
308 3021 468 3077 absque
488 3020 570 3062 levi
585 3021 814 3079 Religionis
835 3022 1091 3064 detrimento
1110 3023 1348 3076 invertitur,
1376 3025 1562 3083 itemque
1581 3025 1824 3083 praecipitur
1840 3022 2034 3066 Ecclesiae

204 3085 316 3125 bona
333 3101 422 3127 esse
443 3086 682 3127 vendenda.
698 3086 874 3128 Accedit
887 3087 1014 3129 etiam
1031 3099 1076 3129 ut
1098 3088 1209 3129 varia
1229 3089 1342 3131 edita
1358 3089 1515 3131 fuerint
1530 3091 1711 3141 decreta,
1735 3088 1886 3148 quibus
1901 3088 2034 3128 inter-

205 3147 354 3191 licitur
372 3150 592 3209 Episcopis
614 3167 756 3194 sacros
779 3151 962 3194 Ordines
983 3151 1193 3209 conferre,
1222 3165 1265 3196 et
1289 3154 1474 3213 virgines
1497 3156 1588 3196 Deo
1609 3170 1734 3197 sacrae
1750 3152 2033 3211 prohibentur
