2135 3442
174 180 221 215 78
885 178 1011 213 BREF
1040 178 1104 212 DE
1129 178 1209 213 PIE
1236 176 1300 211 Vi.

171 267 215 307 in
242 264 463 306 consilium
483 263 755 316 adhibentur,
783 264 890 305 ferre
919 275 1094 322 possunt
1124 262 1337 321 suffragia,
1366 276 1493 318 quam
1516 272 1683 302 tantum
1712 272 1760 302 ut
1783 261 2015 319 appellant,

169 329 460 379 consultativa,
481 328 844 385 quemadmodum
862 344 914 370 ex
925 328 1093 370 duobus
1110 328 1298 370 conciliis
1320 325 1653 384 provincialibus
1682 325 2011 383 Burdegalensi-

173 396 248 436 bus
266 393 406 434 firmat
428 393 680 435 Benedictus
701 393 839 434 X1V1.

227 459 447 511 Quantum
478 474 607 516 porro
630 458 680 499 ad
715 457 887 499 secundi
908 457 1072 515 generis
1095 455 1271 498 vicarios
1303 456 1502 513 pertinet,
1530 455 1601 511 qui
1621 454 1879 510 plenijuris
1901 471 2014 496 nun-

169 534 391 580 cupantur,
417 523 609 564 mirabile
626 538 724 563 saue
747 533 824 572 est,
850 529 903 563 ac'
914 537 1087 579 prorsus
1107 519 1361 570 inauditum,
1395 531 1441 561 ut
1462 519 1658 578 Episcopi
1677 529 1902 560 teneantur
1921 519 2016 560 illo-

168 603 262 628 rum
287 587 489 629 adbibere
526 602 702 644 operam
735 586 788 627 ad
817 602 944 643 quam
968 585 1262 636 recusandam,
1290 586 1425 640 justas
1451 584 1612 625 habere
1639 594 1819 641 possunt
1856 598 2015 636 causas,

168 662 210 692 et
232 662 290 702 ut,
320 653 494 709 quinon
515 651 589 691 nisi
603 651 877 692 subsidiarias
893 661 1034 708 partes
1059 660 1222 708 gerant,
1248 649 1477 706 locumque
1508 663 1676 698 eorum,
1704 649 1777 705 qui
1808 647 2018 690 inhabiles

168 731 255 758 non
275 728 386 770 sunt,
401 716 640 774 suppleant,
654 732 742 757 11011
769 715 897 757 etiam
917 714 1083 765 iisdem,
1101 714 1154 756 de
1178 729 1362 772 quorum
1381 712 1524 756 officio
1543 712 1698 772 agitur,
1719 711 2015 769 subjiciantur.

226 871 310 913 Sed
333 871 505 912 ulterius
529 870 666 911 adhuc
691 880 751 910 est
770 867 1151 926 progrediendum.
1179 867 1286 907 Cum
1303 877 1539 907 conventus
1564 865 1638 907 iste
1668 865 1722 906 ad
1747 864 2018 907 statuendam

165 936 489 976 seminariorum
505 933 791 992 regendorum
824 932 962 990 legem
987 931 1218 985 devenerit,
1238 932 1478 989 Episcopis,
1504 942 1551 971 ut
1584 929 1877 989 eligendorum
1898 931 2014 972 vica-

164 1001 322 1041 riorum
346 1015 395 1041 ex
415 999 611 1040 universo
633 999 745 1039 clero
763 1007 1017 1054 potestatem
1036 996 1146 1046 fecit,
1170 1012 1258 1037 non
1278 995 1335 1036 ita
1357 996 1485 1036 etiam
1507 996 1684 1036 arbitrio
1705 994 1875 1052 reliquit
1898 1010 2016 1053 supe-

162 1066 341 1114 riorum,
360 1080 431 1105 seu
449 1074 665 1104 rectorum
685 1061 728 1101 in
757 1061 992 1102 seminariis
1013 1060 1264 1102 electionem
1282 1075 1292 1115 3
1316 1060 1403 1102 vult
1422 1059 1535 1100 enim
1555 1071 1604 1101 ut
1632 1060 1722 1101 haec
1740 1059 1793 1100 ab
1818 1060 1911 1117 ipso
1931 1075 2018 1101 una

165 1144 261 1170 cum
284 1127 461 1177 vicariis,
483 1143 534 1168 ex
555 1126 705 1181 majori
726 1124 1026 1182 suffragiorum
1046 1141 1238 1175 numero,
1268 1136 1513 1183 peragatur,
1540 1125 1825 1183 prohibetque
1845 1125 1939 1166 illos
1961 1126 2014 1166 ab

164 1193 362 1250 imposito
378 1207 567 1241 munere,
589 1190 666 1232 nisi
687 1206 738 1232 ex
757 1190 941 1247 plurium
959 1191 1290 1243 vicariorum,ut
1307 1189 1507 1241 diximus,
1530 1205 1757 1243 consensu,
1778 1191 2011 1233 removeri.

161 1258 267 1310 Quis
300 1258 368 1298 hie
387 1272 474 1297 non
496 1256 612 1297 videt
639 1266 845 1312 quantum
869 1256 1089 1313 Episcopis
1120 1254 1352 1305 diffidatur,
1385 1270 1571 1312 quorum
1597 1265 1658 1296 est
1687 1269 1834 1295 curam
1849 1255 2011 1296 habere

162 1321 432 1362 institutionis
464 1330 505 1362 et
538 1319 769 1377 disciplinas
795 1320 981 1370 illorum,
1020 1320 1091 1376 qui
1123 1319 1164 1360 in
1187 1320 1420 1361 Ecclesiam
1447 1319 1674 1377 adlegendi
1704 1329 1816 1368 sunt,
1841 1320 2014 1376 ejusque

160 1386 370 1443 ohsequiis
397 1384 652 1426 addicendi?
692 1386 745 1425 Et
775 1395 921 1425 tamen
955 1384 1059 1424 nihil
1089 1396 1252 1425 certum
1290 1385 1426 1442 magis
1459 1384 1849 1440 indubitatumque,
1887 1398 2015 1441 quam

159 1451 273 1508 quod
292 1461 419 1508 caput
438 1461 480 1491 et
499 1464 690 1489 summus
709 1448 957 1490 administer
979 1449 1321 1490 sen‘iinariorium
1352 1450 1404 1490 sit
1427 1448 1680 1507 Episcopus,
1703 1459 1743 1489 et
1768 1463 2016 1505 quanquam

158 1515 405 1557 Tridentina
430 1513 649 1570 Synodus⁸
675 1513 866 1563 mandet,
888 1524 933 1554 ut
965 1513 1050 1554 duo
1072 1514 1264 1554 canonici
1293 1529 1417 1571 super
1438 1514 1716 1555 ecclesiastiea
1745 1512 2016 1554 alumnorum

158 1579 378 1637 disciplina
400 1577 685 1628 instituantur,
710 1593 860 1619 eorum
882 1588 1024 1618 tamen
1044 1577 1194 1618 electio
1211 1577 1465 1636 relinquitur
1487 1577 1846 1636 ΕρίεοοΡίερνοιιῐ
1865 1577 2013 1634 Spiri-

158 1654 224 1686 tus
250 1645 431 1686 Sanctus
455 1648 731 1700 sugg-essent,
752 1657 892 1699 neque
914 1643 1123 1684 inhaereie
1147 1657 1295 1683 eorum
1315 1642 1501 1698 judiciis,
1529 1658 1667 1699 neque
1693 1641 1885 1684 assentiri
1904 1657 2011 1684 con-

157 1710 254 1750 siliis
276 1708 404 1750 adst1
394 1718 609 1765 mountur
632 1708 755 1748 Nunc
774 1722 875 1748 vero
895 1718 1099 1764 quantam
1124 1717 1244 1764 pote1
1248 1717 1324 1748 unt
1341 1707 1540 1765 Episcopi
1563 1706 1763 1748 fiduciam
1784 1722 1945 1764 ponere
1968 1708 2012 1748 in

157 1789 305 1815 corum
335 1788 451 1824 cura,
484 1772 555 1829 qui
578 1770 699 1812 electi
738 1772 791 1812 ab
815 1771 894 1812 illis
914 1771 1087 1821 fuerint,
1118 1773 1257 1825 jurata
1281 1771 1457 1813 fortasse
1480 1771 1692 1813 obstrictis
1713 1771 1816 1822 fide,
1855 1771 1910 1813 ad
1941 1772 2010 1813 in-

158 1839 264 1880 fecta
286 1838 355 1880 illa
373 1835 578 1878 servanda
601 1846 834 1877 conventus
857 1836 1057 1877 decreta?

214 1902 422 1952 Tandem,
457 1901 509 1942 ad
532 1901 764 1958 Episcopos
786 1901 830 1941 in
853 1911 1051 1941 extremae
1073 1899 1324 1955 abjectionis
1351 1910 1506 1941 statum
1542 1899 1861 1957 deprimendOS,
1895 1915 1944 1942 ac
1964 1903 2007 1941 in

156 1968 347 2008 omnium
369 1975 662 2022 contemptum
687 1964 978 2015 adducendos,
1001 1964 1258 2015 decernitur,
1280 1975 1327 2006 ut
1348 1965 1484 2005 tribus
1514 1964 1753 2022 quibusque
1772 1964 2006 2017 mensibus,

156 2043 318 2073 tantam
342 2031 645 2072 mercenariam
671 2040 918 2087 praestantes
942 2045 1117 2087 operam
1137 2040 1301 2070 tantam
1320 2029 1524 2087 recipiant
1553 2030 1718 2088 stipem,
1742 2040 1896 2088 quanta
1918 2045 2008 2071 non

155 2107 329 2154 possent
342 2095 829 2152 ampliusindigentium,
849 2096 921 2151 qui
937 2110 1135 2150 magnam
1152 2094 1298 2152 populi
1312 2105 1475 2152 partem
1500 2093 1775 2145 constituunt,
1799 2109 2006 2137 aerumnas

155 2161 387 2210 sublevare,
401 2159 622 2216 multoque
632 2160 761 2200 etiam
775 2160 915 2200 minus
927 2174 1050 2200 suum
1065 2159 1168 2200 tueri
1180 2159 1424 2217 episcopalis
1435 2158 1686 2200 characteris
1701 2158 2006 2216 gradum.Haec

155 2241 266 2266 nova
279 2239 476 2282 congruae
488 2223 736 2281 episcopalis
754 2223 958 2264 institutio
972 2224 1024 2264 ab
1044 2223 1113 2264 illa
1123 2238 1297 2282 prorsus
1306 2222 1496 2274 dissidet,
1511 2239 1604 2281 quae
1617 2222 1818 2264 attributa
1827 2223 2004 2281 Episco-

155 2291 218 2347 pis
239 2305 286 2331 ac
306 2289 505 2330 Parochis
534 2287 718 2329 fueritin
739 2287 879 2329 fundis
893 2288 1126 2343 stabilibus,
1148 2304 1240 2345 quae
1262 2287 1342 2346 ipsi
1360 2287 1720 2342 administrarent,
1734 2287 1998 2345 fructusque,

155 2365 357 2411 tanquam
373 2352 551 2402 domini,
568 2352 853 2410 perciperent,
869 2352 1052 2413 ideoque
1067 2353 1247 2394 ecclesiis
1264 2370 1389 2394 102sz
1409 2369 1596 2394 mensum
1612 2352 1870 2394 destinatum
1878 2353 2003 2396 fuisse

154 2418 397 2476 reperimus,
413 2417 621 2473 utlegitur
637 2418 679 2457 in
689 2417 1397 2475 CapitularibusetCa1·oliMagni‘¹,
1409 2428 1451 2459 et
1464 2416 1572 2475 regis
1581 2417 1790 2457 Lotharii⁵
1811 2433 1820 2458 z
1842 2417 2002 2459 «Volu-

158 2502 176 2518 «
204 2498 298 2524 mus
323 2493 368 2523 ut
390 2481 622 2522 secundum
645 2481 879 2535 jussionem
898 2482 1087 2533 Domini,
1115 2497 1163 2522 ac
1183 2482 1384 2539 genitoris
1410 2481 1560 2533 nostri,
1586 2497 1693 2522 unus
1713 2497 1881 2522 mensus
1904 2497 2002 2523 cum

160 2569 177 2584 «
203 2546 431 2588 duodecim
453 2545 671 2587 bunuariis
692 2546 744 2588 de
771 2557 885 2587 terra
905 2546 1053 2587 arabili
1078 2545 1136 2586 ibi
1154 2545 1293 2587 detur.
1319 2566 1334 2581 »
1363 2547 1417 2586 Et
1435 2561 1533 2586 cum
1553 2546 1768 2603 assignatae
1787 2546 1998 2603 aliquibus

152 2612 480 2669 Episcopatuum
503 2610 658 2651 mensis
676 2626 762 2651 non
781 2610 1020 2652 sufficerent
1038 2610 1174 2662 dotes,
1193 2612 1456 2668 augebantur
1473 2610 1748 2651 abbatialium
1766 2611 2002 2653 fundorum

153 2677 323 2726 unione,
350 2686 397 2716 ut
420 2675 569 2732 saepius
593 2675 635 2715 in
662 2675 813 2727 Gallia,
840 2690 887 2716 ac
910 2676 1041 2716 nostri
1058 2675 1185 2716 etiam
1209 2674 1481 2716 Pontificatus
1508 2685 1702 2732 tempore
1726 2675 1887 2717 factum
1912 2692 2001 2718 esse

152 2740 441 2782 recordamur.
468 2739 592 2780 Nunc
610 2755 711 2780 vero
745 2755 829 2796 quo
852 2740 985 2780 vitam
1008 2739 1141 2796 ipsam
1164 2738 1363 2797 Episcopi
1388 2750 1603 2789 tueantur,
1626 2740 1703 2780 erit
1723 2740 1766 2781 in
1790 2752 1999 2799 potestate

150 2805 367 2854 laicorum,
395 2803 466 2861 qui
493 2804 638 2844 aerario
670 2814 867 2861 praesunt,
896 2803 1048 2860 quique
1080 2819 1153 2845 eos
1172 2819 1245 2844 sua
1267 2803 1336 2844 illa
1356 2803 1553 2846 mercede
1580 2805 1779 2847 fraudare
1813 2805 1996 2856 valeant,

151 2871 184 2911 si
204 2869 406 2927 perversis
431 2884 523 2926 quae
557 2867 885 2909 memoravimus
919 2867 1099 2909 decretis
1131 2867 1421 2910 adversentur.
1455 2869 1549 2911 Huc
1581 2869 1758 2922 accedit,
1795 2881 1856 2924 ut,
1883 2880 1997 2911 certa

151 2933 339 2992 pecuniae
359 2944 480 2991 parte
502 2932 651 2991 cuique
672 2933 882 2991 Episcopo
906 2933 1127 2991 assignata,
1152 2948 1279 2974 nemo
1300 2949 1353 2975 ex
1380 2933 1481 2991 ipsis
1499 2950 1690 2992 unquam
1713 2934 1894 2994 amplius
1914 2950 1997 2993 po-

202 3084 235 3115 1.
263 3081 330 3115 Cit.
350 3093 449 3126 oper.
466 3079 509 3113 de
526 3079 661 3126 Synod.
683 3079 762 3114 eod.
785 3079 848 3114 lib.
870 3079 974 3121 XIII,
996 3091 1075 3124 cap.
1100 3091 1141 3120 11,
1160 3087 1202 3111 n⁰
1222 3083 1256 3114 6.

201 3130 233 3161 2.
263 3129 350 3162 Sess.
372 3131 431 3168 23,
452 3127 495 3160 de
514 3128 712 3168 reformat„
734 3139 809 3171 cap.
834 3138 938 3159 xvxii.

200 3177 235 3209 3.
263 3175 457 3221 Capitular.
474 3187 531 3208 an.
550 3177 630 3216 789,
649 3186 725 3219 cap.
749 3186 808 3215 xv,
830 3181 916 3207 tom.
939 3173 970 3214 I,
990 3185 1069 3218 pag.
1089 3175 1172 3215 253,
1190 3173 1274 3208 edit.
1295 3174 1419 3217 Paris.,
1442 3175 1565 3213 Baluz.

201 3223 235 3256 4.
261 3222 331 3256 Tit.
356 3225 389 3264 [1,
411 3234 487 3269 cap.
510 3235 538 3265 1,
561 3230 646 3257 tom.
669 3221 716 3264 II,
731 3234 810 3267 pag.
831 3223 912 3262 327,
930 3220 1045 3266 ejusd.
1064 3219 1148 3254 edit.
