2135 3442
162 166 240 203 130
624 162 810 198 LETrRE
839 159 1183 205 APOSTOLIQUE
1210 160 1275 195 DE
1304 147 1432 194 LE'ON
1461 159 1551 194 ΧΠ.

683 383 1090 433 BENEDICTUS
1126 378 1485 430 EPISCOPUS

817 494 969 521 SERVUS
1001 492 1220 519 SERVORUM
1254 490 1342 516 DEI.

740 573 816 613 Ad
827 581 1073 630 perpetuant
1091 577 1155 611 Γθί
1174 575 1438 611 memoriam.

220 674 242 722 5
269 673 312 710 4.
351 689 367 704 «
401 666 602 708 Providas
622 667 917 708 Romanorum
946 663 1201 706 Pontificum
1235 662 1592 722 praedecessorum
1618 663 1872 704 Nostrorum
1902 661 2017 721 leges

165 754 182 770 «
208 744 336 791 atque
355 734 605 780 sanctiones,
636 747 722 772 non
744 732 878 772 solum
903 746 973 772 eas
999 745 1179 787 quarum
1210 729 1401 786 vigorem
1420 728 1485 770 vel
1520 739 1764 786 temporum
1787 726 1923 785 lapsu,
1949 727 2015 769 vel

192 797 438 840 ‘hominum
461 797 656 854 neglectu
685 796 946 846 labefactari,
972 805 1042 836 aut
1068 793 1256 852 extingui
1283 809 1403 851 posse
1440 809 1650 848 veremur,
1686 792 1761 834 sed
1786 808 1855 834 eas
1888 792 2015 833 etiam

165 885 180 900 α
208 879 299 920 quae
313 873 527 904 recentem
547 861 647 911 vim,
672 861 930 918 plenumque
955 858 1150 901 obtinent
1171 858 1451 912 robur,justis
1472 858 1750 915 gratibusque
1776 856 1821 898 id
1843 857 2016 916 exigen-

165 927 318 968 «tibus
348 926 494 977 causis,
530 942 643 966 novo
677 923 936 966 auctoritatis
971 925 1135 966 Nostrae
1174 924 1412 965 munimine
1446 922 1709 964 roborandas
1752 922 2014 963 confirman-

164 1014 180 1027 «
210 992 367 1049 dasque
391 1006 626 1033 censemus.

221 1077 239 1093 «
272 1057 382 1097 Sane
409 1055 538 1097 felicis
560 1053 868 1095 recordationis
886 1052 1174 1111 praedecessor
1192 1052 1349 1093 Noster
1366 1051 1560 1093 Clemens
1576 1051 1693 1109 Papa
1718 1052 1803 1092 XII
1827 1066 1903 1109 per
1922 1067 2016 1093 suas

165 1143 181 1157 «
205 1119 472 1178 Apostolicas
490 1120 668 1160 Litteras
693 1134 806 1160 anno
824 1117 1134 1159 Incarnationis
1151 1116 1385 1158 Dominicae
1400 1116 1623 1158 millesimo
1642 1115 2015 1174 septingentesimo

163 1207 179 1221 α
206 1186 424 1243 trigesimo
445 1195 609 1233 octaVO,
626 1194 781 1240 quarto
805 1182 1008 1224 kalendas
1028 1183 1175 1237 majas,
1189 1180 1463 1223 Pontificatus
1486 1181 1546 1223 sui
1570 1197 1683 1222 anno
1707 1191 1855 1222 octavo
1878 1180 2012 1232 datas,

163 1272 179 1286 «
206 1261 247 1292 et
280 1248 483 1291 universis
516 1247 862 1290 christifidelibus
896 1246 1140 1305 inscriptas,
1179 1262 1359 1305 quarum
1397 1245 1565 1287 initium
1603 1257 1665 1287 est
1702 1245 1756 1286 In
1793 1251 2012 1295 eminenti,

163 1336 181 1350 «
208 1313 433 1355 nonnullas
448 1313 683 1363 societates,
709 1322 856 1366 coetus,
878 1323 1128 1364 conventus,
1152 1311 1439 1362 collectiones,
1459 1309 1752 1353 conventicula
1774 1326 1847 1351 seu
1863 1326 2015 1368 aggre-

162 1400 179 1415 α
210 1378 399 1437 gationes
416 1377 542 1435 vulgo
564 1378 630 1418 εἶθ’
650 1377 795 1418 Liberi
815 1378 1034 1418 Mar-aton
1053 1393 1124 1418 seu
1145 1377 1218 1417 des
1248 1377 1627 1434 Francus—Magon&
1645 1374 1714 1416 vel
1745 1374 1869 1417 aliter
1903 1391 2016 1416 nun-

161 1464 180 1480 «
207 1455 381 1502 cupatas
412 1444 456 1484 in
486 1442 743 1499 quibusdam
777 1441 1024 1499 regionibus
1056 1453 1158 1483 tunc
1185 1442 1270 1483 late
1296 1440 1489 1491 diffusas,
1514 1452 1640 1497 atque
1663 1439 1707 1481 in
1728 1438 1818 1481 dies
1837 1439 2018 1482 invales-

165 1530 182 1544 «
210 1520 368 1560 centes,
390 1519 595 1565 perpetuo
618 1507 838 1548 damnavit
862 1518 987 1564 atque
1009 1506 1244 1564 prohibuit,
1271 1507 1518 1564 praecipiens
1539 1505 1753 1556 omnibus,
1775 1514 1818 1545 et
1846 1504 2020 1563 singulis

163 1594 179 1609 «
212 1572 552 1614 christifidelibus
573 1572 650 1613 sub
675 1588 802 1630 poena
821 1571 1277 1613 excommunicationis
1293 1572 1384 1629 ipso
1405 1572 1517 1612 facto
1538 1572 1698 1627 absque
1717 1569 1803 1610 ulla
1826 1569 2019 1611 declara-

166 1659 181 1675 α
204 1639 320 1678 tione
340 1636 612 1686 incurrenda,
635 1653 659 1678 a
683 1653 766 1694 qua
798 1652 926 1678 nemo
956 1652 1034 1694 per
1064 1636 1209 1686 alium,
1236 1651 1366 1692 quam
1400 1652 1476 1693 per
1495 1637 1742 1676 Romanum
1766 1634 2020 1676 Pontificem

165 1724 181 1738 «
206 1718 288 1760 pro
309 1713 499 1759 tempore
520 1701 788 1752 existentem,
812 1712 990 1758 excepto
1010 1699 1158 1741 mortis
1176 1700 1372 1751 articulo,
1396 1700 1557 1742 absolvi
1578 1710 1737 1757 posset,
1764 1714 1820 1740 ne
1836 1700 1931 1756 quis
1947 1714 2022 1740 au-

166 1788 182 1803 u<
209 1767 328 1808 deret
343 1767 409 1807 vel
427 1777 698 1823 przesumeret
721 1764 966 1819 hujusmodi
993 1764 1215 1804 societates
1245 1764 1369 1814 inire,
1393 1764 1456 1805 vel
1488 1779 1742 1821 propagare,
1781 1773 1852 1803 aut
1872 1763 2021 1804 confo-

169 1852 185 1866 «
213 1847 325 1883 vere,
351 1842 582 1888 receptare,
610 1829 839 1881 occultare,
859 1827 991 1884 iisque
1003 1826 1202 1875 adscribi,
1230 1826 1469 1884 aggregari,
1497 1837 1568 1866 aut
1584 1826 1802 1875 interesse,
1829 1836 1902 1865 aut
1920 1825 2020 1867 alias

169 1916 184 1931 κ
212 1906 342 1953 prout
359 1894 403 1934 in
424 1894 584 1935 eisdem
601 1892 768 1935 Litteris
791 1893 915 1933 latius
933 1903 974 1933 et
997 1892 1169 1933 uberius
1193 1891 1452 1939 continetur,
1473 1905 1651 1947 quarum
1674 1900 1801 1931 tenor
1829 1889 1920 1931 talis
1940 1901 2017 1940 est,

173 1981 187 1995 «
215 1959 427 2009 videlicet,
446 1971 547 2013 etc.,
570 1970 652 2000 etc.

228 2045 246 2060 «
271 2025 379 2065 Cum
402 2035 544 2064 autem
566 2023 673 2064 sicut
693 2021 933 2080 accepimus
963 2021 1091 2078 aliqui
1123 2020 1283 2062 fuerint
1306 2019 1378 2077 qui
1404 2035 1605 2069 asserere,
1638 2035 1686 2061 ac
1718 2020 1846 2077 vulgo
1862 2022 2022 2075 jactare

170 2111 187 2125 «
216 2104 306 2130 non
332 2087 619 2128 dubitaverint
644 2087 802 2127 dictam
822 2085 1277 2127 excommunicationis
1301 2100 1471 2143 poenam
1492 2101 1513 2125 a
1530 2085 1843 2143 praedecessore
1860 2083 2021 2125 Nostro

171 2175 189 2190 «ι
213 2165 261 2195 ut
278 2152 500 2211 praefertur
518 2152 765 2209 impositam
786 2168 874 2192 non
893 2151 1073 2209 amplius
1088 2150 1272 2204 afficere,
1291 2161 1519 2208 propterea
1536 2150 1653 2207 quod
1672 2149 1759 2207 ipsa
1776 2148 2022 2207 praeinserta

173 2239 190 2254 ιι
219 2216 465 2260 constitutio
491 2233 513 2257 a
534 2216 670 2258 Nobis
710 2216 963 2257 confirmata
996 2231 1082 2256 non
1125 2215 1265 2266 fuerit,
1308 2214 1551 2272 quasivero
1584 2230 1662 2272 pro
1694 2212 2023 2272 apostolicarum

175 2304 192 2318 «
220 2283 573 2322 constitutionum
595 2297 617 2321 a
650 2280 962 2338 praedecessore
1000 2279 1211 2321 editarum
1244 2278 1518 2322 subsistentia
1541 2278 1755 2321 Pontificis
1774 2279 2023 2319 successoris

178 2369 195 2383 «
222 2361 415 2403 expressa
436 2346 699 2386 confirmatio
723 2347 986 2402 requiratur3

236 2432 254 2447 ι
282 2413 470 2468 Cumque
491 2411 618 2451 etiam
648 2427 671 2451 a
697 2410 914 2451 nonnullis
932 2411 1014 2468 piis
1035 2428 1082 2452 ac
1109 2413 1248 2452 Deum
1286 2410 1534 2452 timentibus
1554 2409 1650 2449 viris
1668 2407 1802 2448 Nobis
1833 2407 2023 2448 insinua-

179 2497 197 2514 «
227 2487 318 2517 tum
336 2474 464 2516 fuerit
491 2474 544 2515 ad
566 2474 708 2515 omnia
732 2474 1086 2516 calumniantium
1113 2474 1375 2533 subterfugia
1408 2473 1614 2523 tollenda,
1642 2472 2024 2529 declarandamque

179 2562 196 2578 a
226 2539 356 2581 animi
390 2539 533 2580 Nostri
567 2554 663 2580 cum
706 2538 899 2594 ejusdem
927 2539 1252 2597 praedecessoris
1292 2551 1434 2581 mente
1467 2554 1515 2579 ac
1550 2537 1768 2578 voluntate
1795 2536 2024 2578 uniformi-

180 2626 199 2641 «
224 2615 354 2645 tatem
376 2619 635 2661 magnopere
671 2602 902 2660 expediens
937 2605 1041 2654 sore,
1084 2616 1131 2646 ut
1154 2604 1345 2660 ejusdem
1378 2603 1700 2661 praedecessoris
1734 2602 2026 2644 constitutioni

183 2690 200 2706 <z
230 2685 389 2711 novum
410 2667 742 2709 confirmationis
764 2669 927 2709 Nostrae
949 2667 1196 2726 suffragium
1216 2668 1542 2725 adjungeremus
1567 2685 1577 2707 ι

245 2754 260 2771 α
290 2734 379 2775 'Nos
404 2732 500 2774 licet
517 2733 733 2789 hucusque
757 2731 859 2772 dum
880 2732 1073 2789 pluribus
1090 2731 1430 2773 christifidelibus
1448 2732 1501 2773 de
1523 2731 1689 2773 violatis
1706 2731 1899 2787 ejusdem
1917 2745 2024 2771 con—

184 2821 202 2835 «
227 2797 455 2841 stitutionis
479 2797 643 2854 legibus
672 2812 770 2837 vere
804 2796 1106 2853 poenitentibus
1136 2808 1262 2853 atque
1301 2796 1558 2850 dolentibus,
1598 2811 1723 2852 seque
1750 2812 1774 2836 a
1815 2794 2027 2837 damnatis

184 2886 202 2901 σι
227 2861 473 2920 hujusmodi
497 2862 787 2913 societatibus,
810 2877 881 2902 seu
897 2861 1200 2902 conventiculis
1218 2862 1393 2902 omnino
1420 2877 1658 2903 recessuros
1681 2873 1723 2902 et
1748 2875 1964 2917 nunquam
1981 2861 2026 2900 in

184 2950 202 2965 e<
228 2940 446 2987 posterum
466 2926 520 2967 ad
543 2926 634 2968 illas
656 2937 695 2967 et
721 2926 792 2966 illa
815 2925 1027 2967 redituros
1047 2942 1098 2967 ex
1121 2925 1262 2966 animo
1285 2925 1596 2983 profitentibus,
1634 2925 1949 2967 absolutionem
1971 2924 2025 2964 ab

184 3015 202 3031 α
228 2994 395 3035 incursa
426 2991 866 3033 excommunicatione
910 3002 1000 3032 turn
1037 3002 1157 3033 antea
1193 3006 1320 3048 saepe‚
1356 3002 1446 3032 tum
1478 2990 1662 3032 maxime
1693 2990 1837 3048 elapso
1864 2987 2025 3044 jubilaei

183 3078 203 3095 ’κ
234 3075 347 3100 anno
363 3056 548 3115 benigne
571 3057 869 3107 concessimus,
893 3072 964 3096 seu
983 3056 1085 3096 dum
1106 3055 1348 3096 facultatem
1366 3056 1687 3112 poenitentiariis
1702 3071 1725 3096 a
1745 3054 1879 3095 Nobis
1900 3052 2029 3109 depu-

185 3145 204 3159 -ae
228 3124 325 3165 tatis
345 3121 762 3171 communicavimus,
781 3131 827 3161 ut
842 3120 1083 3175 hujusmodi
1100 3121 1419 3178 poenitentibus,
1444 3122 1516 3177 qui
1533 3120 1587 3161 ad
1603 3121 1714 3177 ipsos
1729 3118 2022 3174 confugerent,

183 3207 204 3225 «ι
229 3186 424 3231 eamdem
448 3186 760 3228 absolutionem
775 3185 933 3227 Nostro
951 3186 1123 3226 nomine
1137 3196 1177 3226 et
1198 3185 1447 3227 auctoritate
1468 3185 1674 3242 impertiri
1696 3183 1898 3235 valerent,
1923 3180 2025 3222 dum
