2135 3442
157 159 204 192 16
407 149 714 195 ENCYCLIQUE
743 148 807 182 DE
834 145 882 182 N.
913 146 956 180 T.
988 143 1027 182 S.
1057 142 1099 177 P.
1131 138 1344 187 LE,PAPE
1372 135 1450 170 PIE
1478 132 1549 167 IX.
1609 130 1727 167 1864.

160 247 352 296 Fratres,
379 238 654 298 cunctisque
672 233 876 289 Clericis,
892 230 1132 290 Laicisque
1156 223 1374 270 fidelibus
1387 235 1509 267 curae
1533 226 1698 262 vestrae
1721 215 1983 262 commissis

160 313 452 369 peramanter
475 300 784 363 impertimus.

219 373 392 414 Datum
420 370 573 411 Romae
597 362 723 425 apud
747 364 792 407 S.
824 364 1012 405 Petrum
1045 357 1121 402 die
1144 357 1243 400 VHl
1269 347 1544 398 Decembris
1568 360 1694 391 anno
1720 345 1848 392 1864
1867 380 1878 401 ,
1905 343 1982 390 de·

155 435 279 479 eimo
303 449 329 478 a
357 431 623 492 Dogmatica
650 426 932 472 Definitione
958 419 1270 467 lminaculatae
1293 411 1627 476 Conceptionis
1649 409 1860 471 Deiparae
1883 409 1987 454 Vir-

156 499 272 561 ginis
296 496 464 551 Mariae,

222 561 521 607 Pontificatus
545 557 697 603 Nostri
725 570 851 600 anno
877 552 1217 598 decimonono.

1438 607 1571 651 PIUS
1595 608 1682 650 ΡΙ).
1713 606 1791 649 IX.

863 924 1293 996 SYLLABUS

488 1065 784 1113 cthAEGTENs
813 1062 1054 1107 vnfficwt'os
1081 1060 1258 1105 NOSTRAE
1287 1057 1446 1103 AETATls
1478 1054 1671 1100 ERRORES

165 1191 232 1223 Qt·1
265 1187 479 1215 NO'rANTt'R
523 1186 563 1211 lx
601 1179 957 1210 ALLOCUTlONIBUS
991 1175 1406 1210 CONSISTORIALIBUS,
1445 1175 1485 1200 IN
1531 1171 1773 1200 ENCYCLICIS
1810 1169 1996 1202 ALHSQL'E

356 1243 618 1272 APOS'I'OLICIS
650 1240 831 1267 LITTERIS
862 1237 1114 1265 SANCTISSIMI
1147 1235 1298 1261 DOMINI
1331 1234 1473 1261 NOSTRI
1509 1233 1565 1258 PII
1598 1231 1708 1257 PAPAE
1740 1230 1798 1256 IX.

1030 1359 1125 1405 Sl.

1031 1406 1050 1417 ν

419 1460 727 1506 Pantheisnzus,
750 1456 1073 1497 Naturalismns
1094 1463 1132 1495 et
1151 1453 1486 1495 Rationalismus
1508 1451 1739 1493 absolutus.

227 1559 259 1597 1.
294 1555 467 1596 Nullum
487 1565 749 1609 supremum,
774 1547 1145 1605 sapientissimum,
1170 1545 1683 1603 providentissimumque
1701 1545 1870 1586 Numen
1896 1541 2001 1583 divi-

173 1637 271 1662 num
292 1618 452 1662 exsistit
471 1618 523 1658 ab
546 1617 624 1656 hac
645 1629 788 1655 rerum
806 1611 1073 1653 universitate
1095 1610 1355 1659 distinctum,
1381 1621 1422 1650 et
1440 1611 1552 1651 Deus
1571 1609 1686 1650 idem
1707 1619 1771 1649 est
1790 1623 1837 1648 ac
1859 1621 2003 1648 rerum

172 1697 333 1734 natura,
359 1695 399 1724 et
423 1681 572 1723 iccirco
607 1676 975 1719 immutationibus
996 1674 1226 1727 obnoxius,
1249 1675 1447 1730 Deusque
1468 1689 1615 1731 reapse
1634 1674 1681 1715 fit
1703 1673 1746 1713 in
1770 1670 1942 1713 homine
1962 1681 2004 1712 et

172 1748 346 1797 mundo,
370 1758 495 1802 atque
516 1743 658 1784 onmia
677 1744 789 1783 Deus
807 1751 904 1782 sunt
924 1751 965 1781 et
986 1739 1238 1797 ipsissimam
1256 1738 1332 1779 Dei
1355 1738 1514 1779 habent
1532 1736 1836 1790 substantiam3
1858 1751 1905 1777 ac
1920 1750 2003 1777 una

172 1814 403 1868 eademque
426 1825 493 1851 res
525 1819 588 1848 est
623 1809 735 1847 Deus
767 1821 861 1847 cum
892 1804 1068 1853 mundo,
1103 1814 1144 1844 et
1174 1802 1354 1859 proinde
1383 1802 1556 1859 spiritus
1583 1818 1679 1844 cum
1703 1800 1895 1850 materia,
1923 1815 2003 1840 ne»

174 1877 342 1919 cessitas
367 1890 462 1916 cum
491 1873 701 1920 libertate,
726 1885 868 1911 verum
900 1884 996 1910 cum
1026 1867 1148 1917 salso,
1178 1868 1339 1907 bonum
1371 1882 1469 1907 cum
1499 1867 1628 1917 malo,
1658 1877 1699 1907 et
1723 1867 1883 1922 justum
1909 1879 2005 1906 cum

179 1952 346 1997 injusto.

228 2024 347 2060 Alloc.
381 2024 561 2058 Maxima
580 2019 743 2065 quidem,
768 2018 789 2052 9
806 2014 904 2061 junii
922 2015 1039 2059 1862,
1062 2028 1153 2062 pag.
1180 2016 1270 2051 1154.

234 2111 289 2150 ΙΙ.
324 2105 525 2164 Neganda
547 2115 609 2145 est
631 2102 766 2144 omnis
788 2102 864 2144 Dei
888 2101 993 2142 actio
1016 2102 1057 2141 in
1082 2100 1277 2141 homines
1298 2111 1337 2141 et
1364 2100 1590 2141 mundum.

235 2191 355 2228 Alloc.
387 2192 566 2225 Maxima
585 2187 747 2234 quidem,
772 2186 793 2220 9
813 2183 911 2231 junii
932 2185 1051 2229 1862,
1067 2196 1159 2232 pag.
1179 2185 1270 2221 454.

239 2278 313 2318 111.
348 2277 541 2316 Humana
568 2272 690 2322 ratio,
716 2271 834 2311 nullo
867 2285 1040 2327 prorsus
1065 2270 1143 2310 Dei
1171 2280 1365 2326 respectu
1397 2269 1560 2319 habito,
1585 2268 1734 2310 unicus
1762 2279 1823 2310 est
1853 2268 1941 2309 veri
1967 2279 2008 2309 et

181 2343 287 2392 falsi,
323 2340 425 2381 boni
455 2349 495 2378 et
524 2337 621 2377 mali
657 2334 838 2387 arbiter,
868 2334 946 2375 sibi
978 2334 1056 2391 ipsi
1093 2345 1156 2374 est
1183 2334 1264 2384 lex,
1295 2345 1337 2375 et
1366 2334 1627 2375 naturalibus
1660 2333 1745 2375 suis
1771 2332 1929 2375 viribus
1951 2332 2002 2374 ad

184 2407 403 2448 hominum
423 2418 471 2443 ac
491 2400 745 2459 populorum
766 2400 929 2440 bonum
949 2398 1182 2439 curandum
1203 2398 1371 2440 sufficit.

235 2489 355 2526 Alloc.
389 2486 556 2524 Maxima
582 2485 745 2532 quidem,
768 2485 789 2519 9
805 2481 901 2528 junii
921 2484 1036 2528 1862,
1054 2496 1148 2532 pag.
1176 2483 1263 2520 454.

243 2577 314 2618 IV.
350 2575 507 2615 Omnes
528 2570 742 2629 religionis
759 2569 956 2611 veritates
977 2585 1027 2610 cx
1047 2570 1185 2611 nativa
1204 2570 1402 2611 humanae
1422 2569 1602 2612 rationis
1619 2571 1657 2612 vi
1675 2570 1891 2626 derivant3
1912 2570 2012 2612 hinc

187 2642 294 2683 ratio
311 2650 372 2680 est
391 2638 587 2695 princeps
608 2651 754 2676 norma
774 2650 854 2691 qua
871 2635 996 2675 homo
1018 2635 1303 2692 cognitionem
1321 2635 1514 2677 omnium
1529 2637 1829 2694 cujuscumque
1845 2634 2012 2696 generis

189 2706 410 2747 veritatum
433 2701 593 2757 assequi
617 2700 748 2756 possit
769 2714 814 2739 ac
834 2697 1001 2740 debeat.

242 2786 360 2836 Epist.
383 2783 526 2832 encycl.
551 2786 623 2829 Qui
638 2780 821 2829 pluribus,
842 2783 863 2817 9
881 2780 1099 2818 novembris
1122 2783 1239 2827 1846,
1258 2797 1348 2832 pag.
1374 2785 1464 2821 172,

244 2839 362 2889 Epist.
386 2835 530 2885 encycl.
549 2837 740 2883 Singulari
760 2835 923 2892 quidem,
942 2836 987 2870 17
1011 2834 1133 2871 martii
1155 2838 1270 2882 1856,
1291 2850 1381 2886 pag.
1404 2838 1494 2874 362,

247 2892 367 2929 Alloc.
398 2892 575 2926 fllaciam
594 2888 758 2936 quidem,
782 2888 802 2923 9
823 2885 919 2932 Junii
938 2887 1055 2932 1862,
1071 2901 1164 2937 pag.
1185 2890 1275 2926 454,

254 2980 306 3020 V.
342 2976 490 3017 Divina
509 2973 705 3015 revelatio
726 2983 787 3014 cst
805 2973 1048 3030 imperfecta
1070 2985 1110 3015 et
1133 2973 1283 3017 iccirco
1307 2976 1490 3031 subjecta
1513 2977 1715 3019 continuo
1735 2987 1777 3018 et
1795 2973 2016 3017 indefinito

197 3040 435 3101 progressui
456 3039 525 3096 qui
544 3039 736 3079 humanae
756 3037 928 3078 rationis
948 3038 1226 3095 progressioni
1246 3040 1520 3098 respondeat.

251 3125 369 3174 Epist.
391 3121 536 3171 encycI.
563 3122 637 3168 Qui
647 3119 837 3178 pluribus,
858 3122 879 3156 9
897 3118 1115 3178 novembris
1135 3122 1252 3167 1846,
1273 3137 1362 3174 pag.
1388 3126 1479 3164 172,

254 3177 374 3215 Alloc.
397 3179 573 3213 fllaxima
600 3175 764 3222 quidem,
786 3175 807 3210 9
826 3185 922 3219 Junu
939 3174 1055 3219 1862,
1072 3187 1164 3223 pag.
1188 3177 1279 3213 454.
