2135 3442
221 175 295 210 2148
676 170 860 205 LETTRE
888 169 1226 215 APOSTOLIQUE
1258 170 1324 205 DE
1353 162 1478 205 LEON
1510 169 1611 207 XII.

219 257 441 299 hominum
456 254 574 296 vobis
593 253 912 295 commissorum
936 253 978 295 in
1000 254 1219 313 religione,
1244 266 1285 295 et
1305 265 1418 295 recte
1442 253 1561 294 factis
1583 253 1880 295 constantiam.
1901 256 2061 309 Quam-

219 324 279 365 vis
309 320 421 363 enim
464 318 512 360 iis
546 318 732 360 vivamus
767 318 938 372 diebus,
977 320 1047 376 qui
1080 319 1178 360 mali
1217 330 1338 371 sunt,
1369 334 1504 376 eoque
1543 329 1764 375 tempore,
1804 334 1889 376 quo
1919 320 2062 377 plures

217 402 304 428 non
333 385 539 427 sustinent
570 399 714 425 sanam
744 383 1005 435 doctrinam,
1038 383 1241 441 perdurat
1272 394 1416 424 tamen
1456 381 1771 439 permultorum
1800 381 1987 425 fidelium
2019 385 2064 425 in

219 462 403 510 pastores
431 465 527 491 suos
547 450 825 499 observantia,
850 464 956 505 quos
982 450 1076 503 jure
1096 449 1326 506 suspiciunt
1345 447 1473 489 veluti
1500 448 1655 488 Christi
1678 445 1891 489 ministros
1911 460 1953 490 et
1976 448 2062 490 dis-

220 527 464 574 pensatores
495 515 794 572 mysteriorum
811 515 913 568 ejus.
939 512 1115 553 Utimini
1138 513 1266 570 igitur
1293 512 1337 553 in
1362 514 1506 554 ovium
1532 522 1766 553 vestrarum
1791 512 2064 554 commodum

219 583 298 623 hac
319 579 579 628 auctoritate,
604 594 730 636 quam
752 579 795 618 in
820 593 966 619 earum
987 576 1136 618 animis
1169 577 1398 618 immortali
1430 578 1508 618 Dei
1527 575 1735 618 beneficio
1753 575 1958 618 retinetis.
1980 578 2066 618 Co-

220 656 424 704 gnoscant
448 660 520 702 per
545 659 618 684 vos
650 653 902 683 sectatorum
932 642 1066 692 dolos,
1093 653 1135 683 et
1159 653 1323 699 quanta
1345 641 1566 699 diligentia
1590 657 1679 693 eos,
1707 656 1939 699 eorumque
1961 657 2066 683 con-

222 710 486 752 suetudinem
518 722 661 750 cavere
692 707 890 748 debeant.
922 708 1134 747 Horreant
1161 706 1284 748 vobis
1323 706 1572 747 auctoribus
1595 717 1636 747 et
1657 705 1868 764 magistris
1893 722 2067 764 pravam

223 790 373 818 eorum
404 772 655 822 doctrinam,
696 771 766 828 qui
804 772 1060 813 sanctissima
1084 769 1299 828 religionis
1335 781 1488 811 nostrie
1518 771 1742 828 mysteria,
1774 781 1813 812 et
1847 770 2067 828 purissima

223 839 375 881 Christi
399 849 607 896 praccepta
634 836 826 889 irrident,
849 851 1102 892 omnemque
1120 835 1356 893 legitimam
1371 845 1632 892 potestatem
1650 836 1912 893 impugnant.
1940 837 2003 877 Ac
2022 845 2069 877 ut

221 920 296 946 vos
316 903 452 944 verbis
470 902 733 959 alloquamur
751 899 1070 958 praedecessoris
1090 899 1233 940 Nostri
1252 898 1483 940 Clementis
1502 900 1601 949 XII,
1623 900 1665 940 in
1686 915 1760 941 sua
1780 899 1970 957 Epistola
1991 915 2067 941 en-

224 969 380 1026 cyclica
398 966 736 1023 adPatriarchas,
758 965 978 1015 Primates‚
994 963 1362 1021 Archiepiscopos,
1377 963 1620 1022 Episcopos
1638 964 1855 1006 universos
1871 963 2068 1006 Ecclesiae

227 1032 452 1075 Catholicae
471 1030 552 1072 diei
576 1030 748 1071 decimae
763 1041 920 1086 quartae
943 1029 1188 1086 septembrIS
1209 1029 1315 1068 anni
1336 1028 1551 1070 millesimi
1569 1029 1931 1087 septingentesimi
1952 1029 2070 1086 quin-

229 1096 455 1155 quagesimi
488 1095 622 1136 octavi
647 1110 655 1133 :
682 1114 698 1129 a
720 1094 885 1152 Repleti
910 1094 1053 1143 simus,
1091 1094 1267 1134 obsecro
1285 1125 1295 1145 ,
1330 1092 1582 1135 fortitudine
1607 1094 1775 1152 spiritus
1793 1093 1967 1134 Domini
1996 1094 2068 1149 ju-

236 1182 251 1198 «
275 1162 401 1213 dicio,
434 1172 473 1201 et
500 1160 672 1209 virtute,
705 1175 758 1199 ne
778 1170 995 1215 tamquam
1015 1173 1138 1200 canes
1166 1158 1273 1199 muti
1292 1173 1382 1198 non
1403 1158 1592 1199 valentes
1619 1159 1771 1200 latrare
1792 1174 1938 1218 greges
1957 1159 2072 1199 Nos-

235 1247 248 1262 «
277 1238 360 1268 tros
386 1226 593 1282 patiamur
618 1223 706 1265 fieri
735 1225 777 1264 in
804 1225 1009 1281 rapinam,
1044 1234 1085 1265 et
1120 1238 1218 1264 oves
1249 1222 1424 1264 Nostras
1459 1223 1503 1263 in
1539 1222 1860 1265 devorationem
1881 1223 2069 1264 omnium

237 1312 253 1326 ιι
277 1289 506 1332 bestiarum
531 1289 633 1346 agri.
668 1289 814 1346 Neque
840 1289 926 1329 Nos
956 1287 1188 1345 quidquam
1213 1286 1441 1337 deterreat,
1468 1289 1696 1344 quominus
1715 1304 1794 1345 pro
1821 1287 1903 1329 Dei·
1919 1286 2065 1346 gloria,

236 1376 252 1392 «
281 1366 322 1396 et
340 1355 469 1395 salute
486 1355 723 1394 animarum
747 1353 800 1394 ad
820 1369 968 1394 omnes
993 1352 1283 1393 dimicationes
1306 1351 1590 1409 nosmetipsos
1613 1352 1874 1407 objiciamus
1893 1353 2072 1409 Recogi-

240 1441 255 1455 «
277 1431 411 1460 temus
428 1434 545 1468 eum,
570 1417 642 1475 qui
663 1417 791 1459 talem
814 1417 1007 1459 sustinuit
1030 1433 1054 1457 a
1072 1416 1367 1475 peccatoribus
1386 1416 1586 1458 adversus
1610 1416 1880 1475 semetipsum
1906 1426 2072 1458 contra-

237 1505 254 1520 «
283 1482 524 1524 dictionem.
564 1482 689 1535 Quod
728 1483 761 1523 si
801 1482 1153 1540 nequissimorum
1200 1482 1426 1522 timeamus
1457 1480 1700 1532 audaciam,
1739 1493 1879 1523 actum
1923 1492 1986 1522 est
2019 1481 2071 1522 de

239 1569 256 1584 «
274 1548 539 1604 episcopatus
553 1548 715 1604 vigore,
737 1558 778 1588 et
803 1547 856 1588 de
884 1545 1080 1587 Ecclesiae
1101 1545 1388 1603 gubernandae
1412 1545 1580 1587 sublimi
1599 1562 1646 1588 ac
1666 1546 1806 1588 divina
1832 1557 2037 1605 potestate
2058 1562 2067 1585 ε

240 1634 257 1649 «
276 1628 354 1654 nec
379 1611 602 1653 Christiani
626 1611 734 1652 ultra
770 1622 840 1652 aut
865 1610 1040 1662 durare,
1073 1622 1145 1651 aut
1174 1626 1262 1651 esse
1287 1612 1375 1665 jam
1398 1626 1639 1668 possumus,
1663 1612 1697 1652 si
1719 1611 1773 1652 ad
1795 1612 1877 1654 hoc
1898 1621 2072 1652 ventum

240 1699 255 1714 «
277 1688 353 1728 est,
380 1688 427 1718 ut
445 1676 707 1735 perditorum
735 1675 886 1728 minas,
908 1686 980 1716 aut
1002 1674 1171 1716 insidias
1190 1675 1559 1732 pertimescamus.
1588 1696 1606 1711 υ

287 2066 461 2107 Summo
491 2065 617 2106 etiam
648 2063 788 2105 studio
819 2074 1007 2105 vestlum
1035 2062 1271 2120 flagitamus
1299 2062 1562 2119 praesidium,
1603 2062 1806 2104 carissimi
1829 2053 1872 2102 in
1901 2061 2068 2103 Clnisto

229 2130 299 2172 filii
338 2130 482 2171 Nostri
515 2127 711 2170 catholici
748 2127 979 2186 Principes,
1024 2143 1128 2185 quos
1168 2127 1329 2185 singula
1343 2127 1377 2168 ri
1414 2138 1457 2168 et
1490 2143 1591 2185 proi
1595 2143 1663 2169 sus
1704 2139 1883 2185 paterno
1925 2142 2069 2167 amore

229 2195 463 2253 diligimus.
499 2195 760 2236 Revocamus
800 2204 1023 2250 propterea
1061 2191 1180 2234 vobis
1221 2193 1265 2233 in
1311 2191 1563 2233 memoriam
1599 2193 1748 2242 verba,
1791 2191 1946 2248 quibus
1983 2192 2068 2232 Leo

228 2262 434 2318 Magnus,
465 2261 579 2314 cujus
608 2260 651 2300 in
688 2257 890 2316 dignitate
928 2263 1207 2308 successores,
1250 2268 1290 2298 et
1324 2256 1510 2298 nominis
1538 2257 1638 2298 licet
1676 2255 1839 2313 indigni
1878 2255 2070 2297 haeredes

229 2341 388 2378 sumus,
411 2324 464 2365 ad
478 2326 664 2365 Leonem
682 2325 982 2380 imperatorem
1000 2322 1185 2363 scribens
1204 2337 1298 2362 usus
1314 2333 1399 2363 est:
1425 2342 1442 2357 «
1460 2323 1604 2363 Debes
1616 2322 1909 2362 incunctanter
1923 2320 2070 2362 adver-

236 2412 252 2427 «
275 2401 366 2431 tere
387 2388 545 2447 regiam
570 2399 822 2446 potestatem
847 2387 925 2428 tibi
953 2403 1042 2428 non
1065 2386 1200 2428 solum
1227 2385 1280 2426 ad
1301 2385 1450 2427 mundi
1474 2386 1678 2443 regimen,
1703 2385 1776 2426 sed
1803 2385 1989 2427 maxime
2015 2385 2069 2427 ad

235 2477 252 2491 «
271 2454 465 2496 Ecclesiae
484 2453 721 2510 praesidium
733 2468 820 2494 esse
843 2451 1054 2501 collatam,
1077 2462 1124 2492 ut
1147 2466 1270 2492 ausus
1295 2450 1479 2491 nefarios
1504 2450 1844 2507 comprimendo,
1859 2466 1953 2507 quae
1971 2461 2068 2492 sunt

236 2541 254 2556 «
274 2520 388 2559 bona
422 2528 574 2558 statuta
607 2517 822 2568 defendas,
851 2528 892 2558 et
912 2532 1054 2557 veram
1082 2530 1230 2573 pacem
1252 2515 1330 2566 his,
1359 2530 1451 2571 quae
1486 2525 1585 2555 sunt
1620 2515 1787 2556 turbata
1807 2516 2016 2556 restituas.
2044 2536 2061 2551 ιι

230 2586 499 2639 Quamquam
514 2582 558 2622 in
575 2596 625 2621 eo
647 2581 883 2622 discrimine
905 2596 968 2621 res
983 2580 1064 2622 hoc
1084 2591 1274 2638 tempore
1294 2590 1503 2632 versetur,
1525 2590 1572 2621 ut
1591 2596 1677 2620 non
1696 2580 1826 2621 modo
1841 2579 1896 2621 ad
1915 2581 2068 2621 Catho-

230 2650 355 2690 licam
373 2646 617 2704 religionem
638 2645 968 2698 defendendam,
993 2644 1066 2686 sed
1087 2644 1139 2685 ad
1159 2644 1362 2685 'tuendam
1381 2644 1512 2685 etiam
1531 2656 1727 2695 vestram,
1752 2656 1793 2686 et
1808 2644 2064 2703 populorum

231 2724 367 2755 vestro
393 2710 570 2768 imperio
586 2711 870 2766 subjectorum
890 2709 1239 2759 incolumitatem,
1270 2719 1389 2750 sectae
1419 2708 1500 2748 illae
1519 2724 1542 2749 a
1563 2709 1681 2750 vobis
1705 2709 1945 2751 coercendae
1961 2708 2057 2750 sint.

232 2777 464 2835 Religionis
484 2775 596 2816 enim
616 2790 738 2815 causa
762 2775 844 2815 hoc
862 2774 1092 2830 praesertim
1116 2784 1323 2831 tempore,
1358 2789 1456 2815 cum
1487 2773 1697 2815 societatis
1721 2775 1853 2816 salute
1875 2775 1933 2815 ita
1955 2789 2062 2814 con—

232 2846 376 2899 juncta
411 2852 486 2892 est,
521 2852 568 2882 ut
601 2840 717 2880 nullo
743 2838 914 2895 quidem
950 2837 1079 2879 modo
1101 2838 1230 2878 altera
1253 2839 1306 2879 ab
1339 2838 1471 2879 altera
1503 2838 1633 2879 dividi
1667 2838 1814 2896 possit.
1843 2839 1967 2890 Nam,
1994 2837 2066 2894 qui

236 2919 364 2950 sectas
400 2906 490 2947 illas
527 2915 774 2962 sequuntur,
813 2919 900 2943 non
929 2903 1068 2943 minus
1102 2902 1334 2960 religionis,
1375 2919 1504 2959 qnam
1538 2914 1688 2944 vestrae
1723 2903 1939 2962 potestatis
1969 2913 2067 2943 sunt

240 2974 397 3015 hostes
418 2972 652 3027 Utramque
673 2967 991 3027 aggrediuntur,
1017 2978 1236 3024 utramque
1259 2966 1423 3025 penitus
1448 2968 1701 3010 labefactare
1720 2968 1965 3009 moliuntur.
1987 2967 2068 3008 Ne-

239 3053 320 3096 que
337 3047 447 3079 celte
465 3034 781 3094 paterentu1,si
808 3043 994 3091 possent,
1016 3043 1086 3074 aut
1103 3031 1370 3091 religionem,
1398 3045 1468 3075 aut
1491 3033 1651 3092 regiam
1669 3033 1797 3075 ullam
1815 3043 2065 3090 potestatem

245 3118 474 3162 superesse.

300 3169 361 3210 Ac
392 3178 507 3209 tanta
544 3176 607 3208 est
646 3163 868 3206 hominum
895 3161 1256 3204 callidissimorum
1296 3164 1462 3214 astutia,
1496 3174 1543 3204 ut
1564 3179 1660 3205 cum
1693 3161 1874 3204 maxime
1912 3160 2063 3203 viden-

240 3243 311 3274 tur
337 3243 480 3275 vestrae
509 3230 725 3290 potestatis
761 3227 1073 3287 amplificationi
1108 3226 1294 3279 studere,
1324 3238 1414 3269 tum
1438 3229 1525 3283 ejus
1560 3226 1820 3270 eversionem
1853 3225 2064 3285 praecipue
