2135 3442
765 236 781 269 Ι
815 234 1097 270 NOVEMBRIS
1135 232 1342 271 MDCCCJ..

487 469 597 537 SS.
650 468 957 535 DOMINI
1004 468 1317 535 NOSTRI
1366 467 1486 534 PII
1537 468 1623 535 IX.

869 615 1242 665 ALLoGU‘rlo

409 746 447 770 lN
497 744 762 770 CONSIS'I'ORIO
804 743 983 769 SECRETO
1032 744 1046 764 1
1097 745 1333 771 NOVEMBRIS
1379 741 1511 783 185⁰,
1560 744 1710 770 HABITA

809 858 854 896 V
853 857 1086 897 enez-abiles
1120 858 1307 910 Fratres,

198 970 245 1010 In
264 966 552 1009 Consistoriali
570 966 790 1019 Oratione,
811 984 893 1024 qua
907 968 994 1009 Vos
1015 967 1219 1024 alloquuti
1239 967 1392 1009 fuimus
1410 984 1490 1008 xm
1507 968 1707 1009 kalendas
1725 968 1835 1008 Junii
1855 969 1978 1023 hujus

139 1035 253 1084 anni,
282 1033 395 1074 haud
425 1031 779 1089 praetermisimus,
806 1031 1077 1074 Venerabiles
1105 1033 1286 1083 Fratres,
1315 1048 1647 1074 commemorare
1671 1034 1812 1090 paucis
1841 1034 1978 1074 verbis

138 1114 186 1140 ac
217 1099 359 1139 dolere
382 1097 627 1148 Vobiscum,
656 1113 746 1153 qua¹
776 1098 819 1137 in
849 1097 1060 1138 Carissimi
1091 1097 1132 1137 in
1159 1097 1325 1139 Christo
1355 1097 1450 1138 Filii
1480 1097 1601 1138 Notri
1627 1097 1829 1138 Sardiniae
1852 1097 1978 1155 Regis

134 1162 305 1205 Ditione
326 1173 473 1202 contra
494 1161 684 1201 Ecclesia²
704 1163 771 1214 jus
792 1173 906 1219 gesta
928 1178 1063 1219 nuper
1092 1173 1331 1218 statutaque
1357 1162 1537 1211 fuerant,
1563 1174 1686 1219 atque
1709 1178 1792 1203 una
1813 1162 1974 1220 signifi-

136 1227 323 1269 cavimus
351 1225 573 1266 consilium
598 1225 731 1266 Nobis
763 1241 866 1276 esse,
895 1237 940 1267 ut
971 1242 1096 1284 super
1121 1226 1184 1267 his
1208 1226 1511 1267 accuratiorem
1535 1227 1576 1266 in
1600 1228 1809 1268 Consessu
1825 1228 1974 1268 Vestro

135 1306 374 1333 sermonem
399 1300 642 1348 opportuno
669 1290 750 1331 alio
776 1302 968 1348 tempore
988 1290 1320 1332 institueremus.
1346 1292 1405 1331 Ea
1429 1307 1527 1332 vero
1550 1306 1621 1348 spe
1640 1291 1976 1332 sustentabamur

137 1356 246 1407 fore,
261 1368 307 1397 ut
330 1355 492 1411 injuriis
517 1355 599 1395 illic
613 1355 808 1397 Ecclesiae
832 1355 956 1397 illatis
976 1356 1148 1413 aliquod
1175 1357 1337 1398 interea
1354 1356 1588 1397 remedium
1608 1356 1845 1409 afferretur,
1863 1357 1977 1413 quod

135 1422 385 1462 annuntiare
407 1421 543 1461 Vobis
575 1436 805 1476 possemus.
831 1420 913 1462 Sed
946 1422 1147 1477 quoniam
1178 1422 1304 1479 longe
1334 1420 1566 1462 admodum
1599 1420 1734 1461 abfuit
1763 1431 1810 1461 ut
1838 1436 1903 1462 res
1926 1437 1976 1462 cx

134 1486 338 1527 sententia
371 1485 630 1535 succederet,
657 1486 801 1527 Nostri
834 1485 1008 1527 tandem
1043 1485 1168 1527 officii
1205 1502 1293 1528 esse
1329 1486 1541 1538 duximus,
1572 1496 1618 1526 ut
1640 1485 1871 1527 rationein
1895 1485 1977 1528 hoc

135 1550 306 1608 negotio
328 1567 351 1591 a
372 1550 505 1591 Nobis
529 1549 716 1591 adhibita
741 1551 794 1590 ab
818 1550 917 1607 ipsis
940 1553 1029 1606 ejus
1050 1552 1109 1592 rei
1136 1551 1317 1593 exordiis
1340 1552 1578 1592 brevissime
1602 1550 1796 1608 repetita,
1823 1566 1975 1607 quera—

133 1631 230 1656 mur
253 1626 295 1656 et
313 1615 495 1672 graviori
519 1615 710 1655 oratione
728 1614 1003 1656 reclamemus
1021 1627 1167 1658 contra
1189 1632 1237 1657 ea
1259 1617 1417 1665 omnia,
1440 1631 1530 1671 qua?
1551 1626 1642 1655 tum
1662 1616 1704 1655 in
1725 1615 1977 1656 continenti-

133 1680 225 1728 bus,
255 1690 344 1720 tum
367 1680 494 1720 etiam
518 1679 561 1718 in
584 1678 872 1720 transmarinis
893 1679 1139 1736 supradictae
1160 1679 1342 1721 Ditionis
1363 1679 1609 1736 regionibus
1633 1678 1800 1720 decreta
1825 1680 1868 1720 in
1893 1680 1973 1721 Ec-

133 1744 265 1785 clesiae
282 1744 481 1799 injuriam
506 1753 577 1783 aut
602 1743 708 1783 facta
727 1754 839 1783 sunt.

193 1920 349 1975 Nostis⁷
379 1920 650 1962 Venerabiles
674 1923 852 1972 Fratres,
883 1922 1116 1963 solemnem
1147 1923 1500 1972 Conventionem,
1529 1938 1620 1979 quae
1653 1922 1722 1963 die
1754 1929 1807 1964 27
1835 1923 1974 1965 Martii

135 1988 232 2027 anni
258 1990 363 2028 1841
390 1987 499 2027 inter
522 1985 790 2027 Pontificium
810 1998 851 2027 et
870 1985 1048 2044 Regium
1070 1989 1275 2046 Legatum
1294 1988 1397 2027 inita
1417 1987 1508 2037 fuit,
1537 1998 1578 2028 et
1600 2003 1730 2044 quam
1750 1987 1839 2029 sine
1857 2004 1975 2030 mora

134 2061 224 2091 tum
247 2051 477 2105 Gregorius
500 2050 616 2101 XVI,
639 2051 769 2091 recol.
799 2067 928 2092 mem.
953 2052 1159 2093 Decessor
1177 2052 1343 2101 Noster,
1374 2062 1464 2092 tum
1488 2052 1662 2093 Carolus
1683 2052 1877 2093 Albertus
1902 2053 1971 2094 fel.

132 2131 218 2156 rec.
241 2106 443 2155 Sardiniae
469 2116 560 2154 Rex
576 2125 713 2155 ratam
736 2116 977 2157 habuerunt
999 2127 1040 2157 et
1059 2116 1386 2167 confirmarunt,
1410 2118 1541 2158 nostis
1564 2116 1721 2158 scilicet
1739 2118 1848 2158 hanc
1865 2119 1975 2158 Con-

133 2178 377 2221 ventionem
402 2195 451 2219 eo
473 2195 646 2236 prorsus
670 2192 891 2237 spectasse,
913 2192 959 2221 ut
985 2181 1282 2223 Ecclesiasticae
1302 2181 1601 2231 immunitates,
1628 2197 1718 2238 quae
1742 2182 1784 2221 in
1805 2182 1975 2224 Ditione

135 2242 204 2284 illa
231 2259 281 2284 ex
303 2244 517 2284 sanctione
542 2244 770 2285 Sacrorum
793 2246 1015 2286 Canonum
1039 2246 1239 2287 diuturno
1265 2246 1498 2287 multorum
1525 2245 1772 2287 saeculorum
1798 2247 1971 2289 decursu

133 2308 366 2366 viguerant,
392 2323 565 2364 qua’que
585 2310 810 2350 recentiori
828 2321 1017 2367 tempore
1039 2311 1170 2368 pactis
1193 2312 1425 2361 conventis,
1453 2323 1494 2352 et
1509 2312 1800 2352 Romanorum
1824 2311 1972 2352 Ponti-

135 2373 261 2413 ficum
293 2373 570 2429 benignitate,
605 2374 742 2431 aliqua
774 2390 824 2416 ex
855 2386 973 2432 parte
1008 2376 1202 2417 relaxatae
1239 2377 1421 2429 fuerant,
1457 2376 1573 2416 novis
1599 2374 1737 2416 adhuc
1765 2392 1813 2417 ac
1839 2377 1971 2418 multo

137 2438 386 2477 arctioribus
420 2436 621 2479 limitibus
655 2440 991 2481 continerentur.
1028 2442 1167 2496 Atque
1200 2441 1299 2482 hinc
1333 2456 1419 2481 non
1455 2439 1626 2481 defuere
1661 2441 1703 2480 in
1735 2440 1972 2498 Subalpinis

136 2502 361 2559 provinciis
379 2502 449 2557 qui
472 2501 523 2542 de
548 2502 809 2560 indulgentia
833 2505 1073 2545 Decessoris
1094 2505 1236 2546 Nostri
1255 2521 1303 2546 ea
1325 2505 1365 2545 in
1386 2521 1446 2555 re,
1465 2504 1579 2561 quasi
1604 2505 1656 2545 de
1680 2504 1805 2546 nimis
1832 2506 1971 2563 ampla

134 2564 400 2606 concessione
419 2565 696 2620 mirarentur3
718 2579 760 2608 et
777 2568 954 2625 Regium
976 2586 1144 2626 quoque
1160 2571 1422 2611 Guberni4m
1444 2570 1668 2611 nonnullos
1688 2586 1820 2611 annos
1841 2570 1970 2612 absti-

135 2631 225 2670 nuit
253 2630 306 2670 ab
340 2629 529 2684 ejusdem
560 2633 863 2674 Conventionis
895 2634 1058 2691 legibus
1089 2634 1131 2674 in
1157 2634 1486 2675 transmarinum
1515 2650 1638 2675 suum
1660 2634 1862 2676 Sardiniae
1885 2637 1970 2677 Re-

134 2710 266 2752 gnum
286 2694 550 2735 inducendis.
578 2696 669 2737 Jam
692 2713 791 2738 vero
813 2698 928 2738 idem
947 2699 1211 2739 Gubernium
1232 2714 1344 2739 anno
1368 2703 1476 2741 1848
1499 2715 1651 2740 novam
1673 2715 1695 2739 a
1712 2699 1847 2740 Nobis
1865 2715 1970 2740 con-

134 2760 377 2800 ventionem
400 2759 638 2816 postulavit,
664 2772 704 2801 et
728 2760 795 2802 die
821 2765 870 2803 14
889 2762 1149 2819 Septembris
1170 2765 1257 2818 ejus
1278 2764 1375 2804 anni
1398 2764 1552 2821 Regius
1566 2765 1746 2821 Legatus
1768 2765 1923 2821 Legato
1948 2781 1970 2806 a

133 2822 266 2865 Nobis
289 2822 489 2880 deputato
508 2822 664 2865 litteras
689 2825 863 2866 tradidit
887 2827 1095 2881 ejusmodi
1118 2829 1405 2869 conventionis
1424 2828 1645 2870 formulam
1664 2840 1963 2886 proponentes,

134 2888 276 2946 paucis
296 2887 747 2938 distinctamarticulis,
762 2906 865 2945 quos
882 2892 1134 2947 prooemium
1156 2892 1374 2947 quoddam
1394 2893 1507 2934 haud
1526 2893 1627 2935 levis
1645 2909 1746 2934 sane
1763 2893 1966 2934 momenti

133 2951 403 3010 praecederet.
431 2951 616 2994 Pervidit
653 2953 714 2993 fac
732 2953 771 2994 le
796 2956 973 3011 Legatus
996 2957 1147 2996 Noster
1176 2957 1502 3012 postulationem
1526 2974 1591 3010 ea,
1616 2974 1698 3014 qua
1721 2957 1964 3015 expiicaba-

134 3028 214 3067 tur,
240 3016 514 3074 amplitudine
536 3032 583 3057 ac
606 3017 742 3058 verbis
767 3018 930 3059 admitti
958 3035 1125 3076 prorsus
1148 3036 1232 3060 non
1259 3038 1405 3078 posse3
1436 3024 1523 3064 imo
1548 3039 1625 3064 nec
1649 3023 1716 3079 agi
1744 3023 1786 3062 in
1816 3032 1963 3078 'fostu-

133 3081 289 3122 latione
315 3082 402 3138 ipsa
430 3080 482 3122 de
503 3092 649 3122 mutua
673 3082 810 3138 aliqua
833 3084 1101 3124 concessione
1125 3086 1395 3141 paciscenda,
1423 3087 1766 3144 quandoquidem
1797 3085 1897 3126 nihil
1921 3085 1963 3124 in

134 3161 181 3186 ea
204 3146 537 3203 proponebatur,
564 3146 606 3186 in
631 3162 713 3203 quo
734 3147 994 3188 Gubernium
1016 3148 1159 3202 ullam,
1180 3165 1232 3191 ne
1255 3151 1504 3193 levissimam
1526 3152 1716 3208 quidem,
1737 3148 1963 3206 obligatio-
