2135 3442
188 150 264 187 176
688 150 880 186 LETTRE
908 150 1216 197 ENCYCLIQUE
1245 151 1311 186 DE
1340 151 1419 185 PIE
1448 150 1520 185 IX.

187 254 333 296 naeque
362 238 550 280 veritatis
570 238 686 281 fonte
709 241 800 281 Deo
824 240 994 298 Optimo
1018 240 1205 281 Maximo
1235 240 1438 289 oriantur,
1476 248 1601 295 atque
1634 238 1692 278 ita
1724 239 1801 280 sibi
1830 252 2022 284 mutuam

188 318 313 361 opem
336 303 488 355 ferant,
521 314 566 344 ut
593 315 707 346 recta
734 305 841 346 ratio
877 304 975 346 fidei
1003 306 1222 347 veritatem
1256 304 1534 352 demonstret,
1569 313 1751 353 tueatur,
1791 304 2019 361 defendat,

186 368 290 410 fides
318 384 416 409 vero
443 369 648 410 rationem
671 370 723 410 ab
757 370 953 410 omnibus
979 370 1188 411 erroribus
1213 369 1376 418 liberet,
1410 382 1585 424 eamque
1617 366 1855 410 divinarum
1881 386 2023 413 rerum

187 432 428 491 cognitione
465 433 637 475 mirifice
668 433 858 485 illustret,
896 434 1118 476 confirmet
1145 446 1268 492 atque
1297 432 1503 492 perficiat.
1545 433 1695 489 Neque
1727 432 1883 475 minori
1913 448 2024 479 certe

186 497 362 547 fallacia,
390 498 661 540 Venerabiles
699 500 877 549 Fratres,
912 500 977 540 isti
1000 499 1149 540 divinae
1180 499 1448 541 revelationis
1477 498 1635 539 inimici
1660 498 1894 540 humanum
1916 517 2020 558 pro-

187 577 371 619 gressum
390 562 562 604 summis
579 563 773 604 laudibus
792 562 1028 614 efferentes,
1046 565 1090 605 in
1107 564 1356 606 catholicam
1375 564 1619 621 religionem
1636 566 1858 606 temerario
1880 565 2020 623 plane,

187 641 235 668 ac
257 626 456 685 sacrilego
475 643 577 668 ausu
595 627 712 669 illum
728 628 928 670 inducere
946 629 1114 682 vellent,
1140 629 1317 687 perinde
1344 645 1391 670 ac
1409 628 1441 670 si
1459 629 1547 686 ipsa
1566 628 1713 686 religio
1729 645 1816 671 non
1830 631 1924 684 Dei,
1948 631 2023 673 sed

184 692 405 733 hominum
425 709 528 750 opus
547 705 664 744 esset,
692 705 762 734 aut
778 693 1116 752 philosophicum
1134 694 1304 751 aliquod
1322 694 1555 747 inventum,
1577 694 1694 751 quod
1714 694 1907 736 humanis
1928 710 2023 736 mo-

187 756 249 798 dis
270 756 413 814 perfici
448 769 589 814 queat.
622 760 669 799 In
699 759 799 800 istos
822 770 907 799 tam
937 760 1085 800 misere
1117 758 1339 800 delirantes
1364 758 1666 816 percommode
1693 759 1865 816 quidem
1891 759 2018 811 cadit,

184 822 300 879 quod
319 822 601 863 Tertullianus
625 823 685 864 sui
704 824 902 881 temporis
921 824 1179 881 philosophis
1194 824 1342 864 merito
1362 823 1662 881 exprobrabat:
1682 844 1699 860 «
1722 824 1792 880 qui
1815 824 2019 876 Stoicum,

189 905 207 921 «
244 897 285 927 et
309 886 587 937 Platonicum,
618 898 658 928 et
679 887 953 929 Dialecticum
975 888 1333 929 Christianismum
1353 887 1664 945 protulerunt¹.
1689 909 1706 923 »
1733 889 1785 929 Et
1805 904 1904 929 sane
1927 904 2024 930 cum

186 950 441 992 sanctissima
463 963 602 993 nostra
628 951 772 1009 religio
804 969 889 993 non
917 953 969 993 ab
1001 953 1184 993 humana
1213 953 1377 993 ratione
1410 952 1534 993 fuerit
1563 951 1750 1005 inventa,
1782 952 1854 994 sed
1879 969 1902 994 a
1928 955 2023 996 Deo

184 1015 429 1057 hominibus
452 1016 770 1057 clementissime
798 1016 1021 1073 patefacta,
1054 1027 1144 1058 tum
1164 1018 1338 1074 quisque
1361 1016 1425 1057 vel
1461 1016 1580 1058 facile
1602 1017 1812 1075 intelligit,
1840 1017 2018 1076 religio-

184 1095 284 1120 nem
299 1081 430 1137 ipsam
452 1096 502 1120 ex
523 1080 710 1135 ejusdem
733 1081 809 1121 Dei
833 1080 1044 1138 loquentis
1072 1081 1319 1123 auctoritate
1344 1096 1516 1122 omnem
1539 1097 1658 1123 suam
1677 1083 1762 1123 vim
1788 1082 2022 1139 acquirere,

185 1160 321 1201 neque
345 1146 398 1185 ab
424 1146 606 1186 humana
627 1146 788 1186 ratione
809 1144 962 1187 deduci
985 1157 1057 1187 aut
1080 1145 1224 1203 perfici
1244 1162 1446 1203 umquam
1468 1162 1604 1203 posse.
1631 1148 1829 1188 Humana
1849 1148 2022 1204 quidem

183 1209 305 1259 ratio,
335 1225 387 1251 ne
410 1211 453 1249 in
478 1210 582 1250 tanti
601 1211 806 1251 momenti
828 1209 999 1268 negotio
1015 1210 1247 1268 decipiatur
1263 1222 1304 1252 et
1324 1221 1450 1261 erret,
1478 1211 1627 1252 divinae
1645 1206 1909 1253 revelationis
1931 1213 2021 1255 fac-

183 1283 273 1314 tum
295 1273 515 1331 diligenter
537 1275 720 1331 inquirat
753 1285 934 1333 oportet,
959 1287 1005 1316 ut
1038 1287 1153 1317 certo
1178 1276 1258 1317 sibi
1288 1286 1452 1317 constet
1470 1276 1608 1317 Deum
1631 1292 1718 1317 esse
1745 1275 1950 1328 locutum,
1976 1294 2024 1319 ac

183 1337 336 1388 eidem,
362 1338 722 1395 quemadmodum
750 1341 1051 1398 sapientissime
1076 1340 1200 1382 docet
1224 1340 1466 1398 Apostolus,
1492 1340 1742 1381 rationabile
1769 1341 2022 1397 obsequium

182 1401 419 1444 exhibeat².
447 1405 548 1456 Quis
562 1420 662 1446 vero
685 1406 864 1463 ignorat,
889 1405 955 1446 vel
979 1405 1174 1463 ignorare
1198 1415 1341 1463 potest
1364 1419 1534 1446 omnem
1558 1406 1649 1447 Deo
1677 1405 1868 1462 loquenti
1893 1405 2022 1448 fidem

182 1481 272 1508 esse
295 1467 552 1522 habendam,
582 1469 769 1528 nihilque
792 1470 944 1511 rationi
968 1470 1044 1528 ipsi
1076 1471 1207 1528 magis
1226 1481 1559 1512 consentaneum
1580 1486 1684 1521 esse,
1716 1486 1843 1527 quam
1871 1469 1920 1512 iis
1948 1486 2021 1513 ac-

180 1532 393 1588 quiescere
411 1532 671 1590 firmiterque
693 1535 922 1585 adhaerere,
943 1551 1033 1592 quae
1051 1551 1073 1576 a
1097 1537 1187 1577 Deo
1208 1536 1279 1592 qui
1300 1550 1377 1576 nec
1398 1534 1486 1575 falli
1510 1550 1587 1576 nec
1609 1534 1755 1577 fallere
1774 1545 1924 1593 potest,
1950 1551 2020 1577 re-

178 1596 314 1638 velata
340 1613 426 1639 esse
446 1599 705 1641 constiterit}>

240 2441 321 2483 Sed
343 2458 470 2499 quam
490 2443 635 2492 multa,
660 2460 785 2501 quam
806 2445 926 2496 mira,
951 2462 1077 2503 quam
1097 2445 1317 2505 splendida
1342 2457 1494 2505 praesto
1515 2456 1611 2487 sunt
1631 2459 1900 2505 argumenta,
1925 2450 2019 2507 qui-

181 2507 260 2547 bus
283 2506 470 2547 humana
500 2509 606 2548 ratio
629 2508 953 2552 luculentissime
985 2511 1117 2552 evinci
1154 2513 1329 2553 omnino
1361 2512 1504 2563 debet,
1537 2511 1726 2554 divinam
1750 2528 1837 2555 esse
1861 2513 2017 2556 Christi

180 2571 442 2630 religionem,
467 2584 507 2613 et
533 2594 549 2608 κ
573 2589 698 2615 omne
723 2574 970 2633 dogmatum
1000 2588 1243 2618 nostrorum
1265 2575 1518 2634 principium
1542 2576 1733 2618 radicem
1754 2577 1935 2636 desuper
1965 2594 2018 2620 ex

188 2657 203 2673 «
240 2636 440 2677 coelorum
462 2638 645 2678 Domino
671 2639 876 2696 accepisse
897 2640 910 2661 ³
938 2661 954 2676 »
975 2659 984 2691 ς
1008 2657 1055 2681 ac
1074 2652 1297 2698 propterea
1318 2640 1420 2680 nihil
1444 2639 1526 2681 fide
1546 2652 1689 2682 nostra
1715 2643 1884 2692 certius,
1912 2642 2017 2683 nihil

182 2702 376 2751 securius,
419 2702 521 2742 nihil
546 2703 725 2744 sanctius
749 2717 905 2756 extare,
932 2716 973 2745 et
1006 2705 1122 2762 quod
1148 2704 1402 2745 firmioribus
1430 2706 1632 2746 innitatur
1652 2705 1887 2764 principiis.
1917 2708 2017 2748 Haec

181 2765 337 2807 scilicet
360 2765 461 2807 fides
484 2767 578 2807 vitae
604 2767 816 2825 magistra,
840 2769 984 2810 salutis
1007 2770 1148 2820 index,
1176 2769 1373 2811 vitiorum
1393 2771 1587 2811 omnium
1610 2771 1837 2829 expultrix,
1863 2787 1911 2812 ac
1931 2770 2017 2812 vir-

183 2841 319 2871 tutum
344 2831 522 2872 fecunda
549 2848 698 2889 parens
729 2844 769 2874 ct
795 2833 933 2883 altrix,
962 2834 1091 2875 divini
1121 2834 1182 2875 sui
1216 2835 1398 2875 auctoris
1425 2846 1465 2875 et
1489 2837 1840 2877 consummatoris
1862 2834 2011 2876 Christi

181 2894 275 2936 Jesu
293 2895 522 2947 nativitate,
538 2897 636 2946 vita,
652 2910 803 2947 morte,
826 2898 1142 2949 resurrectione,
1163 2900 1380 2956 sapientia,
1402 2899 1622 2958 prodigiis,
1643 2899 2014 2941 vaticinationibus

182 2959 442 3011 confirmata,
456 2977 642 3019 supernae
657 2961 861 3003 doctrinae
872 2963 1059 3021 undique
1076 2963 1299 3023 refulgens,
1319 2980 1366 3006 ac
1377 2964 1605 3007 coelestium
1627 2965 1867 3007 divitiarum
1881 2963 2012 3005 ditata

234 3098 246 3128 l
277 3096 442 3137 Tertull.,
466 3100 511 3128 De
524 3098 722 3145 proescript.‚
741 3110 817 3144 cap.
840 3112 919 3133 ΠΗ.

229 3145 263 3176 2.
295 3142 345 3176 Ad
364 3145 467 3176 Rom.
488 3157 567 3186 xm,
591 3149 621 3179 1.

229 3192 263 3224 3.
290 3190 325 3224 S.
346 3192 474 3225 Joanm
495 3192 672 3239 Chrysost.
692 3194 824 3227 Homil.
843 3206 852 3227 1
869 3194 905 3227 in
923 3193 1001 3229 Isai.
