2135 3442
217 184 292 222 166
613 181 799 218 LETTRE
826 181 1141 229 EXCYCLIQUE
1171 183 1237 218 DE
1266 171 1518 219 GREGOIRE
1549 182 1657 222 XVI.

215 269 510 328 acceperimus,
539 270 689 326 quibus
712 269 854 311 debita
882 285 980 328 erga
1003 270 1212 328 principes
1236 269 1340 311 fides
1366 280 1489 326 atque
1514 270 1735 312 submissio
1759 271 2051 327 labefactatur,

216 335 410 391 facesque
426 333 725 392 perduellionis
741 333 898 391 ubique
917 334 1221 389 incenduntur3
1249 334 1483 376 cavendum
1506 335 1689 377 maxime
1713 337 1805 387 erit,
1832 354 1885 380 ne
1908 339 2056 397 populi

216 398 314 441 inde
333 397 498 457 decepti
509 414 532 440 a
543 399 645 440 recti
665 401 811 440 semita
824 398 1102 441 abducantur.
1114 399 1467 441 Animadvertant
1484 415 1632 441 omnes
1646 419 1663 435 «
1679 416 1767 441 non
1783 416 1887 453 esse,
1903 405 2058 459 »juxta

214 463 409 522 Apostoli
425 464 650 514 monitum,
674 483 692 499 «
719 474 972 521 potestatem
993 464 1071 504 nisi
1094 479 1117 504 a
1142 465 1233 506 Deo
1261 480 1270 506 z
1294 480 1385 522 quae
1405 475 1546 506 autem
1565 475 1674 515 sunt,
1703 481 1727 505 a
1746 466 1837 507 Deo
1864 466 2059 509 ordinata

219 549 237 566 «
274 541 384 571 sunt.
413 530 562 586 'Itaque
586 529 658 585 qui
683 527 839 569 resistit
858 529 1071 586 potestati,
1097 527 1174 570 Dei
1202 528 1461 570 ordinationi
1486 528 1653 579 resistit,
1681 540 1723 570 et
1744 530 1816 586 qui
1843 530 2055 586 resistunt,

221 617 239 632 κ
274 593 352 653 ipsi
376 593 457 636 sibi
481 592 801 635 damnationem
826 592 1093 650 acquirunt¹.
1123 615 1140 630 »
1167 593 1377 647 Quocirca
1399 604 1440 635 et
1462 593 1602 635 divina
1621 605 1662 634 et
1688 594 1874 636 humana
1897 596 1993 652 jura
2014 597 2056 637 in

216 675 287 702 005
318 659 517 711 clamant,
542 659 613 715 qui
642 657 887 715 turpissimis
919 656 1223 715 perduellionis
1252 658 1592 715 seditionumque
1624 658 2008 702 machinationibus
2036 675 2059 702 a

215 724 298 766 fide
321 725 365 765 in
383 723 593 781 principes
612 722 858 773 desciscere,
879 722 1071 780 ipsosque
1096 723 1150 763 ab
1170 723 1348 781 imperio
1371 723 1597 765 deturbare
1619 724 1909 766 connituntur.

273 790 414 845 Atque
438 788 517 828 hac
542 788 665 845 plane
687 803 737 828 ex
760 803 897 837 cansa,
924 802 977 828 ne
1005 798 1121 828 tanta
1145 803 1187 828 se
1216 787 1478 845 turpitudine
1513 787 1721 829 foedarent
1752 798 1913 830 veteres
1946 789 2061 831 chri-

215 853 353 903 stiani,
379 852 643 894 saevientibus
668 852 764 892 licet
790 851 1166 909 persecutionibus,
1202 851 1359 911 optime
1378 864 1522 894 tamen
1541 868 1613 894 eos
1637 853 1689 894 de
1716 853 2056 911 imperatoribus,

217 935 264 960 ac
285 918 337 960 de
361 916 525 975 imperii
540 917 828 958 incolumitate
851 916 1025 957 meritos
1043 915 1169 958 fuisse
1192 928 1370 958 constat.
1389 917 1521 975 quue
1540 917 1699 958 nedum
1717 917 1799 959 fide
1816 919 1859 958 in
1881 919 1947 970 iis,
1967 933 2062 976 quae

216 983 295 1025 sibi
313 982 628 1024 mandabantur
650 980 845 1038 religioni
870 997 957 1022 non
985 982 1210 1034 contraria,
1235 993 1428 1023 accurate
1460 994 1740 1040 prompteque
1770 981 2054 1040 perficiendis,

216 1048 288 1090 sed
315 1059 356 1089 et
378 1046 626 1096 constantia,
654 1057 695 1086 et
719 1044 853 1087 effuso
876 1047 1004 1086 etiam
1027 1046 1070 1086 in
1100 1046 1251 1103 praeliis
1280 1046 1482 1105 sanguine
1505 1047 1831 1089 luculentissime
1857 1064 2059 1106 compro-

216 1114 350 1155 basse.
381 1112 579 1154 «Milites
603 1111 832 1161 eluistiani,
860 1111 916 1152 ait
940 1111 984 1151 S.
1010 1112 1270 1168 Augustinus
1285 1117 1313 1162 2,
1342 1111 1578 1153 servierunt
1602 1112 1845 1171 imperatori
1872 1111 2057 1166 infideli3

223 1200 240 1216 «
275 1176 349 1220 ubi
371 1177 618 1219 veniebatur
639 1174 692 1216 ad
716 1191 886 1217 causam
906 1143 1191 1226 (11111511,Ὸο011
1223 1177 1510 1233 agnoscebant
1532 1177 1611 1218 nisi
1644 1176 1762 1217 illum
1792 1178 1863 1234 qui
1885 1176 1928 1218 in
1949 1175 2062 1218 000115

222 1265 238 1279 «
277 1253 375 1284 eiat.
402 1240 726 1299 Distinguebant
749 1240 981 1281 Dominum
1004 1251 1207 1281 aeternum
1227 1255 1250 1280 a
1249 1209 1443 1281 ²:domino
1469 1241 1709 1299 temporali,
1734 1252 1776 1282 et
1793 1252 1935 1282 tamen
1958 1242 2060 1282 sub-

222 1330 239 1344 «
276 1307 352 1348 diti
374 1317 496 1348 erant
514 1316 687 1364 propter
706 1305 939 1347 Dominum
962 1317 1163 1347 aeternum
1184 1305 1312 1346 etiam
1335 1304 1511 1347 domino
1531 1306 1769 1363 temporali.
1802 1326 1820 1342 ι»
1843 1306 1944 1347 Haec
1966 1305 2060 1362 qui-

218 1372 316 1414 dem
340 1371 419 1412 sibi
446 1371 502 1411 01)
526 1370 670 1411 0011105
693 1381 972 1428 proposuerat
994 1370 1217 1412 Mauritius
1240 1380 1401 1428 martyr
1424 1370 1618 1423 invictus,
1644 1370 1820 1428 legionis
1849 1369 2063 1411 Thebanae

217 1436 492 1495 primicerius,
530 1435 719 1507 quando,
753 1436 814 1476 uti
851 1436 895 1476 S.
934 1435 1163 1476 Eucherius
1204 1435 1347 1486 refert,
1374 1436 1463 1476 haec
1483 1434 1712 1508 respondit
1746 1435 1994 1492 imperatori
2014 1434 2060 1476 ³:

223 1500 429 1542 «Milites
471 1515 612 1541 sumus
627 1532 637 1552 ,
678 1500 909 1557 imperator
921 1532 930 1551 ,
969 1500 1050 1550 tui,
1084 1500 1159 1541 sed
1203 1511 1343 1541 tamen
1388 1500 1518 1551 servi,
1554 1499 1670 1558 quod
1705 1500 1837 1541 libere
1881 1499 2062 1541 confite-

224 1587 241 1603 «
277 1581 388 1618 mur,
411 1563 489 1606 Dei
497 1596 584 1606 .....
610 1565 664 1605 Et
688 1580 800 1605 nunc
835 1580 923 1605 11011
950 1580 1030 1606 1105
1054 1564 1143 1605 haec
1167 1564 1313 1606 ultima
1346 1565 1439 1606 vitae
1461 1568 1687 1607 necessitas
1715 1566 1759 1606 in
1784 1564 2064 1606 rebellionem

223 1651 241 1667 «
278 1629 447 1688 coegit:
471 1640 663 1671 tenemus
695 1645 792 1671 ecce
825 1645 966 1680 arma,
994 1640 1036 1671 et
1067 1644 1155 1670 non
1184 1628 1441 1682 resistimus,
1464 1630 1562 1686 quia
1584 1631 1694 1670 moli
1718 1645 1848 1686 quam
1871 1628 2064 1671 occidere

225 1716 240 1731 «
277 1696 406 1736 satius
422 1695 630 1736 volumus.
661 1715 679 1731 »
703 1695 808 1747 Quae
831 1694 1004 1751 quidem
1023 1705 1212 1735 veterum
1237 1694 1590 1745 christianorum
1580 1710 1624 1734 111
1650 1694 1858 1752 principes
1885 1693 1989 1735 fides
2012 1709 2063 1735 eo

220 1760 348 1802 etiam
364 1759 566 1801 illustrior
581 1758 768 1818 effulget,
791 1759 824 1800 si
841 1759 1129 1818 perpendatur
1150 1774 1247 1800 cum
1263 1758 1523 1800 Tertulliano
1538 1759 1550 1779 k
1562 1791 1571 1809 ,
1592 1772 1693 1799 tunc
1712 1758 1915 1816 temporis
1934 1757 2066 1799 chris-

219 1824 343 1865 tianis
369 1843 386 1860 «
414 1839 500 1865 non
531 1823 711 1865 defuisse
739 1823 825 1865 vim
856 1840 1149 1876 numerorum,
1179 1835 1220 1864 et
1247 1823 1481 1882 copiarum,
1509 1822 1541 1864 si
1571 1824 1714 1864 hostes
1747 1834 1912 1864 exertos
1940 1838 2063 1880 agere

225 1910 241 1925 «
278 1887 794 1929 voluissent.—Hesterni
817 1904 972 1941 sumus,
986 1889 1123 1945 inquit
1140 1888 1242 1946 ipse,
1260 1899 1302 1929 et
1314 1898 1451 1929 vestra
1465 1887 1608 1929 omnia
1628 1886 1907 1945 implevimus,
1918 1887 2060 1938 urbes,

224 1973 241 1989 «
278 1951 451 2004 insulas,
468 1952 652 2004 castella,
677 1952 925 2011 municipia,
945 1952 1241 2006 conciliabula,
1267 1964 1399 1993 castra
1416 1953 1520 2010 ipsa,
1542 1953 1692 2002 tribus,
1719 1951 1924 2002 decurias,
1950 1950 2065 2009 pala-

225 2038 242 2053 «
281 2018 401 2069 tium,
423 2028 631 2068 senatum,
653 2017 808 2058 forum.
821 2050 829 2059 .
842 2050 850 2058 .
870 2018 945 2058 Cui
962 2017 1075 2058 bello
1092 2033 1180 2058 non
1195 2017 1354 2067 idonei,
1377 2033 1463 2058 11011
1480 2017 1668 2075 prompti
1686 2016 1920 2067 fuissemus,
1939 2016 2065 2057 etiam

227 2103 243 2118 «
280 2081 460 2139 impares
483 2081 628 2139 copiis,
652 2082 723 2138 qui
745 2093 831 2123 tam
854 2082 1035 2123 libenter
1059 2081 1335 2132 trucidamur,
1361 2080 1393 2122 si
1415 2097 1503 2122 non
1528 2081 1640 2139 apud
1662 2080 1783 2122 istam
1801 2080 2065 2137 disciplinam

299 2145 417 2204 uagis
445 2146 580 2187 occidi
612 2145 755 2188 liceret
791 2162 919 2203 quam
949 2146 1222 2188 occidereP...
1251 2146 1292 2187 Si
1325 2156 1443 2186 tanta
1472 2145 1531 2187 vis
1566 2145 1788 2187 hominum
1812 2145 1855 2185 in
1879 2144 2066 2201 aliquem

245 2244 248 2246 v
287 2210 398 2252 orbis
423 2211 577 2252 remoti
606 2210 745 2252 sinum
768 2212 1077 2269 abrupissemus
1100 2227 1123 2252 a
1145 2212 1280 2262 vobis,
1312 2209 1553 2252 suffudisset
1576 2210 1719 2268 utique
1739 2208 1901 2267 pudore
1926 2207 2066 2250 domi-

230 2296 247 2314 «
282 2274 500 2317 nationem
514 2286 699 2318 vestram
712 2287 777 2317 tot
796 2276 1164 2334 qualiumcumque
1185 2276 1353 2317 amissio
1374 2274 1542 2326 civium,
1565 2276 1697 2316 immo
1721 2285 1763 2315 et
1779 2272 1869 2331 ipsa
1889 2272 2064 2315 destitu-

229 2360 247 2377 «
284 2339 399 2382 tione
429 2340 629 2398 punisset.
661 2341 815 2382 Procul
840 2340 970 2382 dubio
997 2341 1261 2398 expavissetis
1286 2340 1342 2381 ad
1366 2339 1638 2381 solitudinem
1660 2349 1922 2389 vestram...;
1946 2354 2063 2395 quae-

230 2424 248 2441 «
283 2405 446 2455 sissetis,
476 2406 627 2462 quibus
649 2405 932 2463 imperaretis3
958 2405 1101 2464 plures
1132 2406 1274 2446 hostes
1307 2419 1435 2462 quam
1458 2403 1568 2445 cives
1590 2403 1710 2444 vobis
1732 2403 2060 2444 remansissent:

230 2490 249 2507 «
286 2485 398 2511 nunc
422 2480 564 2512 autem
582 2470 801 2528 pauciores
821 2472 963 2512 hostes
985 2470 1148 2512 habetis
1170 2485 1256 2528 prae
1278 2467 1548 2510 multitudine
1567 2467 1906 2509 christianorum.
1932 2488 1951 2504 »

287 2670 493 2712 Praeclara
516 2669 606 2711 haec
631 2670 861 2711 immobilis
893 2670 1162 2725 subjectionis
1179 2668 1221 2709 in
1238 2667 1450 2726 principes
1478 2668 1684 2726 exempla,
1708 2684 1800 2725 quae
1815 2683 1868 2710 ex
1889 2667 2063 2709 sanctis-

230 2735 343 2778 simis
367 2734 605 2776 christianae
621 2734 836 2793 religionis
856 2735 1076 2792 praeceptis
1099 2733 1335 2775 necessario
1354 2732 1746 2790 proficiscebantur,
1770 2731 2064 2775 detestandam

229 2799 398 2842 illorum
417 2799 698 2851 insolentiam,
722 2810 763 2840 et
782 2799 1103 2856 improbitatem
1126 2797 1429 2848 condemnant,
1461 2797 1530 2855 qui
1553 2799 1758 2855 projecta,
1779 2796 2064 2852 effrenataque

228 2864 418 2923 procacis
441 2864 645 2906 libertatis
669 2863 898 2922 cupiditate
917 2875 1154 2914 aestuantes,
1182 2863 1260 2904 toti
1280 2863 1324 2904 in
1345 2878 1395 2904 eo
1423 2874 1534 2913 sunt,
1559 2874 1606 2904 ut
1620 2865 1717 2918 jura
1737 2877 1915 2920 quaeque
1942 2859 2061 2917 prin-

231 2930 446 2989 cipatuum
477 2928 747 2977 labefactent,
773 2939 899 2985 atque
923 2927 1179 2981 convellant,
1204 2929 1449 2969 servitutem
1483 2927 1560 2969 sub
1590 2927 1797 2969 libertatis
1825 2925 1963 2984 specie
1981 2939 2064 2990 pg-

280 3085 313 3118 1.
340 3080 394 3115 Ad
412 3082 516 3116 Rom.
533 3092 617 3125 xm,
638 3082 672 3114 2.

278 3132 313 3164 2.
341 3129 378 3162 S.
394 3130 484 3174 Aug.
506 3127 544 3160 in
562 3128 690 3161 Psalm.
711 3138 830 3171 cxxw,
850 3139 886 3161 11.
908 3130 943 3163 7.

278 3180 313 3212 3.
339 3176 376 3210 S.
400 3176 548 3210 Eucher.
569 3173 663 3221 apud
683 3174 842 3207 Ruinart.
869 3175 947 3209 Aet.
967 3173 1027 3208 SS.
1047 3173 1137 3208 MM.
1159 3172 1201 3207 de
1216 3173 1274 3208 SS.
1293 3172 1436 3207 Maurit.
1454 3182 1486 3207 et
1508 3185 1581 3207 soc.
1600 3185 1636 3207 11.
1656 3175 1689 3207 4.

278 3226 311 3259 4.
339 3223 486 3258 Tertull.
506 3223 537 3255 in
556 3222 698 3268 Apolog.
720 3233 796 3267 cap.
816 3233 952 3257 xxxvn.
