2135 3442
176 201 251 237 484
679 201 867 238 LETTRE
894 201 1209 248 ENCYCLIQUE
1237 204 1304 238 DE
1333 204 1412 239 PIE
1442 204 1515 242 IX.

176 287 209 330 si
238 286 329 328 fie1i
355 302 547 344 unquam
570 299 728 345 posset,
761 288 950 330 funditus
974 300 1177 340 evertere,
1210 305 1257 331 ac
1295 290 1494 348 populos,
1527 300 1569 332 et
1597 290 1882 349 improvidam
1908 310 2019 352 prae-

176 351 324 395 seltim
353 354 621 407 juventutem
656 352 845 410 quotidie
882 352 1019 410 magis
1055 353 1302 411 depravare,
1338 371 1628 413 corrumpere,
1669 366 1710 397 et
1740 372 1789 397 ex
1826 358 2019 401 omnium

177 417 330 459 animis
360 417 668 460 sanctissimam
693 429 882 460 nostram
901 418 1030 460 fidem
1051 419 1385 478 religionemque
1412 419 1616 462 radicitus
1637 420 1848 479 extirpare
1867 424 2019 465 conni-

176 493 340 524 tuntur.

234 574 382 629 Itaque
422 572 528 614 nihil
566 571 832 622 dubitamus,
875 571 975 628 quin
1006 587 1103 623 vos,
1146 572 1289 615 dilecti
1329 573 1424 615 Filii
1465 574 1611 616 Nostri
1655 590 1702 616 ac
1743 575 2019 617 Venerabiles

175 640 206 679 F
209 647 359 687 latres,
393 636 659 679 confortati
648 653 692 678 11]
723 635 856 694 gratia
879 636 1053 678 Domini
1078 638 1222 679 Nostri
1245 640 1341 680 Jesu
1373 638 1544 689 Christi,
1578 655 1656 710 pro
1684 639 1854 698 egregio
1879 650 2018 681 vestro

176 702 403 761 episcopali
437 702 528 743 zelo
554 700 754 759 pergatis,
777 712 825 742 ut
850 702 989 743 adhuc
1004 718 1101 743 cum
1128 702 1312 744 maxima
1333 703 1462 745 vestri
1484 703 1672 745 nominis
1692 704 1818 745 laude
1843 703 2014 755 fecistis,

175 766 517 810 concordissimis
538 766 690 808 animis
716 776 758 807 et
778 765 1046 823 ingeminatis
1066 765 1214 807 studiis
1237 779 1484 809 constante1
1507 785 1725 826 opponere
1749 784 1919 810 murum
1942 785 2019 826 pro

176 834 316 874 Domo
342 832 488 883 Israel,
511 843 552 872 et
581 842 742 873 certare
773 832 936 873 bonum
970 843 1185 872 celtamen
1212 831 1330 883 fidei,
1355 844 1395 874 et
1417 835 1469 874 ab
1495 833 1836 876 adversariorum
1856 833 2020 876 insidiis

173 897 320 939 fideles
342 913 451 939 curae
471 907 617 938 vestra*
644 894 894 937 commissos
923 895 1171 946 defendere,
1197 896 1378 954 illosque
1398 898 1566 939 assidue
1592 914 1767 939 monere
1790 908 1831 939 et
1858 898 2016 940 exhor-

177 963 270 1014 tari,
301 974 348 1004 ut
370 961 677 1004 sanctissimam
697 960 841 1011 fidem,
865 960 955 1002 sine
976 977 1059 1018 qua
1082 961 1349 1019 impossibile
1373 973 1436 1004 est
1455 964 1624 1021 placere
1647 965 1754 1014 Deo,
1779 973 1821 1004 et
1843 978 1972 1020 quam
1995 979 2017 1004 a

174 1027 343 1069 Christo
378 1026 565 1068 Domino
597 1041 674 1083 per
707 1025 933 1083 Apostolos
952 1036 1070 1067 tenet
1100 1042 1146 1067 ac
1167 1026 1291 1069 docet
1317 1027 1525 1069 catholica
1551 1027 1755 1078 Ecclesia,
1784 1027 2018 1069 contantis-

173 1093 277 1135 sime
312 1103 500 1142 teneant,
539 1106 586 1131 ac
619 1090 788 1132 stabiles
811 1101 852 1131 et
882 1089 1049 1131 immoti
1076 1103 1355 1149 permaneant
1382 1103 1423 1133 et
1444 1091 1585 1133 divina
1614 1103 1760 1134 nostra
1791 1091 2013 1149 religione,

173 1175 265 1216 quse
294 1173 377 1199 una
407 1166 471 1197 est
502 1171 617 1206 vera,
650 1167 937 1213 aeternamque
960 1167 1084 1214 parat
1112 1156 1307 1208 salutem,
1341 1173 1388 1198 ac
1414 1156 1580 1198 civilem
1610 1156 1739 1198 etiam
1771 1156 2017 1198 societatem

173 1225 240 1266 vel
274 1222 456 1264 maxime
482 1220 657 1279 sospitat
689 1231 816 1278 atque
843 1220 1052 1264 fortunat.
1089 1223 1364 1280 Quapropter
1388 1237 1442 1264 ne
1464 1221 1665 1264 desinatis
1697 1237 1774 1280 per
1805 1222 2017 1279 parochos

172 1287 421 1347 praesertim,
446 1285 634 1343 aliosque
660 1285 968 1329 ecclesiasticos
991 1287 1104 1328 viros
1123 1286 1216 1328 vitre
1242 1286 1503 1344 integritate,
1530 1302 1701 1328 morum
1723 1286 1943 1344 gravitate,
1970 1302 2017 1328 ac

173 1370 275 1395 sana
313 1351 534 1408 solidaque
561 1350 755 1392 doctrina
779 1363 990 1409 spectatos
1023 1362 1115 1393 tum
1142 1351 1274 1393 divini
1303 1351 1422 1392 verbi
1442 1351 1761 1409 praedicatione,
1789 1362 1882 1392 tum
1903 1362 2017 1392 cate-

172 1418 285 1460 chesi
308 1417 490 1477 populos
511 1432 620 1457 curae
639 1428 787 1458 vestite
809 1427 848 1457 t1
852 1417 989 1458 aditos
1008 1416 1251 1459 veneianda
1276 1427 1463 1488 augustae
1488 1427 1644 1458 nostrae
1661 1415 1879 1473 religionis
1900 1431 2017 1474 mys-

170 1483 290 1532 telia,
337 1481 598 1532 doctrinam,
631 1492 878 1552 praecepta,
919 1481 1189 1540 disciplinam
1231 1481 1502 1524 continenter
1534 1493 1576 1523 et
1613 1492 1807 1523 accuiate
1845 1480 2015 1522 docere

172 1547 374 1590 Etenim
364 1545 553 1605 apprime
584 1545 713 1597 scitis,
735 1545 952 1604 ingentem
978 1547 1189 1588 malorum
1208 1558 1376 1604 partem
1396 1563 1447 1588 ex
1474 1546 1715 1588 divinarum
1741 1561 1900 1590 rerum
1926 1561 2018 1602 quae

169 1614 223 1654 ad
265 1612 442 1654 salutem
477 1610 720 1652 necessariae
756 1622 870 1662 sunt,
904 1610 1069 1652 inscitia
1102 1611 1353 1669 plerumque
1386 1610 1502 1661 oriri,
1541 1627 1588 1652 ac
1620 1621 1845 1668 propterea
1880 1611 2017 1668 probe

168 1676 418 1734 intelligitis,
446 1691 619 1717 omnem
652 1691 817 1726 curam,
848 1674 1189 1732 industriamque
1225 1691 1314 1718 esse
1344 1674 1659 1725 adhibendam,
1695 1686 1742 1716 ut
1771 1674 2016 1730 hujusmodi

168 1743 329 1785 malum
353 1759 376 1783 a
402 1741 571 1800 populis
597 1740 851 1798 depellatur.

231 1975 473 2028 Antequam
508 1985 610 2011 vero
636 1968 734 2010 huic
768 1969 931 2010 Nostrae
960 1967 1160 2025 Epistolae
1199 1967 1328 2009 finem
1361 1969 1578 2020 faciamus,
1612 1968 1747 2010 Nobis
1777 1978 2016 2026 temperare

166 2054 254 2079 non
272 2052 510 2095 possumuS,
538 2034 639 2092 quin
655 2033 829 2075 meritas
851 2033 981 2074 Italiae
1002 2033 1126 2075 Clero
1144 2033 1291 2075 laudes
1308 2033 1562 2084 tribuamus,
1587 2033 1660 2091 qui
1681 2050 1731 2074 ex
1751 2044 1871 2090 parte
1888 2032 2015 2092 longe

166 2102 347 2143 maxima
370 2100 504 2142 Nobis
528 2111 569 2140 et
597 2099 696 2140 huic
721 2098 834 2139 Petri
870 2098 1107 2149 Cathedrae,
1136 2115 1183 2140 ac
1209 2099 1293 2140 suis
1316 2098 1589 2140 Antistitibus
1625 2114 1676 2139 ex
1701 2097 1845 2139 animo
1868 2098 2013 2139 adhae-

166 2183 264 2208 rens
295 2183 318 2207 a
339 2177 452 2207 recta
472 2164 537 2205 via
560 2163 734 2204 minime
765 2163 1013 2216 declinavit,
1048 2163 1122 2205 sed
1148 2162 1327 2204 illustria
1353 2179 1530 2204 suorum
1549 2162 1800 2204 Antistitum
1822 2163 2015 2220 exempla

166 2247 368 2289 sequens,
403 2242 443 2270 et
472 2230 701 2287 asperrima
732 2243 909 2285 quaeque
939 2227 1244 2285 patientissime
1272 2228 1492 2286 perferens
1523 2243 1701 2269 munere
1736 2242 1812 2268 suo
1845 2228 2014 2285 egregie

167 2295 455 2355 perfungitur.
484 2295 544 2335 Ea
566 2293 758 2351 profecto
785 2309 857 2350 spe
888 2292 1064 2334 nitimur
1088 2292 1196 2344 sore,
1224 2305 1271 2334 ut
1291 2292 1438 2334 Clerus
1458 2293 1594 2343 idem,
1621 2292 1763 2334 divina
1785 2290 2014 2334 auxiliante

166 2361 315 2419 gratia,
342 2360 468 2416 digne
494 2358 716 2399 ambulans
735 2359 972 2407 vocatione,
998 2374 1080 2414 qua
1109 2369 1282 2399 vocatus
1302 2369 1380 2408 est,
1406 2357 1696 2416 splendidiora
1719 2373 1802 2398 suae
1824 2356 2009 2414 pietatis,

165 2442 213 2468 ac
235 2425 402 2467 virtutis
426 2423 651 2480 specimina
674 2422 873 2463 exhibere
906 2438 1077 2480 semper
1098 2423 1346 2464 contendat.

225 2489 383 2532 Debito
423 2503 592 2545 quoque
622 2487 797 2528 laudum
830 2487 1044 2545 praeconio
1085 2487 1380 2545 prosequimur
1409 2498 1473 2528 tot
1505 2486 1691 2544 virgines
1722 2488 1812 2528 Deo
1845 2502 2008 2537 sacras,

166 2572 258 2613 quae
287 2570 310 2595 a
340 2551 524 2611 propriis
544 2551 811 2593 monasteriis
830 2552 1037 2593 violenter
1057 2554 1304 2601 exturbatae,
1341 2567 1389 2593 ac
1411 2552 1495 2593 suis
1515 2551 1724 2593 reditibus
1745 2551 1947 2609 spoliatae,
1971 2562 2013 2592 et

167 2621 222 2662 ad
254 2617 573 2661 mendicitatem
596 2617 792 2666 redactae,
825 2616 942 2657 haud
973 2627 1117 2658 tamen
1146 2617 1365 2674 fregerunt
1385 2616 1514 2657 fidem
1541 2632 1668 2674 quam
1688 2617 1854 2674 Sponso
1877 2615 2009 2657 dede—

167 2695 283 2735 runt,
313 2682 388 2724 sed
409 2681 527 2722 omni
551 2680 785 2721 constantia
807 2680 1089 2722 tristissimam
1109 2697 1228 2722 suam
1251 2680 1542 2723 conditionem
1561 2681 1790 2722 tolerantes
1808 2696 1896 2721 non
1916 2695 2009 2722 ces-

167 2761 261 2791 sant
291 2746 453 2789 diurnis
487 2744 789 2801 nocturnisque
811 2745 1010 2802 precibus
1041 2745 1180 2787 levare
1202 2761 1353 2787 manus
1381 2761 1476 2786 suas
1506 2744 1550 2786 in
1583 2756 1741 2796 sancta,
1766 2747 1904 2786 Deum
1930 2760 2010 2802 pro

168 2813 358 2857 omnium
379 2822 420 2852 et
445 2825 618 2851 suorum
644 2809 770 2849 etiam
789 2821 1107 2866 persecutorum
1128 2810 1261 2852 salute
1285 2812 1575 2861 obsecrantes,
1605 2821 1647 2852 et
1672 2808 2010 2851 misericordiam

169 2897 191 2921 a
216 2877 403 2921 Domino
423 2875 631 2934 patienter
654 2885 936 2930 expectantes.

228 2942 392 2986 Meritis
427 2940 554 2982 etiam
585 2937 782 2979 laudibus
820 2938 946 2979 Italiae
982 2940 1163 2998 populos
1195 2957 1347 2982 ornare
1386 2940 1641 2999 gaudemus,
1685 2939 1758 2997 qui
1794 2937 2008 2980 catholicis

169 3007 363 3052 sensibus
384 3004 549 3063 egregie
573 3002 747 3044 animati
768 3013 832 3043 tot
860 3002 1011 3060 impias
1031 3016 1180 3046 contra
1201 3005 1431 3047 Ecclesiam
1459 3005 1699 3047 molitiones
1725 3004 2004 3051 detestantur,

170 3084 212 3116 et
225 3072 339 3114 filiali
360 3072 465 3120 Nos,
489 3081 531 3111 et
549 3069 659 3110 hanc
681 3068 878 3109 Sanctam
906 3068 1073 3119 Sedem,
1098 3085 1146 3110 ac
1167 3086 1263 3111 suos
1283 3070 1505 3111 Antistites
1522 3070 1691 3127 pietate,
1719 3065 2001 3114 observantia,

169 3149 211 3180 et
244 3136 490 3178 obedientia
520 3131 719 3191 prosequi
744 3132 1019 3173 vehementer
1046 3133 1296 3190 gloriantur,
1319 3136 1472 3192 quique
1493 3132 1749 3192 gravissimis
1768 3131 1864 3173 licet
1891 3128 2004 3170 diffi-

171 3201 413 3251 cultatibus,
438 3215 484 3241 ac
505 3197 703 3257 periculis
731 3195 950 3254 praepediti
985 3197 1209 3254 singularis
1234 3199 1298 3240 sui
1326 3214 1425 3257 erga
1460 3199 1549 3240 Nos
1576 3197 1752 3247 amoris,
1785 3193 1998 3248 studiique

171 3266 497 3325 significationes
530 3261 670 3304 modis
710 3262 908 3303 omnihus
943 3261 1135 3318 quotidie
1168 3262 1395 3314 exhibere,
1435 3272 1476 3304 et
1503 3261 1707 3303 maximas
1741 3259 1930 3306 Nostras,
1963 3266 2005 3296 et
