2135 3442
259 142 335 176 222
869 140 1181 177 ALLOCUTION
1209 142 1274 176 DE
1302 142 1382 176 PIE
1410 141 1481 176 IX.

260 226 490 269 Provinciis
514 227 712 285 degentes
732 228 775 267 in
805 227 956 269 urbem
985 227 1310 277 deducerentur,
1334 243 1425 284 quse
1458 238 1599 267 tamen
1626 242 1692 268 res
1720 239 1866 269 contra
1894 229 2092 271 Nostram

259 292 523 333 voluntatem
543 291 597 333 ad
624 291 786 333 exitum
812 293 986 333 minime
1015 292 1093 334 fuit
1124 292 1323 350 perducta
1349 307 1498 333 eorum
1532 306 1675 348 opera,
1703 293 1774 349 qui
1803 308 1946 335 mense
1975 295 2091 336 Maio

257 355 554 398 Ministrorum
584 372 759 398 munere
787 357 1090 414 fungebantur.
1119 358 1266 414 Neque
1294 356 1338 398 id
1365 356 1515 406 solum,
1540 371 1685 397 verum
1705 357 1834 397 etiam
1859 369 1954 400 ante
1987 358 2091 401 illud

258 431 438 480 tempus,
462 436 540 463 nec
560 437 647 462 non
669 432 709 462 et
729 432 878 478 postea
896 431 987 462 tum
1007 421 1179 479 publico
1207 422 1436 479 praesertim
1462 422 1608 461 Romae
1638 419 1776 461 ordini
1797 422 1975 474 tuendo,
1998 434 2089 465 tum

257 486 524 528 inimicorum
553 486 777 527 hominum
812 485 997 526 audaciae
1025 486 1352 544 comprimendae
1381 501 1499 526 curas
1536 496 1697 526 nostras
1720 487 2001 529 convertimus
2035 487 2090 530 ad

257 550 337 591 alia
359 551 541 592 militum
564 549 758 607 praesidia
781 550 1084 606 comparanda,
1107 566 1215 608 quae,
1242 552 1332 592 Deo
1367 550 1423 591 ita
1451 551 1737 608 permittente,
1773 549 1829 591 ob
1859 566 2014 603 rerum,
2041 568 2090 594 ac

256 626 497 673 temporum
523 614 828 656 vicissitudines
850 614 987 656 Nobis
1011 614 1197 658 defuere.
1232 615 1423 657 Tandem
1446 626 1540 673 post
1563 614 1652 672 ipsa
1671 614 1980 657 luctuosissima
2000 617 2089 659 No-

255 680 437 721 vembris
461 680 568 721 facta
592 679 705 720 haud
725 680 943 720 omisimus
962 679 1127 721 Nostris
1141 680 1288 722 litteris
1313 680 1380 722 die
1401 679 1547 737 quinta
1566 680 1747 735 januarii
1763 679 1872 721 datis
1892 681 2091 724 omnibus

255 744 467 802 indigenis
487 743 650 786 Nostris
682 743 884 785 militibus
905 744 1030 785 etiam
1051 756 1174 802 atque
1199 747 1323 786 etiam
1353 745 1580 794 inculcare,
1617 755 1663 785 ut
1685 743 1898 802 religionis
1921 756 1962 786 et
1980 745 2091 787 mili-

255 811 356 851 taris
385 809 558 851 honoris
588 824 814 858 memores,
842 808 1028 864 juratam
1063 825 1140 851 suo
1159 809 1344 867 Principi
1372 809 1497 851 fidem
1526 808 1802 860 custodirent,
1826 825 1874 851 ac
1901 809 2091 851 sedulam

253 872 550 931 impenderent
567 888 756 931 operam,
781 888 864 929 quo
885 872 1040 930 ubique
1075 884 1167 914 tum
1191 873 1360 931 publica
1380 873 1679 931 tranquillitas,
1709 885 1799 915 tum
1828 873 1972 915 debita
1992 890 2091 933 erga

253 939 486 998 legitimum
507 939 775 980 Gubernium
794 937 1054 989 obedientia,
1083 954 1130 980 ac
1163 939 1335 980 devotio
1367 950 1616 981 serraretur.
1651 939 1798 996 Neque
1833 939 1878 980 id
1907 949 2087 992 tantum,

253 1020 395 1046 verum
421 1006 546 1046 etiam
577 1004 867 1044 Helvetiorum
897 1003 1040 1060 copias
1072 1004 1253 1046 Romam
1276 1016 1420 1062 petere
1448 1006 1659 1060 jussimus,
1683 1020 1774 1061 quae
1810 1004 1909 1045 huic
1938 1015 2089 1047 nostrae

250 1069 457 1111 zoluntati
491 1068 820 1125 haudquaquam
865 1069 1076 1109 obsecutae
1120 1079 1230 1119 sunt,
1281 1085 1377 1110 cum
1407 1069 1641 1127 praesertim
1669 1084 1888 1127 supremus
1922 1068 2089 1111 illarum

254 1133 438 1175 ductor
430 1150 471 1174 111
491 1135 570 1174 1130
591 1149 636 1174 10
654 1133 767 1174 haud
788 1144 917 1182 recte,
939 1144 1065 1189 atque
1087 1133 1226 1174 1101101
1229 1133 1320 1175 ifice
1338 1150 1381 1176 se
1405 1134 1594 1192 gesserit.

310 1200 447 1256 Atque
470 1197 636 1238 inteiim
655 1197 848 1238 factionis
868 1196 1112 1239 IllOdelatOI
1107 1214 1158 1240 es
1179 1199 1338 1254 majore
1352 1198 1396 1239 in
1413 1198 1500 1240 dies
1521 1198 1711 1248 audacia,
1735 1209 1776 1238 et
1798 1198 1958 1255 impetu
1983 1214 2089 1256 opus

250 1279 300 1304 ul
302 1274 448 1321 Oentes
467 1273 556 1303 tum
581 1263 709 1303 Nosti
713 1278 777 1302 am
803 1263 1050 1316 Personam,
1072 1274 1163 1303 tum
1190 1262 1308 1314 alios,
1340 1263 1412 1320 qui
1433 1275 1578 1305 nostlo
1603 1263 1820 1304 adhaerent
1840 1262 1961 1304 lateri
1981 1264 2087 1304 hor-
2132 1308 2135 1315 ยน

248 1327 391 1368 rendis
415 1327 615 1384 cujusque
636 1326 799 1384 generis
818 1327 1036 1368 calumniis
1060 1339 1101 1368 et
1126 1328 1391 1369 contumeliis
1410 1328 1591 1370 lacerare
1610 1343 1696 1368 non
1723 1326 2086 1382 intermittebant,

248 1407 295 1432 ac
315 1392 381 1433 rel
404 1391 501 1449 ipsis
526 1391 777 1433 sacrosancti
801 1391 1016 1450 Evangelii
1048 1392 1186 1433 verbis
1210 1404 1252 1434 et
1274 1392 1492 1434 sententiis
1517 1392 1675 1434 nefarie
1694 1392 1812 1433 abuti
1841 1407 1929 1433 non
1960 1392 2087 1434 dubi-

248 1456 410 1508 tabant,
438 1467 483 1496 ut
503 1457 544 1497 in
566 1455 822 1497 vestimentis
845 1457 986 1497 ovium
1017 1472 1113 1498 cum
1145 1457 1395 1499 intrinsecus
1421 1457 1505 1499 sint
1526 1457 1615 1514 lupi
1640 1472 1826 1514 rapaces,
1849 1457 2088 1514 imperitam

248 1520 563 1561 multitudinem
595 1520 650 1561 ad
679 1537 808 1578 prava
837 1536 1011 1578 quaeque
1038 1538 1186 1563 eorum
1216 1521 1408 1575 consilia,
1448 1533 1490 1564 et
1527 1520 1748 1563 molimina
1776 1522 2083 1578 pertraherent.

248 1595 372 1642 atque
397 1586 663 1626 incautorum
696 1596 858 1626 mentes
885 1584 998 1626 salsis
1023 1585 1226 1627 doctrinis
1250 1586 1506 1628 imbuerent.
1542 1585 1708 1628 Subditi
1732 1601 1833 1627 vero
1860 1585 2084 1643 temporali

247 1649 499 1706 Apostolicae
521 1649 640 1691 Sedis
659 1649 824 1701 ditioni,
846 1661 887 1690 et
906 1649 1041 1690 Nobis
1058 1650 1267 1692 immobili
1288 1651 1369 1692 fide
1395 1650 1553 1692 addicti
1580 1649 1730 1691 merito
1756 1661 1880 1707 atque
1911 1649 2075 1706 optimo

242 1715 335 1768 jure
353 1729 375 1754 a
397 1713 530 1754 Nobis
554 1714 854 1771 exposcebant,
876 1725 921 1753 ut
942 1729 1014 1754 eos
1031 1730 1053 1754 a
1079 1725 1142 1755 tot
1165 1714 1431 1772 gravissimis,
1451 1714 1602 1772 quibus
1625 1713 1813 1770 undique
1832 1715 2086 1771 premeban-

247 1788 328 1828 tur,
365 1778 583 1836 angustiis,
618 1777 827 1835 periculis,
862 1778 1183 1828 calamitatibus,
1219 1790 1259 1820 et
1287 1778 1460 1834 jacturis
1487 1778 1761 1836 eriperemus.
1797 1779 1851 1819 Et
1882 1779 2085 1835 quoniam

246 1842 439 1884 nonnulli
458 1858 508 1884 ex
529 1842 627 1900 ipsis
644 1843 912 1900 reperiuntur
931 1844 1001 1900 qui
1020 1859 1097 1884 nos
1117 1844 1244 1884 veluti
1270 1859 1438 1885 causam
1462 1844 1708 1901 (innocuam
1732 1842 1846 1899 licet)
1869 1853 2086 1884 tantarum

246 1908 612 1964 perturbationum
635 1907 881 1964 suscipiunt,
904 1906 1055 1948 iccirco
1074 1907 1139 1948 isti
1155 1908 1492 1950 animadvertant
1512 1908 1703 1959 velimus,
1730 1907 1818 1948 Nos
1846 1906 2019 1964 quidem
2041 1919 2087 1949 ut

245 1971 426 2028 primum
453 1972 505 2013 ad
539 1973 787 2029 Supremam
817 1971 1107 2029 Apostolicam
1139 1972 1291 2014 Sedem
1321 1974 1453 2014 evecti
1489 1973 1657 2025 fuimus,
1696 1981 1893 2030 paternas
1923 1982 2086 2013 nostras

246 2052 364 2077 curas
384 2047 426 2077 et
445 2036 634 2087 consilia,
658 2036 1018 2094 quemadmodum
1042 2053 1170 2095 supra
1194 2037 1514 2092 declaravimus,
1543 2053 1593 2078 eo
1624 2047 1735 2078 certe
1759 2035 2002 2086 intendisse,
2039 2047 2085 2077 ut

245 2100 473 2142 Pontificiae
511 2101 673 2141 Nostrae
714 2100 882 2142 ditionis
917 2102 1096 2159 populos
1139 2101 1255 2143 omni
1286 2102 1428 2143 studio
1461 2102 1504 2142 in
1542 2101 1760 2143 meliorem
1794 2099 2084 2142 conditionem

246 2164 566 2216 adduceremus,
590 2165 661 2207 sed
679 2165 965 2215 inimicorum,
990 2182 1036 2208 ac
1056 2167 1398 2208 turbulentorum
1413 2167 1636 2208 hominum
1657 2180 1782 2223 opera
1802 2163 1959 2205 factum
1976 2180 2078 2216 esse,

245 2242 292 2271 ut
315 2230 488 2271 consilia
503 2230 573 2271 illa
594 2242 737 2271 nostra
759 2232 801 2271 in
828 2232 991 2272 irritum
1013 2231 1226 2281 cederent,
1249 2243 1395 2273 contra
1414 2247 1515 2273 vero
1537 2229 1718 2272 factiosis
1737 2228 1850 2286 ipsis,
1876 2230 1965 2273 Deo
1987 2245 2081 2287 per-

245 2296 438 2336 mittente
461 2296 700 2351 contigisse,
721 2306 766 2336 ut
785 2296 839 2337 ad
858 2297 1017 2337 exitum
1038 2296 1270 2354 perducere
1287 2308 1460 2354 possent
1477 2312 1568 2352 quae
1586 2311 1609 2336 a
1629 2295 1756 2352 longo
1779 2304 1875 2335 ante
1891 2305 2081 2352 tempore

244 2360 401 2414 moliri,
427 2376 473 2400 ac
494 2371 656 2401 tentare
682 2362 881 2402 omnibus
913 2363 1149 2419 quibusque
1175 2360 1344 2402 malitiae
1376 2360 1534 2401 artibus
1557 2374 1790 2415 numquam
1815 2358 2074 2401 destiterant.

243 2425 388 2481 Itaque
415 2424 459 2465 id
483 2425 633 2482 ipsum,
657 2425 771 2483 quod
783 2427 871 2480 jam
894 2426 994 2467 alias
1014 2426 1238 2477 ediximus,
1264 2425 1332 2467 hic
1356 2424 1509 2466 iterum
1534 2425 1761 2481 repetimus
1784 2424 1829 2464 in
1856 2434 1941 2465 tam
1963 2424 2078 2481 gravi

243 2488 414 2538 scilicet,
442 2504 489 2530 30
509 2489 698 2530 luctuosa
717 2501 980 2547 tempestate,
1005 2506 1087 2547 qua
1114 2492 1330 2532 universus
1361 2490 1445 2529 fere
1476 2500 1681 2529 terrarum
1714 2487 1828 2530 orbis
1859 2499 2076 2545 tantopere

237 2555 435 2608 jactatur,
458 2553 536 2594 Dei
557 2569 730 2594 manum
753 2570 839 2595 esse
856 2555 1186 2612 agnoscendam,
1209 2556 1391 2610 Ejusque
1406 2568 1553 2594 vocem
1577 2553 1846 2603 audiendam,
1874 2552 1945 2609 qui
1963 2553 2074 2606 ejus-

243 2617 361 2659 modi
383 2617 556 2676 flagellis
582 2618 804 2659 hominum
824 2630 1011 2676 peccata,
1036 2631 1076 2661 et
1094 2619 1337 2676 iniquitates
1354 2617 1504 2675 punire
1525 2618 1646 2668 solet,
1669 2629 1716 2658 ut
1734 2618 1814 2674 ipsi
1837 2617 1890 2658 ad
1906 2615 2074 2672 justitiae

243 2683 410 2735 semitas
426 2682 561 2723 redire
581 2681 794 2724 festinent.
818 2684 938 2723 Hanc
962 2682 1088 2739 igitur
1106 2698 1254 2723 vocem
1281 2682 1452 2723 audiant
1479 2682 1549 2739 qui
1569 2692 1815 2724 erraverunt
1837 2697 1860 2722 a
1879 2679 2071 2732 veritate,

243 2758 284 2788 et
305 2746 640 2803 derelinquentes
657 2748 743 2788 vias
763 2763 856 2788 suas
877 2758 1177 2788 convertantur
1197 2747 1251 2787 ad
1271 2746 1502 2788 Dominum
1525 2767 1533 2799 ฯ
1562 2747 1735 2788 audiant
1757 2747 1882 2787 etiam
1901 2745 1974 2795 illi,
2002 2743 2072 2801 qui

241 2811 287 2852 in
310 2813 391 2853 hoc
415 2810 646 2852 tristissimo
668 2827 810 2852 rerum
836 2822 943 2852 statu
967 2813 1097 2869 magis
1121 2811 1173 2852 de
1206 2810 1377 2868 privatis
1398 2811 1575 2869 propriis
1607 2809 1841 2853 commodis
1869 2823 1995 2865 quam
2019 2807 2072 2849 de

241 2876 435 2918 Ecclesife
452 2876 584 2925 bono,
608 2887 648 2916 et
669 2877 727 2915 rei
752 2876 964 2916 catholica*
985 2877 1260 2933 prosperitate
1279 2875 1444 2917 solliciti
1463 2887 1572 2926 sunt,
1605 2892 1653 2917 30
1674 2871 1941 2916 meminerint
1966 2871 2071 2912 nihil

240 2941 440 2999 prodesse
463 2939 625 2981 homini
646 2940 677 2980 si
699 2940 896 2980 mundum
914 2947 1150 2982 ฮฮทแฝทฯฮฝ-3111)]
1174 2940 1376 2991 lueretur,
1397 2947 1547 2982 anima?
1565 2956 1657 2982 vero
1673 2955 1758 2980 suae
1777 2938 2067 2978 detrimentum

235 3012 430 3062 patiatur
441 3021 458 3056 ,ฮ
480 3005 652 3046 audiant
672 3015 713 3045 et
733 3003 790 3061 pii
810 3003 1003 3045 Ecclesiae
1019 3004 1104 3057 filii,
1132 3020 1178 3044 ac
1197 3005 1478 3061 praestolantes
1498 3007 1537 3046 in
1556 3004 1756 3063 patientia
1777 3001 1954 3043 salutare
1969 2999 2065 3050 Dei,

241 3081 282 3112 et
303 3072 460 3126 majore
483 3085 612 3126 usque
636 3068 775 3110 studio
802 3068 1078 3110 emundantes
1102 3068 1376 3110 conscientias
1407 3085 1501 3111 suas
1529 3070 1580 3111 ab
1605 3069 1721 3110 omni
1749 3066 2068 3123 inquinamento

241 3137 417 3193 peccati,
443 3133 730 3176 miserationes
762 3134 933 3175 Domini
968 3134 1208 3192 implorare,
1244 3135 1375 3190 Eique
1402 3136 1534 3192 magis
1565 3132 1779 3190 magisque
1808 3130 1987 3188 plaeere,
2021 3143 2068 3170 ac

235 3200 392 3258 jugiter
410 3199 601 3241 famulari
624 3199 903 3241 contendant.
