2135 3442
205 128 253 163 852
921 125 1046 160 BREF
1074 126 1140 160 DE
1169 125 1248 160 PIE
1276 125 1340 161 VI.

207 235 224 250 a
262 209 559 253 inexcusabilis
582 211 660 252 erit
684 211 837 262 omnis,
866 212 936 267 qui
960 227 1006 252 ea
1039 226 1131 267 qua„¹
1160 210 1360 261 Domino,
1383 209 1450 249 vel
1477 208 1674 249 Ecclesiae
1694 218 1955 265 competunt,
1976 223 2053 249 au·

206 298 223 312 <t
264 277 359 326 fert,
375 285 525 326 vastat,
545 286 587 316 et
606 275 783 327 invadit,
813 274 877 316 vel
902 274 1060 332 diripit,
1089 286 1131 315 et
1155 290 1286 330 usque
1311 273 1367 313 ad
1390 272 1749 323 emendationem,
1772 272 2052 330 Ecclesiaeque

209 366 224 377 u
263 339 606 389 satisfactionem,
632 350 677 380 ut
701 339 924 397 sacrilegus
938 339 1173 393 judicetur,
1205 349 1247 379 et
1269 339 1301 378 si
1325 337 1553 378 emendare
1578 336 1731 389 noluit,
1755 339 2051 379 excommuni-

208 426 224 439 «
263 415 380 445 cetur
400 420 440 444 )).
468 404 630 445 Concil.
657 404 851 445 Toletan.
875 404 933 444 VI
948 403 980 456 ¹,
1004 403 1146 460 ibique
1173 413 1266 444 not.
1291 401 1449 442 Loaisoe
1470 402 1568 443 Litt.
1592 403 1646 452 D,
1668 402 1739 458 qui
1759 402 1937 443 Concilii
1956 413 2050 445 tex-

206 481 295 511 tum
324 469 505 510 illustrat
533 485 542 510 z
575 491 591 505 «
620 471 835 521 Quantum
854 469 1063 526 piaculum
1097 467 1149 508 sit
1177 482 1243 507 res
1282 482 1306 507 a
1336 466 1532 507 fidelibus
1565 467 1727 507 sincera
1764 465 1847 507 fide
1872 467 2053 509 ecclesiis

210 555 227 571 κ
266 534 398 583 datas,
422 535 473 574 ab
496 535 555 574 eis
582 533 750 583 auferri,
774 549 821 573 ac
843 532 1035 585 distrahi,
1059 532 1192 572 multa
1209 532 1292 571 hoc
1313 541 1505 588 tempore
1526 542 1691 572 exstant
1711 530 2055 573 doctissimorum

211 620 227 633 ι(
264 598 451 639 virorum
478 599 648 655 scripta,
677 614 769 654 quae
788 596 1007 638 brevitatis
1035 612 1158 637 causa
1180 595 1364 654 prudens
1391 597 1560 637 omitto.
1583 597 1728 636 Unum
1757 606 1921 636 tantum
1952 597 2054 638 sub-

211 686 227 700 «
262 665 426 720 jiciam,
462 663 577 720 quod
610 663 652 703 in
685 661 1053 703 constitutionibus
1084 661 1359 702 orientalibus
1391 661 1591 718 scriptum
1618 658 1789 701 invenio
1823 661 1907 701 LL.
1929 661 2057 703 Nice-

212 752 227 763 «
265 728 450 787 phorum
476 729 663 769 Phocam
688 726 940 768 donationes
966 724 1229 767 monasteriis
1252 742 1301 767 ac
1323 725 1493 783 templis
1522 726 1686 766 relictas
1715 740 1888 783 prorsus
1911 724 2058 768 abole-

208 816 223 829 «
262 795 386 845 visse,
402 794 494 850 lege
517 794 645 834 ctiam
666 792 763 844 lata,
790 808 844 832 ne
863 790 1049 832 Ecclesia
1070 790 1360 831 immobilibus
1386 790 1712 848 locupletaretur
1732 791 1883 843 bonis,
1901 805 2055 832 causa-

210 880 225 893 «
263 869 329 898 tus
340 858 574 914 Episcopos
593 856 703 897 male
719 856 943 914 prodigere
963 871 1028 907 ea,
1048 872 1140 913 quae
1153 856 1408 913 pauperibus
1426 855 1645 908 darentur,
1659 854 1862 896 militibus
1884 855 2055 897 interim

207 946 222 955 «ι
262 921 556 963 deficientibus
588 940 596 962 :
630 923 745 976 cujus
766 921 1035 962 temerariam
1066 922 1190 971 hane,
1225 919 1536 978 impietatisque
1568 920 1741 978 plenam
1776 920 1912 977 legem
1941 920 2050 961 Por-

207 1009 223 1023 «
260 988 553 1044 phyrogeneta
577 985 775 1027 dominus
799 985 972 1026 Basilius
989 985 1135 1040 junior
1160 985 1238 1026 alia
1266 985 1360 1042 lege
1387 985 1473 1026 lata
1497 985 1676 1035 sustulit,
1706 1000 1834 1041 quam
1861 984 2051 1043 dignam,

206 1074 223 1087 «ι
262 1067 354 1109 quse
374 1052 442 1092 hic
470 1061 769 1108 apponeretur,
801 1049 1050 1091 existimavi.
1087 1049 1320 1107 Imperium
1342 1061 1552 1101 nostrum,
1585 1051 1737 1106 inquit,
1772 1049 1888 1107 quod
1916 1064 1940 1090 a
1962 1051 2055 1091 Deo

210 1138 226 1152 e<
261 1116 497 1174 profectum
519 1126 597 1164 est,
619 1130 715 1155 cum
739 1125 779 1154 ct
803 1130 827 1155 a
847 1113 1082 1164 monachis,
1113 1130 1297 1171 quorum
1319 1114 1452 1173 pietas
1478 1126 1520 1156 et
1540 1115 1670 1156 virtus
1696 1125 1758 1155 est
1780 1125 1943 1169 testata,
1969 1125 2013 1155 et
2031 1129 2056 1155 a

210 1205 225 1217 u
262 1180 404 1221 multis
430 1180 534 1231 aliis,
558 1179 697 1236 legem
727 1179 779 1220 de
808 1180 887 1220 Dei
908 1178 1121 1228 Ecclesiis,
1151 1190 1191 1220 et
1207 1180 1361 1220 sanctis
1392 1179 1605 1230 domibus,
1643 1179 1712 1221 vel
1741 1178 1886 1237 potius
1909 1189 2058 1220 contra

212 1268 226 1281 ι-
266 1245 344 1287 Dei
362 1244 582 1294 Ecclesias,
608 1254 650 1285 et
673 1255 837 1285 sanctas
859 1259 1008 1285 eorum
1026 1244 1177 1285 domos
1197 1260 1220 1285 a
1247 1243 1423 1286 domino
1446 1243 1708 1302 Nicephoro,
1738 1244 1809 1300 qui
1828 1242 2058 1301 imperium

210 1333 225 1345 «
264 1310 427 1362 invasit,
451 1309 686 1360 conditam,
709 1309 984 1366 praesentium
1006 1309 1217 1349 malorum
1241 1325 1414 1350 causam
1436 1308 1579 1360 fuisse,
1607 1319 1648 1350 et
1671 1307 1874 1359 radicem,
1900 1319 1942 1350 et
1963 1307 2059 1349 uni-

211 1398 225 1408 «
264 1373 433 1415 versalis
454 1375 577 1429 hujus
607 1373 888 1414 subversionis
911 1384 954 1415 et
976 1374 1248 1428 confusionis,
1271 1375 1332 1432 (ut
1355 1389 1448 1431 quae
1472 1373 1527 1415 ad
1551 1373 1749 1429 injuriam
1773 1383 1816 1414 et
1837 1383 2059 1414 contume-

207 1462 221 1471 ιι
258 1440 360 1481 liam
391 1455 479 1479 non
504 1438 641 1479 solum
663 1438 950 1479 Ecclesiarum
971 1449 1012 1479 et
1034 1449 1276 1480 sanctarum
1300 1438 1543 1489 domorum,
1573 1438 1648 1479 sed
1668 1437 1795 1478 etiam
1821 1436 1955 1495 ipsius
1978 1438 2059 1478 Dei

206 1524 223 1538 «
262 1504 367 1544 facta
401 1502 487 1559 sit),
524 1501 825 1555 intellexisset,
852 1514 893 1543 et
928 1502 1112 1544 maxime
1143 1519 1239 1544 cum
1266 1503 1311 1544 id
1336 1504 1474 1561 reipsa
1501 1514 1724 1560 expertum
1746 1512 1878 1555 esset,
1901 1517 1953 1543 ex
1972 1517 2057 1559 quo

208 1589 222 1602 κ
260 1569 373 1608 enim
401 1567 491 1607 haec
524 1567 594 1607 lex
621 1577 683 1607 est
714 1568 952 1617 observata,
981 1567 1082 1609 nihil
1100 1568 1204 1608 boni
1235 1570 1406 1626 penitus
1440 1569 1484 1609 in
1504 1568 1762 1609 hodiernum
1784 1582 1916 1623 usque
1944 1567 2059 1609 diem

207 1654 223 1667 «
258 1633 352 1672 vitae
379 1642 534 1672 nostra*
559 1631 755 1681 occurrit,
792 1632 866 1672 sed
890 1642 1040 1672 contra
1068 1633 1232 1674 nullum
1262 1635 1430 1691 penitus
1464 1632 1714 1674 calamitatis
1742 1648 1873 1690 genus
1903 1631 2055 1686 defuit,

208 1720 219 1731 ιε
261 1696 405 1738 statuit
427 1711 502 1753 per
530 1707 781 1753 praesentem
802 1712 974 1736 auream
996 1696 1174 1748 bullam,
1199 1709 1245 1738 ut
1270 1698 1338 1739 lex
1367 1698 1571 1756 praedicta
1594 1698 1647 1738 ab
1667 1699 1750 1738 hoc
1770 1698 1969 1754 praesenti
1989 1697 2058 1739 die

205 1782 222 1796 «ι
258 1771 404 1810 cesset,
440 1771 482 1800 et
511 1760 712 1817 deinceps
744 1760 925 1810 infirma,
959 1772 1001 1801 et
1032 1760 1150 1802 irrita
1176 1773 1438 1819 permaneat,
1475 1773 1516 1803 et
1536 1763 1679 1804 locum
1710 1763 1912 1812 habeant,
1947 1762 2058 1803 etin

205 1846 221 1860 «
259 1840 337 1866 usu
362 1825 459 1874 sint,
491 1839 583 1880 quac
607 1824 660 1864 de
685 1825 763 1865 Dei
783 1824 982 1865 Ecclesiis
1015 1836 1056 1865 et
1091 1827 1248 1867 sanctis
1275 1838 1317 1868 et
1345 1827 1560 1884 religionis
1587 1827 1787 1868 domibus
1815 1825 1936 1867 factae
1960 1837 2058 1868 sunt

206 1910 222 1924 «
259 1889 387 1946 leges.
420 1909 438 1923 »

259 1955 354 1995 Hoc
379 1952 719 2009 antiquissimum
744 1964 787 1994 et
808 1965 1005 1996 constans
1036 1955 1116 1996 fuit
1142 1966 1230 1996 tam
1254 1956 1523 2013 optimatum,
1552 1971 1680 2012 quam
1699 1955 1847 2013 populi
1866 1957 2055 1997 Franco-

202 2034 297 2059 rum
318 2017 592 2059 desiderium.
619 2018 877 2059 Obtulerunt
896 2020 1012 2060 enim
1035 2035 1147 2061 anno
1181 2025 1265 2063 803
1288 2021 1440 2062 Carolo
1464 2035 1621 2078 magno
1641 2031 1861 2077 sequentes
1880 2035 2026 2077 preces
2041 2020 2056 2042 ²

208 2102 224 2117 «
262 2082 400 2123 Flexis
427 2098 574 2123 omnes
597 2098 819 2139 precamur
841 2084 1071 2141 poplitibus
1094 2086 1361 2140 majestatem
1385 2096 1570 2126 vestram
1585 2119 1594 2135 ,
1627 2096 1675 2126 ut
1702 2086 1904 2142 Episcopi
1931 2084 2055 2126 dein-

209 2167 224 2181 «
263 2162 375 2204 ceps,
414 2146 519 2187 sicut
548 2146 766 2197 hactenus,
797 2163 886 2188 non
915 2159 1125 2189 vexentur
1153 2150 1363 2203 hostibus,
1395 2150 1469 2191 sed
1498 2149 1672 2207 quando
1701 2165 1792 2202 vos,
1825 2164 1988 2206 nosque
2013 2149 2058 2191 in

209 2234 225 2247 «
260 2212 429 2251 hostem
453 2209 681 2268 pergimus,
702 2211 782 2268 ipsi
804 2213 986 2270 propriis
1008 2213 1222 2255 resideant
1244 2215 1286 2255 in
1322 2214 1552 2272 parochiis.
1654 2214 1759 2255 illud
1772 2224 1917 2255 tamen
1936 2214 2057 2257 vobis

209 2296 226 2311 «
265 2286 307 2316 et
328 2274 525 2316 omnibus
553 2276 659 2316 scire
680 2277 888 2333 cupimus,
912 2277 1027 2334 quod
1054 2294 1141 2318 non
1167 2290 1390 2337 propterea
1410 2279 1493 2320 hoc
1515 2279 1714 2336 petimus,
1737 2288 1783 2318 ut
1800 2294 1948 2319 eorum
1970 2294 2055 2333 res,

210 2361 227 2376 «
265 2350 338 2381 aut
359 2339 519 2395 aliquid
541 2355 591 2380 ex
616 2355 763 2381 eorum
793 2343 998 2398 pecuniis,
1022 2342 1100 2384 nisi
1122 2343 1223 2401 ipsis
1248 2343 1408 2401 aliquid
1429 2354 1581 2401 sponte
1608 2342 1733 2384 nobis
1758 2342 1859 2384 dure
1885 2343 2058 2402 placue-

211 2426 227 2441 ‹e.
266 2405 335 2454 rit,
360 2415 432 2444 aut
455 2419 603 2444 eorum
623 2406 825 2447 Ecclesias
845 2406 1009 2448 viduari
1035 2407 1267 2466 cupiamus,
1294 2409 1368 2450 sed
1386 2409 1520 2465 magis
1541 2409 1614 2460 eis,
1645 2408 1677 2448 si
1703 2406 1909 2449 Dominus
1932 2425 2058 2467 posse
2107 2439 2109 2441 -

213 2492 228 2504 «
269 2467 450 2518 dederit,
482 2484 635 2525 augere
664 2470 968 2523 desideramus,
1004 2482 1050 2512 ut
1083 2483 1124 2513 et
1145 2473 1238 2531 ipsi,
1271 2484 1312 2514 et
1334 2489 1425 2523 vos,
1458 2483 1500 2513 et
1519 2487 1596 2513 nos
1626 2471 1825 2513 salviores
1849 2473 1991 2525 simus,
2016 2485 2058 2516 et

216 2554 230 2568 «
269 2535 362 2574 Deo
381 2532 519 2589 potius
535 2532 626 2590 ipso
649 2533 994 2586 adminiculante,
1016 2536 1180 2593 placere
1195 2553 1447 2579 mereamur.
1467 2537 1628 2577 Scimus
1646 2537 1760 2578 enim
1776 2553 1841 2579 res
1861 2538 2057 2580 Ecclesiae

215 2617 231 2631 κ
269 2598 361 2638 Deo
383 2611 470 2637 esse
488 2608 693 2651 sacratas,
717 2598 870 2640 scimus
888 2616 957 2641 eas
980 2615 1068 2641 esse
1088 2600 1327 2643 oblationes
1347 2617 1496 2643 omnes
1518 2600 1724 2653 fidelium,
1752 2613 1794 2642 et
1811 2602 1944 2660 pretia
1960 2618 2058 2661 pec-

217 2683 234 2697 «
272 2671 491 2714 catorum,
525 2673 785 2720 quapropter
808 2665 842 2704 si
863 2665 954 2720 quis
977 2679 1045 2704 eas
1076 2665 1129 2705 ab
1153 2665 1371 2715 Ecclesiis,
1409 2666 1562 2723 quibus
1594 2681 1617 2706 a
1645 2665 1839 2708 fidelibus
1871 2667 2054 2720 collatae,

218 2747 234 2762 a
270 2726 447 2781 Deoque
478 2737 648 2766 sacratae
677 2738 788 2778 sunt,
824 2728 977 2776 aufert,
1006 2729 1157 2785 procul
1187 2729 1318 2770 dubio
1345 2731 1608 2788 sacrilegium
1635 2731 1887 2786 committit3
1919 2747 2056 2774 caecus

218 2811 235 2826 «
273 2789 388 2831 enim
407 2800 482 2842 est,
507 2791 578 2846 qui
595 2789 670 2831 ista
690 2807 777 2831 11011
793 2791 923 2833 videt.
947 2792 1143 2849 Quisquis
1165 2808 1266 2851 ergo
1286 2805 1476 2836 nostrum
1500 2811 1593 2837 suas
1611 2811 1675 2837 res
1692 2796 1888 2838 Ecclesiae
1907 2796 2051 2848 tradit,

217 2874 235 2890 «
272 2853 458 2894 Domino
479 2855 571 2895 Deo
586 2854 675 2896 illas
695 2854 835 2910 offert,
857 2869 982 2914 atque
998 2856 1180 2909 dedicat,
1201 2860 1368 2916 suisque
1387 2861 1538 2902 sanctis
1552 2872 1594 2902 et
1616 2878 1703 2903 non
1722 2862 1856 2913 alteri,
1872 2861 2054 2904 dicendo

221 2941 238 2955 «
273 2919 372 2959 talia
395 2929 436 2959 et
462 2919 626 2977 agendo
650 2920 708 2960 ita
731 2935 740 2961 :
773 2921 871 2962 facit
901 2922 1016 2962 enim
1038 2923 1287 2979 scripturam
1323 2923 1375 2965 de
1403 2925 1501 2982 ipsis
1538 2926 1678 2979 rebus,
1712 2943 1815 2984 quas
1838 2928 1930 2968 Deo
1954 2926 2054 2968 dare

219 3003 236 3018 «
274 2982 501 3035 desiderat,
532 2994 574 3024 et
595 2983 727 3042 ipsam
754 2986 1001 3043 scripturam
1025 3002 1169 3027 coram
1189 2986 1331 3038 altari,
1359 3000 1430 3029 aut
1452 3005 1578 3048 supra
1604 3002 1722 3034 tenet
1743 2993 1789 3033 in
1811 3008 1956 3044 manu,
1984 2990 2052 3033 di-

263 3132 296 3164 1.
316 3129 434 3162 Habit.
459 3141 542 3163 ann.
562 3131 645 3171 638,
666 3142 744 3165 can.
768 3133 824 3173 15,
844 3130 882 3164 in
902 3133 1036 3167 collect.
1055 3133 1188 3176 Labbe,
1207 3141 1293 3168 tom.
1312 3135 1378 3180 VI,
1399 3147 1478 3182 pag.
1503 3139 1591 3173 1497
1610 3145 1642 3171 et
1658 3139 1764 3174 1502.

262 3179 297 3210 2.
326 3176 536 3222 Capitular.,
553 3184 640 3210 tom.
657 3178 688 3220 I,
708 3190 788 3224 pag.
811 3182 893 3214 405.
