2135 3442
180 190 255 225 :500
672 186 862 221 LETTRE
891 186 1231 232 APOSTOLIQUE
1260 187 1325 221 DF,
1358 187 1433 221 PIE
1462 187 1532 222 IX.

179 274 388 316 rissimam
426 271 637 313 Dominici
674 272 811 330 gregis
852 283 1018 330 partem
1052 273 1373 330 prosequimur,
1407 273 1613 314 Nostrum
1655 272 1940 317 sollicitabant
1975 287 2016 317 et

179 340 392 397 angebant
405 338 595 378 animum
618 347 682 378 tot
704 337 793 378 aliis
811 353 1004 396 pressum.
1025 339 1241 396 angustiis,
1266 339 1354 388 ubi,
1381 349 1552 396 accepto
1574 340 1798 380 memorati
1818 342 2015 382 Conven-

180 416 245 446 tus
272 404 440 451 nuntio,
466 419 533 444 res
560 418 682 460 supra
711 402 919 460 expositas
947 401 1021 442 tibi
1045 402 1343 459 significandas
1373 404 1626 445 curavimus.
1659 404 1887 460 Postquam
1915 420 2016 446 vero

177 486 254 527 per
275 468 573 510 brevissimum
598 468 796 508 nuntium
827 467 879 508 ad
905 467 993 508 Nos
1021 467 1201 508 relatum
1231 467 1326 520 suit,
1354 479 1411 519 te,
1444 468 1709 509 Venerabilis
1744 470 1906 519 Frater,
1938 469 2018 511 hu-

173 536 290 591 jusce
316 535 558 575 Conventus
587 542 810 573 auctorum
844 532 1043 589 precibus
1073 545 1330 574 annuentem
1362 533 1559 575 tribuisse
1579 533 1746 575 veniam
1773 533 2017 575 celebrandi

177 599 376 642 eumdem
396 600 680 646 Conventnm,
707 612 753 637 ac
790 612 956 637 sacrum
987 596 1165 637 solemni
1186 598 1269 639 ritu
1296 598 1524 657 peregisse,
1550 610 1593 647 et
1618 599 1948 640 consultationes
1972 599 2016 640 in

177 664 329 706 eodem
357 665 579 704 Conventu
610 665 730 718 juxta
758 660 977 702 catholicae
999 661 1196 703 Ecclesiae
1221 663 1458 705 doctrinam
1484 664 1652 705 habitas
1674 663 1820 715 fuisse,
1842 675 1883 704 et
1905 675 2017 722 post-

177 745 304 787 quam
338 727 466 786 ipsius
490 728 732 768 Conventus
754 725 830 766 viri
856 740 932 783 per
951 726 1149 767 eumdem
1179 729 1374 769 nuntium
1396 728 1686 786 Apostolicam
1707 728 1908 769 Nostram
1930 729 2015 769 im-

175 795 449 853 ploraverunt
480 791 841 842 Benedictionem,
862 790 979 831 nulla
1009 792 1259 850 interposita
1291 809 1427 843 mora,
1458 793 1537 851 piis
1566 793 1738 834 illorum
1761 792 1866 833 votis
1890 793 2014 834 obse-

175 858 467 902 cundavimus.
513 858 686 897 Summa
719 871 819 896 vero
859 854 1070 896 anxietate
1100 867 1193 897 tuas
1232 859 1561 915 expectabamus
1597 857 1789 907 Litteras,
1822 868 1868 898 ut
1900 873 1923 898 a
1954 869 2010 908 te,

174 922 440 966 Venerabilis
462 923 620 971 Frater,
651 919 959 961 accuratissime
989 936 1164 962 noscere
1183 937 1405 979 possemus
1433 939 1481 964 ea
1508 922 1668 971 omnia,
1695 938 1786 979 qnae
1808 921 1862 962 ad
1891 937 2013 963 eum-

174 990 272 1032 dem
293 991 561 1031 Conventum
582 986 730 1043 quovis
755 984 884 1026 modo
904 997 1077 1043 possent
1099 986 1325 1044 pertinere.
1350 988 1474 1029 Nunc
1494 999 1636 1029 autem
1659 1003 1755 1028 cum
1780 1003 1802 1027 a
1832 997 1872 1028 te
1903 1002 2016 1028 acce-

172 1055 372 1113 perimus,
394 1069 487 1110 quae
503 1050 608 1092 scire
628 1050 693 1091 vel
711 1051 892 1091 maxime
910 1050 1199 1109 cupiebamus,
1221 1068 1268 1093 ea
1290 1067 1362 1110 spe
1387 1052 1561 1094 nitimur
1580 1052 1683 1103 fore,
1705 1063 1750 1093 ut
1769 1052 2014 1107 hujusmodi

173 1121 406 1178 negotium,
436 1115 801 1174 quemadmodum
827 1116 989 1167 asseris,
1018 1118 1110 1158 Deo
1138 1116 1382 1168 auxiliante,
1413 1117 1456 1158 in
1487 1119 1693 1174 majorem
1726 1115 1938 1158 catholicae
1970 1116 2014 1158 in

173 1184 400 1228 Germania
417 1182 611 1223 Ecclesiae
635 1180 859 1222 utilitatem
879 1180 1016 1222 cedat.
1038 1181 1248 1238 Equidem
1272 1198 1368 1224 cum
1389 1198 1538 1224 omnes
1561 1182 1746 1238 ejusdem
1768 1182 2013 1222 Conventus

172 1251 266 1303 viri,
291 1248 417 1290 veluti
437 1246 603 1296 scribis,
627 1245 896 1296 asseruerim,
921 1244 1195 1287 scientiarum
1215 1263 1505 1306 progressum,
1533 1258 1575 1288 et
1604 1246 1769 1287 felicem
1790 1245 1948 1287 exitum
1970 1247 2013 1287 in

174 1313 411 1357 devitandis
435 1328 484 1353 ac
511 1310 745 1352 refutandis
772 1309 1018 1351 miserrimae
1046 1323 1199 1352 nostrae
1229 1311 1362 1353 aetatis
1386 1313 1601 1354 erroribus
1633 1310 1808 1352 omnino
1828 1310 2014 1368 pendere

172 1381 226 1421 ab
256 1379 403 1420 intima
433 1392 532 1435 erga
553 1375 749 1416 veritates
777 1375 982 1417 revelatas
1005 1376 1263 1428 adhaesione,
1293 1394 1395 1435 quas
1424 1377 1630 1419 catholica
1655 1376 1780 1417 docet
1811 1374 2010 1425 Ecclesia,

172 1446 249 1503 ipsi
277 1453 505 1492 noverunt,
531 1457 579 1482 ac
603 1440 783 1498 professi
812 1451 911 1481 sunt
940 1439 1057 1481 illam
1077 1441 1311 1493 veritatem,
1336 1458 1464 1500 quam
1484 1443 1573 1482 veri
1606 1438 1802 1482 catholici
1833 1438 2015 1480 scientiis

173 1507 415 1552 excolendis
443 1519 482 1547 et
513 1505 758 1548 evolvendis
793 1505 923 1546 dediti
951 1521 1117 1564 semper
1152 1518 1338 1557 tenuere,
1370 1523 1418 1548 ac
1450 1506 1729 1548 tradiderunt.
1764 1507 1904 1562 Atque
1937 1505 2014 1545 hac

171 1574 346 1617 veritate
370 1572 502 1613 innixi
526 1581 757 1629 potuerunt
780 1570 859 1628 ipsi
881 1569 1107 1627 sapientes,
1131 1587 1178 1612 ac
1197 1573 1285 1612 veri
1307 1571 1502 1613 catholici
1522 1570 1597 1612 viri
1629 1569 1822 1611 scientias
1843 1568 2013 1610 easdem

171 1650 262 1681 tuto
281 1637 491 1687 excolere,
516 1636 760 1692 explanare,
788 1650 941 1690 easque
960 1635 1083 1676 utiles
1104 1648 1321 1693 certasque
1342 1637 1538 1678 reddere.
1561 1635 1689 1689 Quod
1706 1635 1879 1692 quidem
1899 1634 2010 1675 obti-

172 1705 260 1746 neri
284 1719 372 1743 non
393 1712 548 1759 potest,
570 1701 601 1741 si
620 1701 815 1740 humanae
836 1699 1009 1740 rationis
1032 1700 1177 1741 lumen
1194 1701 1346 1751 finibus
1366 1701 1730 1758 circumscriptum
1750 1715 1818 1740 eas
1839 1714 2010 1756 quoque

170 1770 369 1812 veritates
410 1764 722 1824 investigando,
751 1780 854 1821 quas
892 1764 1072 1822 propriis
1093 1765 1252 1806 viribus
1284 1777 1325 1807 et
1359 1765 1629 1807 facultatibus
1664 1765 1826 1821 assequi
1852 1774 2006 1821 potest,

170 1850 259 1875 non
279 1843 499 1874 veneretur
525 1831 725 1879 maxime,
751 1840 795 1870 ut
821 1845 899 1886 par
928 1839 1005 1881 est,
1031 1828 1252 1870 infallibile
1278 1841 1319 1872 et
1344 1831 1577 1872 increatum
1608 1828 1747 1870 Divini
1776 1827 2011 1869 intellectus

170 1899 330 1948 lumen,
357 1896 473 1954 quod
493 1896 536 1935 in
560 1894 788 1936 christiana
809 1892 1065 1935 revelatione
1090 1894 1280 1952 undique
1302 1895 1476 1936 mirifice
1498 1895 1650 1936 elucet.
1675 1893 1877 1947 Quamvis
1898 1892 2011 1933 enim

169 1964 383 2006 naturales
419 1961 499 2002 illae
532 1959 766 2018 disciplinae
802 1957 888 1999 suis
919 1958 1103 2016 propriis
1138 1961 1301 2001 ratione
1332 1960 1512 2017 coguitis
1551 1957 1766 2017 principiis
1801 1958 2006 2008 nitantur,

169 2027 365 2071 catholici
387 2038 527 2067 tamen
552 2040 698 2066 earum
721 2023 903 2065 cultores
924 2023 1110 2065 divinam
1129 2025 1434 2066 revelationem
1454 2025 1582 2066 veluti
1602 2023 1819 2065 rectricem
1846 2022 2010 2064 stellam

169 2110 254 2151 prae
273 2091 403 2134 oculis
414 2091 602 2132 habeant
623 2100 807 2147 oportet,
824 2105 906 2146 qua
926 2089 1182 2146 przelucente
1198 2089 1277 2130 sibi
1296 2107 1317 2131 a
1339 2090 1524 2148 syrtibus
1538 2101 1579 2131 et
1590 2088 1804 2131 erroribus
1814 2098 2004 2138 caveant,

171 2158 244 2199 ubi
268 2157 311 2198 in
341 2156 426 2198 suis
456 2153 867 2211 investigationibus,
899 2165 940 2194 et
972 2153 1402 2196 commentationibus
1433 2154 1784 2204 animadvertant,
1812 2169 1936 2211 posse
1964 2169 2008 2194 se

171 2222 253 2263 illis
273 2219 442 2270 adduci,
463 2231 510 2260 ut
529 2218 754 2276 saepissime
779 2218 945 2269 accidit,
971 2218 1024 2260 ad
1051 2235 1096 2260 ea
1121 2218 1392 2277 proferenda,
1417 2236 1511 2277 quae
1531 2220 1626 2278 plus
1646 2219 1836 2261 minusve
1858 2219 2008 2260 adver-

169 2298 314 2328 sentur
331 2284 543 2325 infallibili
565 2299 707 2325 rerum
722 2282 904 2334 veritati,
917 2299 1008 2340 quae
1029 2299 1053 2324 a
1070 2285 1159 2324 Deo
1182 2285 1380 2325 revelatae
1398 2284 1531 2326 fuere.
1548 2284 1656 2325 Hinc
1682 2283 1867 2325 dubitari
1886 2284 2008 2325 nolu-

171 2367 280 2401 mus,
316 2350 418 2406 qnin
460 2348 591 2406 ipsius
626 2350 868 2389 Conventus
906 2347 983 2389 viri
1018 2361 1398 2391 commemoratam
1434 2349 1657 2391 veritatem
1696 2361 1930 2399 noscentes,
1960 2364 2007 2389 ac

169 2415 416 2474 profitentes
456 2431 539 2455 uuo
578 2414 816 2470 eodemque
850 2424 1041 2472 tempore
1078 2414 1205 2471 plane
1246 2415 1421 2471 rejicere
1458 2431 1504 2456 ac
1536 2414 1765 2472 reprobare
1797 2413 2006 2455 voluerint

169 2492 384 2523 recentem
402 2479 517 2520 illam
542 2495 589 2521 ae
606 2489 910 2537 praeposteram
929 2478 1264 2537 philosophandi
1283 2479 1510 2530 rationem,
1525 2495 1616 2536 quse
1639 2478 1800 2520 etiamsi
1822 2478 2006 2519 divinam

169 2545 469 2587 revelationem
489 2543 617 2584 veluti
632 2543 880 2585 historicum
904 2543 1061 2585 factum
1080 2544 1289 2596 admittat,
1313 2558 1454 2586 tamen
1478 2543 1715 2585 ineffabiles
1734 2543 1928 2585 veritates
1950 2544 2003 2584 ab

169 2612 256 2668 ipsa
274 2608 412 2650 divina
432 2608 684 2649 revelatione
699 2608 937 2667 propositas
962 2609 1156 2650 humanae
1177 2609 1353 2651 rationis
1370 2608 1766 2667 investigationibus
1784 2607 2000 2667 supponit,

169 2674 345 2733 perinde
377 2689 423 2714 ac
458 2673 490 2713 si
531 2672 612 2713 illae
636 2674 829 2715 veritates
853 2674 1006 2715 rationi
1031 2675 1228 2730 subjectae
1258 2686 1409 2725 essent,
1435 2675 1502 2717 vel
1535 2675 1644 2715 ratio
1672 2673 1754 2715 suis
1779 2674 1940 2715 viribus
1964 2685 2005 2715 et

168 2737 382 2796 principiis
415 2748 557 2795 posset
591 2738 792 2795 consequi
820 2738 1143 2798 intelligentiam
1173 2752 1214 2782 et
1249 2740 1467 2782 scientiam
1497 2740 1688 2782 omnium
1721 2755 2003 2797 supernarum

170 2803 439 2845 sanctissimae
460 2801 558 2842 fidei
582 2814 734 2843 nostrae
755 2805 994 2854 veritatum,
1019 2815 1060 2846 et
1084 2805 1401 2862 mysteriorum,
1426 2822 1518 2863 quae
1542 2805 1598 2846 ita
1625 2820 1749 2861 supra
1774 2805 2002 2845 humanam

168 2870 378 2909 rationem
401 2877 513 2916 sunt,
536 2877 582 2907 ut
606 2866 695 2908 haec
724 2884 938 2924 nunquam
960 2869 1069 2910 effici
1091 2871 1223 2927 possit
1247 2871 1402 2912 idonea
1426 2871 1479 2911 ad
1503 2870 1573 2911 illa
1594 2869 1677 2910 suis
1698 2867 1870 2920 viribus,
1890 2880 1932 2910 et
1953 2885 2003 2909 ex

172 2931 433 2973 naturalibus
449 2931 533 2973 suis
550 2931 766 2989 principiis
785 2933 1072 2991 intelligenda,
1095 2946 1165 2976 aut
1183 2936 1531 2977 demonstranda,

228 3029 428 3084 Ejusdem
460 3045 560 3071 vero
590 3031 832 3071 Conventus
868 3032 977 3072 viros
1008 3032 1160 3074 debitis
1190 3033 1488 3091 prosequimur
1524 3033 1737 3083 laudibus,
1771 3043 1998 3090 propterea

170 3094 286 3150 quod
326 3094 578 3149 rejicientes,
611 3095 672 3136 uti
712 3094 1014 3149 existimamus,
1056 3098 1203 3138 falsam
1242 3098 1352 3140 inter
1390 3098 1695 3156 philosophum
1736 3109 1778 3139 et
1811 3096 1996 3154 philoso-

169 3157 313 3215 phiam
352 3159 688 3208 dictinctionem,
719 3159 771 3200 de
801 3175 882 3215 qua
924 3159 967 3200 in
1005 3160 1094 3201 aliis
1123 3162 1287 3203 Nostris
1313 3161 1480 3203 Litteris
1510 3163 1563 3203 ad
1599 3174 1640 3204 te
1670 3161 1832 3219 scriptis
1869 3157 1995 3201 locuti

168 3238 330 3273 sumuS,
371 3236 601 3277 noverunt,
633 3235 674 3265 et
713 3235 999 3274 asseruerunt,
1039 3240 1185 3267 omnes
1227 3226 1455 3268 catholicos
1502 3226 1543 3267 in
1581 3226 1712 3267 doctis
1756 3223 1840 3266 suis
1877 3238 1996 3264 com-
