2135 3442
167 135 242 172 358
781 134 1094 171 ALLOCUTION
1122 135 1189 170 DE
1216 134 1293 169 PIE
1319 134 1392 171 lx.

166 221 293 277 plane
317 231 593 262 contemnens
617 220 732 262 haud
761 220 1054 263 reformidavit
1082 231 1461 262 commemoratam
1484 236 1653 278 quoque
1681 222 1834 280 legem,
1869 225 2009 267 verbis

166 284 278 335 licet,
303 296 344 326 et
378 285 515 342 specie
553 285 735 343 quadam
767 287 1051 338 immutatam,
1088 286 1162 327 sed
1191 301 1235 327 re
1267 296 1424 335 tamen,
1459 285 1543 327 fine
1573 302 1620 327 ac
1653 286 1801 344 spiritu
1833 303 2008 345 prorsus

167 349 362 391 eamdem
384 351 636 408 approbare,
659 352 838 402 sancire,
857 362 897 391 ct
916 351 1200 408 promulgare.
1228 350 1439 407 Equidem
1462 350 1772 408 gravissimum,
1794 352 2006 395 molestis-

167 414 406 471 simumque
424 416 558 457 Nobis
578 427 656 467 est,
676 415 951 457 Venerabiles
969 415 1152 469 Fratres,
1174 415 1330 457 debere
1351 416 1404 456 ab
1424 431 1471 456 ea
1487 415 1812 457 mansuetudine
1833 432 1882 458 ac
1901 417 2010 459 leni-

166 489 270 530 tate,
297 496 423 537 quam
449 496 472 520 a
503 491 655 521 natura
686 479 775 537 ipsa
808 479 1037 530 hausimus,
1060 479 1355 538 expressimus,
1381 491 1508 537 atque
1527 479 1579 520 ab
1603 492 1761 521 aeterno
1785 481 2011 523 Pastorum

166 544 360 602 Principe
385 544 624 593 didicimus,
654 555 696 584 et
724 559 853 600 quam
879 543 1037 585 idcirco
1066 544 1279 586 constanti
1302 545 1519 586 voluntate
1549 560 1715 602 semper
1733 545 2010 588 libentissime

167 609 442 660 exercuimus,
470 608 707 659 deflectere,
733 625 781 650 ac
800 608 1033 650 severitatis
1051 621 1207 667 partes,
1226 626 1248 651 a
1271 610 1423 667 quibus
1445 620 1645 667 paternus
1666 610 1822 651 Noster
1843 609 2010 652 animus

166 674 230 715 vel
255 674 438 715 maxime
462 675 678 726 abhorret,
702 673 924 731 suscipere.
949 674 1148 716 Attamen
1171 690 1267 716 cum
1288 674 1522 724 videmnus,
1548 690 1721 714 omnem
1739 690 1902 726 curam,
1930 675 2011 716 sol-

166 738 447 789 licitudinem,
466 738 835 797 longanimitatem
858 749 898 779 et
918 737 1168 795 patientiam
1185 756 1262 797 pro
1282 739 1530 797 reparandis
1554 738 1637 780 illic
1660 739 1858 781 Ecclesiae
1877 739 2011 781 ruinis

169 818 192 844 a
220 803 355 845 Nobis
385 819 456 845 sex
486 815 528 845 et
558 802 738 860 amplius
768 802 924 844 abhinc
961 818 1095 844 annos
1132 804 1367 845 adhibitam
1402 804 1506 844 nihil
1536 803 1734 854 valuisse,
1765 804 2011 861 nullamque

169 867 373 925 affulgere
396 884 512 926 spem
533 867 637 919 sore,
655 877 701 907 ut
721 877 937 907 tantorum
958 882 1136 908 ausuum
1158 879 1349 909 auctores
1370 868 1502 909 velint
1520 868 1834 909 hortationibus
1855 868 2012 910 dociles

170 933 359 989 praebere
379 949 512 983 aures,
540 930 889 988 quandoquidem
914 930 990 989 ipsi
1006 932 1174 973 Nostris
1192 932 1363 973 monitis
1383 933 1560 973 omnino
1587 932 1797 990 despectis
1818 949 1904 975 non
1919 948 2010 974 ces-

172 1007 268 1038 sant
286 997 460 1053 injurias
478 995 638 1050 injuriis
659 995 890 1047 cumulare,
917 1007 958 1036 et
979 995 1123 1037 omnia
1144 996 1303 1047 conari,
1321 1007 1368 1038 ut
1387 996 1430 1038 in
1449 997 1681 1055 Subalpino
1699 999 1847 1055 Regno
1861 997 2014 1039 Eccle-

172 1061 291 1113 siam,
320 1064 494 1118 ejusque
522 1071 796 1118 potestatem,
820 1061 931 1115 jura,
953 1060 1193 1102 libertatem
1213 1061 1476 1119 opprimant,
1508 1077 1555 1103 ac
1580 1061 1771 1103 funditus
1803 1073 2008 1114 evertant,

171 1126 364 1184 cogimur
383 1126 426 1166 in
446 1125 539 1166 illos
562 1123 840 1166 ecclesiastica
864 1126 1084 1166 severitate
1102 1125 1180 1175 uti,
1203 1141 1256 1166 ne
1282 1124 1422 1166 officio
1441 1126 1598 1167 Nostro
1622 1126 1782 1177 deesse,
1807 1137 1849 1168 et
1867 1126 2014 1168 Eccle-

172 1191 240 1232 siae
261 1207 431 1233 causam
454 1190 649 1232 deserere
665 1189 899 1232 videamur.
924 1191 1066 1247 Atque
1086 1190 1165 1231 hac
1194 1190 1344 1248 agendi
1363 1191 1544 1243 ratione,
1566 1190 1698 1232 veluti
1717 1191 1853 1249 probe
1881 1190 2009 1241 scitis,

170 1255 402 1297 illustribus
427 1256 680 1296 inhaeremus
709 1254 914 1311 exemplis
937 1265 1002 1295 tot
1031 1256 1324 1296 Romanorum
1349 1255 1605 1296 Pontificum
1627 1256 1908 1296 Decessorum
1923 1255 2014 1297 No-

171 1331 372 1374 strorum,
397 1321 469 1378 qui
487 1321 707 1362 sanctitate
728 1336 775 1361 ac
796 1319 991 1361 doctrina
1007 1320 1190 1378 insignes
1209 1336 1298 1361 non
1322 1320 1572 1361 dubitarunt
1591 1320 1838 1377 degeneres,
1858 1330 2014 1361 contu-

170 1400 394 1442 macesque
417 1385 612 1426 Ecclesiae
638 1384 762 1440 filios,
789 1386 963 1442 ejusque
986 1385 1145 1440 jurium
1169 1385 1406 1443 pertinaces
1431 1384 1657 1427 violatores
1677 1396 1718 1426 et
1744 1394 2016 1443 usurpatores

172 1449 219 1490 iis
239 1450 372 1508 poenis
389 1450 587 1508 plectere,
603 1466 696 1507 quae
716 1466 739 1491 a
759 1449 885 1492 saeris
900 1450 1143 1492 Canonibus
1166 1462 1313 1492 eontra
1329 1451 1537 1507 ejusmodi
1559 1450 1786 1492 criminum
1805 1465 1902 1492 reos
1919 1460 2016 1492 sunt

172 1526 425 1556 constitutae.

230 1690 521 1743 Quamobrem
540 1689 582 1730 in
609 1690 692 1730 hoc
717 1689 975 1747 amplissimo
999 1701 1141 1731 vestro
1162 1700 1374 1731 conventu
1395 1690 1689 1748 Apostolicam
1710 1690 1912 1732 Nostram
1934 1689 2015 1731 ite-

176 1771 272 1796 rum
300 1754 513 1796 efferimus
531 1771 696 1805 vocem,
722 1771 768 1796 ac
789 1766 875 1795 tam
901 1756 1170 1796 enunciatam
1192 1756 1346 1813 legem,
1376 1771 1503 1812 quam
1528 1755 1604 1796 alia
1630 1754 1772 1795 omnia
1793 1765 1835 1796 et
1853 1754 2017 1813 singula

173 1821 282 1860 faeta
300 1831 340 1861 et
357 1820 526 1862 decreta
547 1836 569 1860 a
584 1819 816 1878 Subalpino
838 1820 1057 1861 Gubernio
1079 1819 1122 1860 in
1147 1819 1376 1877 religionis,
1402 1819 1610 1869 Ecclesise,
1638 1835 1685 1860 ae
1702 1820 1865 1860 Nostrae
1883 1830 1926 1860 et
1941 1819 2018 1860 hu-

171 1887 237 1941 jus
263 1886 422 1926 Sancta*
449 1885 569 1926 Sedis
597 1884 856 1926 auctoritatis
877 1896 919 1925 et
939 1885 1097 1940 jurium
1123 1884 1422 1925 detrimentum
1453 1883 1581 1935 edita,
1604 1883 1656 1924 de
1680 1883 1834 1939 quibus
1862 1884 1954 1925 t'um
1974 1883 2017 1924 in

173 1951 328 1992 Nostra
347 1949 616 1991 Allocutione
644 1949 711 1990 die
730 1948 929 2007 vigesimo
958 1949 1144 1990 secundo
1165 1950 1184 1989 J
1189 1948 1353 1989 anuarii
1376 1947 1579 1989 vertentis
1610 1947 1711 1989 anni
1739 1948 1903 1999 habita,
1925 1959 2019 1990 tum

173 2015 216 2057 in
240 2016 318 2056 hac
347 2014 544 2072 praesenti
570 2014 763 2055 dolenter
786 2014 951 2071 loquuti
982 2030 1142 2065 sumus,
1176 2013 1317 2055 denuo
1344 2014 1637 2071 reprobamus,
1663 2011 2013 2064 condemnamus,

177 2095 224 2120 ac
240 2079 355 2120 nulla
380 2095 554 2135 prorsus
576 2090 617 2120 et
635 2078 751 2119 irrita
773 2079 1054 2120 decernimus.

234 2144 440 2184 Praeterea
461 2159 558 2184 cum
580 2142 819 2184 incredibili
844 2143 972 2183 animi
989 2142 1133 2184 Nostri
1153 2157 1336 2184 moerore
1360 2141 1551 2200 cogimur
1575 2141 1804 2193 declarare,
1826 2157 1899 2183 eos
1921 2157 2018 2183 om-

174 2223 266 2258 nes,
293 2207 365 2264 qui
393 2209 437 2248 in
469 2207 700 2265 Subalpino
730 2209 879 2264 Regno
907 2207 1104 2265 praedicta
1135 2207 1304 2248 decreta
1339 2218 1381 2247 et
1407 2207 1542 2265 legem
1573 2218 1720 2247 contra
1751 2206 1945 2248 Ecclesiae
1977 2217 2020 2248 et

173 2272 298 2328 hujus
330 2272 491 2312 Sanctae
517 2272 635 2313 Sedis
663 2274 757 2327 jura
791 2287 1050 2329 proponere,
1079 2273 1278 2330 probare,
1304 2270 1464 2312 sancire
1495 2286 1580 2311 non
1610 2270 1908 2323 extimuerunt,
1939 2285 2019 2313 nec

178 2352 266 2376 non
286 2336 453 2376 illorum
474 2336 740 2386 mandantes,
766 2334 970 2389 fautores,
993 2336 1274 2387 consultores,
1303 2335 1577 2384 adhaerentes,
1600 2346 1865 2376 exsecutores
1886 2336 2019 2391 majo-

177 2416 266 2440 rem
298 2400 796 2453 excommunicationem,
832 2401 1019 2458 aliasque
1047 2416 1244 2442 censuras
1274 2410 1315 2440 et
1342 2415 1487 2457 poenas
1514 2399 1814 2441 ecclesiasticas
1847 2416 1870 2440 a
1892 2399 2019 2441 sacris

177 2465 438 2519 Canonibus,
460 2465 711 2523 Apostolicis
728 2465 1130 2516 Constitutionibus,
1157 2476 1197 2505 et
1216 2463 1477 2522 generalium
1501 2463 1808 2514 Conciliorum,
1831 2463 2016 2505 Triden-

178 2529 255 2570 tini
272 2529 505 2587 prsescrtim
536 2531 650 2586 (sess.
678 2536 748 2580 22,
775 2546 868 2588 cap.
897 2531 966 2588 11)
994 2529 1173 2571 decretis
1194 2527 1371 2570 inflictas
1390 2527 1629 2570 incurrisse.
1651 2528 1741 2570 Etsi
1764 2545 1864 2570 vero
1882 2527 2016 2569 inevi-

178 2594 295 2636 tabili
325 2595 512 2635 muneris
532 2593 677 2635 Nostri
704 2594 910 2652 implendi
934 2595 1184 2636 necessitate
1209 2591 1415 2650 compulsi
1433 2593 1723 2650 Apostolicam
1740 2594 2018 2635 adhibeamus

178 2658 460 2709 severitatem,
486 2669 628 2699 tamen
650 2660 784 2716 probe
810 2660 1040 2706 noscimus,
1067 2670 1194 2715 atque
1218 2655 1504 2709 meminimus,
1528 2657 1645 2699 Illius
1664 2658 1865 2699 vicariam
1887 2657 1955 2699 hic
1974 2657 2018 2698 in

179 2723 298 2765 terris
344 2724 432 2764 Nos
469 2723 566 2763 licet
602 2722 837 2764 immeritos
867 2739 1010 2780 gerere
1040 2738 1230 2781 operam,
1259 2721 1330 2778 qui
1357 2737 1453 2762 cum
1474 2722 1606 2763 iratus
1635 2722 1760 2764 fuerit
1783 2721 2020 2764 misericor-

179 2789 254 2830 diae
277 2787 541 2829 recordatur.
571 2787 779 2840 Quocirca
818 2788 1003 2829 levantes
1033 2788 1177 2829 oculos
1205 2787 1384 2827 Nostros
1413 2787 1468 2827 ad
1500 2787 1737 2828 Dominum
1770 2789 1906 2829 Deum
1938 2802 2017 2827 no-

183 2865 331 2905 strum,
353 2853 407 2893 ab
436 2854 535 2909 Ipso
563 2852 795 2901 humiliter,
829 2853 1035 2910 enixeque
1067 2867 1291 2910 exposcere
1313 2868 1401 2892 nou
1429 2851 1684 2903 desistimus,
1715 2864 1762 2893 ut
1791 2852 2020 2910 degeneres

181 2916 375 2958 Ecclesiae
395 2932 477 2957 sua*
501 2928 650 2957 sancta*
671 2916 778 2957 filios
799 2919 1000 2975 cujusque
1021 2916 1200 2967 ordinis,
1226 2916 1395 2974 gradus,
1424 2928 1465 2957 et
1482 2916 1738 2958 conditionis
1757 2929 1849 2958 tum
1871 2916 2013 2966 laicos,

182 2994 272 3023 tum
291 2981 474 3023 Clericos
503 2997 620 3022 sacro
645 2981 772 3022 etiam
793 2982 1032 3023 charactere
1056 2981 1292 3038 insignitos,
1313 2997 1494 3038 quorum
1512 2993 1649 3023 errata
1670 2997 1899 3040 numquam
1918 2979 2016 3021 satis

181 3046 313 3104 lugeri
340 3058 530 3104 possunt,
557 3046 732 3087 coelestis
762 3062 871 3086 saure
903 3048 1045 3103 gratis(-
1074 3045 1232 3087 lumine
1260 3046 1488 3097 illustrare,
1514 3047 1694 3104 illosque
1725 3047 1779 3088 ad
1805 3044 2017 3087 saniorem

181 3122 367 3153 mentem
389 3111 590 3153 reducere
613 3111 728 3161 velit,
753 3126 848 3151 eum
870 3111 975 3151 nibil
1000 3110 1117 3152 cordi
1137 3111 1296 3152 Nostro
1318 3111 1499 3168 gracius,
1519 3112 1624 3152 nihil
1643 3110 1883 3169 optabilius,
1909 3106 2016 3149 nihil

177 3176 403 3230 jncunditas
430 3192 520 3218 esse
542 3176 686 3234 possit,
717 3191 842 3232 quam
867 3186 914 3216 ut
935 3186 1122 3217 errantes
1143 3175 1406 3233 resipiscant,
1428 3192 1476 3217 ac
1491 3176 1667 3217 redeant
1684 3175 1734 3215 ad
1761 3190 1849 3215 cor.
1866 3173 2016 3229 Neque
