2135 3442
722 240 887 275 XXVIII
919 238 1219 275 SEPTEMBRIS
1245 236 1494 275 MDCCCLX.

1034 367 1175 375 -—

533 432 653 556 Ssss
700 485 1012 552 DOMINI
1057 485 1374 554 NOSTRI
1420 485 1544 553 PII
1591 487 1682 553 IX

920 645 1294 696 ALLOGUTIO

440 797 485 823 IN
533 794 800 822 CONSISTORIO
847 793 1029 819 SECRETO
1075 790 1124 819 28
1167 794 1417 822 SEPTEMBRIS
1467 791 1571 823 1860
1618 795 1775 821 HABITA

862 926 910 966 V
907 926 1141 967 enerabiles
1161 927 1354 981 Fratres,

245 1048 389 1090 Novos
417 1056 458 1087 et
488 1055 586 1086 ante
619 1045 732 1086 hunc
765 1043 880 1085 diem
911 1043 1125 1086 inauditos
1157 1060 1283 1086 ausus
1315 1060 1339 1085 a
1363 1045 1597 1103 Subalpino
1630 1044 1850 1088 Guberni'o
1879 1056 2027 1089 contra

190 1114 294 1163 Nos,
322 1112 432 1152 hanc
467 1109 757 1168 Apostolicam
784 1109 954 1159 Sedem,
995 1120 1037 1151 et
1074 1109 1336 1151 Catholicam
1371 1110 1603 1152 Ecclesiam
1646 1111 1853 1153 admissos
1883 1111 2025 1154 denuo

184 1193 282 1220 cum
311 1175 553 1218 incredibili
576 1175 706 1216 animi
725 1174 871 1217 Nostri
893 1174 1041 1216 dolore
1063 1175 1128 1217 vel
1147 1190 1329 1217 moerore
1348 1174 1491 1233 potius
1512 1176 1737 1234 deplorare
1757 1193 1804 1218 ac
1825 1176 2026 1219 detestari

180 1242 388 1301 cogimur,
408 1240 683 1282 Venerabiles
704 1242 887 1282 Fratres,
911 1242 1072 1297 Ipsum,
1093 1239 1153 1281 uti
1174 1239 1326 1291 nostis,
1342 1240 1609 1282 Gubernium
1630 1241 1806 1283 victoria
1825 1243 2022 1296 abutens,

180 1324 309 1366 quam
328 1306 538 1348 bellicosa*
566 1322 731 1364 magnae
760 1305 948 1347 nationis
972 1305 1123 1364 opibus
1154 1305 1347 1362 adjutum
1369 1322 1420 1346 ex
1439 1305 1730 1348 funestissimo
1746 1306 1860 1348 bello
1880 1322 2027 1365 repor-

175 1373 295 1424 tavit,
329 1389 451 1415 suum
483 1388 562 1430 per
592 1371 761 1413 Italiam
791 1387 973 1429 regnum
998 1382 1143 1412 contra
1165 1371 1309 1413 onmia
1339 1371 1479 1413 divina
1499 1383 1541 1414 et
1557 1372 1745 1412 humana
1760 1372 1856 1427 jura
1876 1383 2026 1413 exten-

174 1439 294 1490 dens,
328 1437 498 1496 populis
523 1436 577 1478 ad
610 1436 892 1478 rebellionem
925 1436 1130 1487 excitatis,
1163 1436 1449 1495 legitimisque
1479 1436 1749 1494 Principibus
1776 1453 1826 1478 ex
1849 1436 2028 1495 propria

177 1502 469 1545 dominatione
488 1518 564 1560 per
584 1518 796 1543 summam
829 1501 1081 1557 injustitiam
1104 1501 1304 1560 expulsis,
1335 1501 1497 1559 aliquot
1520 1501 1753 1543 Pontificiae
1781 1502 1947 1544 Nostrae
1979 1501 2025 1544 in

175 1568 347 1612 AEmilia
379 1567 554 1610 ditionis
581 1567 823 1625 provincias
850 1566 1125 1622 injustissimo
1159 1583 1206 1609 ac
1228 1583 1405 1625 prorsus
1442 1565 1644 1624 sacrilego
1678 1582 1782 1608 ausu
1810 1565 1964 1607 invasit
1982 1577 2026 1609 et

175 1632 408 1691 usurpavit.
429 1634 543 1674 Dum
574 1643 716 1673 autem
757 1632 974 1673 universus
995 1631 1238 1673 Catholicus
1263 1632 1391 1673 Orbis
1417 1631 1661 1688 justissimis
1681 1630 2024 1688 gravissimisque

175 1698 342 1740 Nostris
375 1696 640 1755 respondens
674 1695 861 1754 querelis
882 1707 1030 1737 contra
1059 1696 1169 1737 hanc
1195 1695 1370 1754 impiam
1400 1695 1723 1753 usurpationem
1748 1696 2023 1738 vehementer

185 1764 368 1805 clamare
389 1779 477 1803 non
497 1762 666 1812 desinit,
692 1761 807 1803 idem
827 1760 1095 1803 Gubernium
1115 1761 1217 1802 alias
1237 1761 1363 1817 hujus
1389 1762 1551 1802 Sanctae
1582 1760 1701 1802 Sedis
1720 1760 1961 1818 provincias
1978 1760 2023 1802 in

179 1828 352 1879 Piceno,
371 1827 567 1877 Umbria,
590 1838 632 1868 et
656 1825 919 1868 Patrimonio
946 1825 1044 1867 sitas
1064 1826 1145 1867 sibi
1166 1825 1380 1867 vindicare
1405 1825 1639 1867 constituit.
1664 1826 1721 1865 At
1747 1841 1841 1866 cum
1861 1824 2023 1867 videret

176 1908 322 1934 earum
345 1891 663 1950 provinciarum
683 1891 863 1949 populos
893 1891 1010 1931 omni
1040 1890 1201 1948 perfrui
1230 1890 1553 1948 tranquillitate,
1580 1905 1737 1946 eosque
1764 1889 1902 1932 Nobis
1918 1889 2025 1933 fide,-

176 1956 271 1998 liter
295 1957 511 1997 adhaerere
530 1971 609 1997 nec
628 1971 754 2013 posse
771 1955 962 2014 pecuniis
980 1956 1152 2013 largiter
1170 1955 1372 2013 profusis,
1393 1955 1570 2011 aliisque
1590 1954 1799 2012 improbis
1819 1955 2022 1998 adhibitis

178 2021 286 2063 dolis
305 2037 328 2062 a
355 2021 544 2079 legitimo
570 2022 746 2071 Nostro,
780 2032 821 2062 et
854 2021 978 2076 hujus
1003 2022 1166 2061 Sanctae
1195 2019 1315 2062 Sedis
1344 2019 1455 2061 civili
1484 2019 1663 2078 imperio
1698 2019 1872 2061 alienari
1889 2036 1936 2062 ac
1951 2020 2019 2062 di-

176 2086 290 2137 velli,
316 2085 468 2127 iccirco
489 2086 530 2126 in
552 2086 663 2143 ipsas
689 2085 930 2143 provincias
955 2085 1134 2126 immisit
1158 2096 1249 2126 tum
1272 2084 1541 2142 perditorum
1572 2084 1798 2126 hominum
1827 2100 2016 2141 manum,

179 2151 250 2209 qui
278 2152 425 2192 turbas
450 2150 788 2207 seditionemque
806 2150 865 2191 ibi
885 2150 1134 2201 excitarent,
1162 2161 1254 2192 tum
1281 2149 1500 2207 ingentem
1522 2165 1645 2190 suum
1666 2149 1911 2199 exercitum,
1947 2149 2019 2208 qui

180 2216 351 2260 easdem
364 2216 606 2273 provincias
624 2215 767 2258 hostili
784 2214 961 2272 impetu,
985 2230 1288 2272 armorumque
1311 2214 1351 2256 vi
1375 2213 1614 2270 subjiceret.

237 2280 409 2339 Optime
429 2281 589 2332 Nostis,
622 2280 900 2322 venerabiles
930 2281 1114 2330 Fratres,
1139 2279 1411 2337 impudentes
1441 2278 1603 2320 litteras
1627 2294 1649 2319 a
1673 2278 1908 2340 Subalpipo
1928 2279 2018 2321 Gu-

180 2345 332 2389 bernio
356 2345 406 2386 ad
438 2362 560 2386 suum
594 2345 801 2387 tuendum
829 2343 1103 2386 latrocinium
1129 2345 1288 2386 Nostro
1319 2343 1530 2385 Cardinali
1561 2359 1583 2383 a
1618 2341 1799 2401 publicis
1838 2344 2020 2402 negotiis

180 2410 373 2468 scriptas,
409 2410 561 2467 quibus
594 2410 709 2451 haud
730 2409 901 2452 erubuit
918 2410 1131 2461 nuntiare,
1154 2425 1197 2451 se
1218 2409 1302 2452 suis
1323 2407 1454 2466 copiis
1474 2408 1517 2449 in
1538 2408 1749 2450 mandatis
1769 2408 1948 2460 dedisse,
1974 2421 2020 2452 ut

184 2486 539 2517 commemoratas
565 2476 741 2517 Nostras
771 2473 1009 2533 provincias
1031 2485 1290 2533 occuparent
1319 2473 1398 2515 nisi
1427 2473 1745 2515 dimitterentur
1775 2474 1907 2515 exteri
1936 2474 2019 2516 ho-

180 2540 319 2583 mines
337 2539 539 2597 adscripti
558 2556 689 2598 parvo
719 2541 878 2582 Nostro
904 2539 1122 2590 exercitui,
1148 2539 1221 2596 qui
1242 2537 1490 2595 ceteroquin
1505 2538 1557 2579 ad
1580 2538 1812 2580 Pontificiae
1827 2538 2015 2592 ditionis,

177 2607 352 2661 ejusque
363 2604 621 2662 populorum
651 2604 1001 2662 tranquillitatem
1022 2603 1275 2645 servandam
1292 2603 1430 2645 fuerat
1461 2604 1708 2645 instructus.
1744 2604 1834 2645 Nec
1850 2603 2020 2661 ignora-

181 2671 250 2722 tis,
279 2686 301 2711 a
320 2669 561 2727 Subalpinis
581 2669 712 2728 copiis
734 2669 905 2711 easdem
921 2668 1158 2728 provincias
1175 2668 1268 2726 ipso
1289 2667 1376 2709 fere
1406 2678 1598 2725 tempore
1616 2668 1743 2710 fuisse
1775 2679 2015 2726 occupatas,

183 2750 268 2793 quo
294 2733 374 2774 illae
405 2732 555 2774 litterae
588 2733 918 2791 accipiebantur.
945 2733 1155 2790 Equidem
1182 2748 1310 2775 nemo
1343 2749 1430 2774 non
1459 2744 1601 2790 potest
1639 2749 1729 2775 non
1758 2749 2019 2792 magnopere

182 2797 456 2848 commoveri,
479 2809 520 2839 et
541 2813 705 2839 summa
729 2798 835 2840 affici
864 2798 1157 2857 indignatione
1187 2809 1391 2855 reputans
1426 2799 1654 2840 mendaces
1684 2797 2015 2850 criminationes,

182 2864 401 2921 variasque
445 2862 677 2904 calumnias
712 2874 753 2904 et
783 2863 1072 2914 contumelias,
1106 2862 1260 2920 quibus
1291 2862 1405 2904 idem
1440 2862 1708 2905 Gubernium
1745 2862 1860 2904 haud
1887 2861 2020 2920 pudet

184 2927 427 2985 hujusmodi
457 2943 574 2969 suam
594 2927 794 2968 hostilem
826 2928 1084 2985 impiamque
1103 2938 1254 2968 contra
1274 2926 1440 2969 civilem
1460 2930 1663 2969 Romame
1683 2925 2016 2984 Ecclesiae-prin-

185 2993 370 3052 cipatum
391 2993 703 3050 aggressionem
722 3002 879 3048 tegere,
902 2994 1190 3049 Nostrumque
1208 2992 1475 3034 Gubernium
1495 2992 1713 3050 impetere.
1736 2991 1890 3049 Ecquis
1903 2989 2017 3032 enim

186 3075 275 3101 non
293 3073 563 3116 summopere
583 3057 760 3098 miretur
780 3056 973 3110 audiens,
989 3058 1193 3098 Nostrum
1213 3057 1471 3115 reprehendi
1486 3056 1767 3109 Gubernium,
1787 3065 2014 3114 propterea

183 3123 298 3180 quod
327 3124 485 3166 Nostro
517 3121 718 3164 exercitui
747 3121 909 3162 externi
941 3121 1136 3163 homines
1166 3121 1324 3163 suerint
1359 3121 1573 3179 adscripti,
1608 3137 1704 3163 cum
1736 3133 1884 3161 omnes
1913 3132 2014 3160 nos-

184 3199 284 3230 cant
314 3187 420 3230 nulli
456 3188 646 3246 legitimo
670 3185 888 3229 Gubernio
922 3185 1121 3244 denegari
1143 3202 1333 3244 unquam
1360 3202 1485 3244 possc
1507 3187 1575 3241 jus
1605 3182 1833 3242 cooptandi
1854 3181 1897 3224 in
1919 3197 2014 3225 suas

2127 3222 2135 3317 ,ι

2124 3317 2135 3442 3
