2135 3442
214 218 291 254 482
719 215 904 251 LETTRE
931 214 1249 260 ENCYCLIQUE
1279 214 1343 249 DE
1371 214 1450 249 PIE
1479 214 1550 251 tx.

219 324 238 339 «
275 303 308 345 si
329 302 540 344 mundum
569 301 815 343 universum
839 301 1040 351 lucretur,
1064 300 1214 342 animae
1239 316 1339 342 vero
1362 316 1445 342 suae
1466 299 1771 342 detrimentum
1791 300 2007 358 patiatur?
2040 324 2056 338 »

216 378 257 409 et
287 367 430 409 animo
453 366 602 408 sedulo
625 377 825 424 reputent
844 381 937 422 quae
963 365 1194 423 Apostolus
1214 365 1369 407 Paulus
1390 365 1516 407 docet
1548 383 1557 405 z
1591 386 1608 402 «
1634 365 1719 418 Qui
1743 365 1890 407 volunt
1910 365 2062 408 divites

220 454 235 469 «
274 432 389 483 fieri,
426 431 620 473 incidunt
648 431 693 472 in
724 430 1008 473 tentationem
1032 441 1075 471 et
1104 430 1155 473 in
1181 431 1381 488 laqueum
1413 429 1597 479 diaboli,
1627 441 1669 472 et
1694 430 1908 472 desideria
1928 430 2061 472 multa

219 520 236 535 «
274 497 455 550 inutilia,
491 508 534 538 et
563 496 731 546 nociva,
764 511 856 553 quae
888 506 1085 552 mergunt
1122 496 1317 537 homines
1348 495 1392 536 in
1427 495 1646 536 interitum
1683 507 1725 537 et
1754 495 2058 553 perditionem.

221 583 239 599 «
275 561 413 604 Radix
441 561 556 603 enim
585 561 778 602 omnium
814 559 1027 601 malorum
1061 571 1124 601 est
1156 561 1381 619 cupiditas,
1419 575 1549 617 quam
1582 559 1756 617 quidem
1793 572 2058 619 appetentes,

219 649 238 664 «
275 638 520 670 erraverunt
538 643 560 667 a
580 626 677 677 fide,
703 636 744 667 et
762 625 1034 666 inseruerunt
1056 640 1100 666 se
1125 625 1346 667 doloribus
1364 625 1526 667 multis.
1559 646 1575 661 ν»

276 715 489 772 Equidem
509 714 708 756 homines
732 715 851 769 juxta
871 712 1092 771 propriam
1120 729 1168 754 ac
1192 713 1401 755 diversam
1423 715 1626 770 cujusque
1655 705 1949 755 conditionem
1977 714 2063 756 suis

216 779 436 821 laboribus
465 778 700 821 necessaria
731 777 825 819 vitae
851 776 1048 835 praesidia
1080 777 1161 819 sibi
1191 793 1437 836 comparare
1468 778 1626 820 debent
1651 793 1724 820 seu
1751 777 1794 819 in
1820 777 1989 829 litteris,
2015 794 2063 821 ac

215 843 402 886 scientiis
421 843 678 893 excolendis,
704 857 779 884 seu
807 842 852 884 in
876 842 1039 883 artibus
1065 853 1156 884 tum
1183 842 1394 900 ingenuis,
1418 854 1507 884 tum
1530 842 1777 901 vulgaribus
1796 844 2059 895 exercendis,

216 926 287 952 seu
315 909 358 950 in
385 908 580 967 publicis,
613 907 874 965 privatisque
909 906 1159 948 muneribus
1188 907 1415 958 obeundis,
1453 923 1526 949 seu
1556 908 1600 949 in
1636 924 1780 949 rerum
1804 909 2061 950 commercio

216 973 441 1027 habendo3
459 973 529 1014 sed
551 972 728 1014 omnino
745 982 932 1030 oportet,
952 983 998 1013 ut
1017 971 1161 1013 omnia
1182 987 1278 1013 cum
1298 972 1537 1025 honestate,
1551 972 1731 1029 justitia,
1757 973 2000 1032 integritate
2021 985 2063 1015 et

215 1039 390 1082 caritate
426 1049 568 1096 agant,
597 1049 636 1079 et
668 1039 804 1079 Deum
838 1053 926 1096 prae
960 1037 1093 1080 oculis
1130 1053 1297 1096 semper
1316 1038 1518 1090 habeant,
1551 1040 1725 1096 ejusque
1757 1039 1975 1090 mandata,
2014 1054 2061 1080 ac

216 1115 424 1164 praecepta
449 1102 773 1161 diligentissime
794 1103 1036 1144 observent.

273 1189 365 1228 Jam
391 1202 493 1227 vero
519 1185 788 1227 dissimulare
820 1201 910 1226 non
938 1200 1182 1242 possumus,
1217 1185 1491 1227 acerbissimo
1515 1186 1606 1227 Nos
1633 1185 1731 1242 angi
1758 1184 1929 1236 dolore,
1962 1201 2059 1227 cum

214 1253 256 1293 in
278 1252 398 1293 Italia
415 1251 613 1292 nonnulli
634 1267 685 1292 ex
706 1262 888 1309 utroque
907 1251 1031 1292 Clero
1053 1250 1323 1308 reperiantur
1343 1250 1439 1302 viri,
1479 1250 1551 1308 qui
1576 1250 1683 1292 adeo
1707 1262 1862 1292 sanctae
1881 1267 1966 1293 suae
1986 1268 2060 1293 vo-

214 1317 392 1359 cationis
421 1328 519 1358 sunt
553 1316 702 1367 obliti,
736 1327 783 1358 ut
808 1316 985 1359 minime
1017 1318 1273 1359 erubescant
1304 1316 1545 1358 exitialibus
1575 1315 1702 1357 etiam
1735 1316 1900 1373 scriptis
1932 1316 2058 1358 falsas

213 1382 490 1424 disseminare
520 1381 749 1432 doctrinas,
789 1398 837 1423 ac
862 1381 1123 1440 populorum
1156 1381 1322 1423 animos
1352 1392 1501 1422 contra
1528 1381 1631 1430 Nos,
1671 1392 1712 1421 et
1738 1380 1849 1422 hanc
1869 1382 2055 1439 Aposto-

211 1447 335 1489 licam
372 1447 527 1489 Sedem
553 1446 749 1497 excitare,
785 1462 832 1488 ac
859 1446 1024 1487 civilem
1056 1447 1261 1488 Nostrum
1290 1457 1332 1486 et
1358 1445 1489 1503 ipsius
1510 1445 1629 1486 Sedis
1660 1445 1947 1503 principatum
1977 1462 2057 1504 op-

210 1528 417 1570 pugnare,
441 1523 482 1552 et
515 1510 787 1568 nequissimis
808 1512 1024 1553 catholicae
1044 1511 1258 1562 Ecclesiae,
1285 1510 1560 1568 ejusdemque
1586 1509 1707 1552 Sedis
1724 1510 1919 1552 hostibus
1941 1511 2057 1552 omni

210 1592 341 1635 opera
369 1576 597 1633 studioque
618 1576 892 1634 impudenter
917 1577 1073 1619 favere.
1107 1576 1191 1630 Qui
1219 1575 1489 1618 ecclesiastici
1516 1574 1593 1617 viri
1617 1591 1640 1616 a
1661 1575 1743 1616 suis
1763 1575 2054 1627 Antistitibus,

211 1654 252 1684 et
283 1659 305 1683 a
340 1641 492 1692 Nobis,
528 1652 653 1698 atque
690 1642 743 1682 ab
767 1642 848 1683 hac
872 1642 1025 1682 Sancta
1055 1641 1161 1682 Sede
1190 1640 1488 1691 desciscentes,
1516 1652 1558 1682 et
1581 1638 1799 1696 Subalpini
1830 1640 2053 1686 Gubernii,

209 1708 385 1764 ejusque
419 1705 746 1763 Magistratuum
782 1705 949 1757 favore,
988 1717 1030 1747 et
1067 1705 1222 1747 auxilio
1260 1704 1372 1755 freti,
1413 1720 1463 1746 eo
1490 1703 1741 1745 temeritatis
1772 1703 2053 1751 devenerunt,

210 1783 280 1820 ut,
327 1769 618 1812 ecclesiasticis
661 1770 850 1812 censuris
900 1782 941 1812 et
979 1770 1115 1828 poenis
1154 1771 1280 1828 plane
1319 1770 1492 1827 spretis,
1537 1768 1714 1810 minime
1753 1769 2052 1820 extimuerint,

209 1835 415 1893 quasdam
453 1834 632 1876 omnino
666 1834 975 1892 improbandas
1012 1835 1243 1877 Societates
1277 1834 1379 1875 (lm
1383 1850 1470 1875 160
1476 1834 1674 1884 liberali,
1710 1835 1766 1874 Da·
1800 1844 1939 1875 mutuo
1969 1851 2060 1876 sw-

209 1917 345 1950 corso,
373 1901 721 1970 Etoezczrzcipcztiice
754 1900 826 1940 del
860 1899 986 1941 Clero
1014 1900 1204 1940 Italiam
1240 1898 1366 1955 xiilgo
1405 1899 1650 1969 appellatas,
1691 1897 1877 1969 aliasque
1905 1899 2057 1940 eodem

207 1981 339 2024 pravo
382 1962 532 2022 spiritu
579 1964 787 2006 animatas
834 1965 1093 2006 constituere
1114 1997 1124 2015 ,
1176 1975 1218 2005 et
1259 1963 1454 2020 quamvis
1492 1979 1515 2005 a
1561 1962 1747 2033 propriis
1786 1963 2058 2005 Antistitibus

208 2030 362 2071 merito
397 2028 616 2070 interdicti
641 2045 665 2070 a
699 2044 819 2071 sacro
841 2028 1081 2070 ministerio
1114 2028 1333 2078 obeundo,
1373 2039 1517 2069 tamen
1554 2027 1730 2069 minime
1755 2040 1910 2086 pavent
1933 2028 2052 2076 illud,

206 2094 336 2136 veluti
368 2093 537 2144 intrusi,
569 2093 613 2134 in
647 2093 843 2151 pluribus
876 2094 1046 2152 templis
1073 2108 1300 2151 perperam
1340 2104 1382 2134 et
1425 2092 1574 2134 illicite
1607 2107 1815 2136 exercere.
1855 2096 2056 2151 Quapr00

208 2172 303 2219 pter
334 2170 375 2200 et
396 2169 752 2200 commemoratas
773 2158 1046 2200 detestandas
1063 2158 1305 2211 societates,
1331 2168 1372 2199 et
1392 2157 1636 2215 improbam
1657 2158 1906 2200 eorumdem
1928 2159 2058 2200 eccle-

208 2224 476 2267 siasticorum
497 2223 722 2265 hominum
749 2223 902 2281 agendi
928 2223 1139 2265 rationem
1169 2224 1467 2280 reprobamus,
1503 2223 1770 2264 damnamus.
1810 2225 1953 2280 Atque
1983 2239 2056 2266 eo-

209 2290 307 2332 dem
339 2300 531 2347 tempore
562 2289 642 2330 hos
670 2288 860 2331 infelices
885 2288 1190 2330 ecclesiasticos
1215 2288 1328 2329 viros
1355 2287 1485 2329 etiam
1511 2300 1637 2345 atque
1656 2287 1784 2328 etiam
1810 2304 2051 2339 monemus,

210 2355 448 2404 hortamur,
486 2366 531 2395 ut
563 2353 831 2412 resipiscant,
865 2365 908 2395 et
940 2354 1116 2395 redeant
1153 2354 1207 2395 ad
1237 2369 1327 2404 cor,
1362 2353 1626 2412 propriaeque
1662 2352 1785 2394 saluti
1815 2354 2052 2404 consulant,

211 2419 321 2461 serio
342 2418 674 2470 considerantes,
691 2419 808 2476 quod
831 2441 848 2455 «
869 2419 1035 2460 nullum
1051 2420 1104 2460 ab
1120 2419 1211 2460 aliis
1232 2418 1368 2476 inagis
1389 2417 1696 2476 praejudicium‚
1717 2433 1846 2474 quam
1862 2434 1885 2460 a
1906 2420 2056 2461 Sacer-

216 2507 232 2521 «
271 2483 443 2526 dotibus
468 2484 619 2525 tolerat
639 2486 768 2534 Deus,
808 2483 982 2540 quando
1005 2500 1093 2533 θος,
1130 2499 1236 2541 quos
1263 2484 1317 2525 ad
1347 2483 1528 2524 aliorum
1559 2483 1869 2524 correctionem
1897 2484 2053 2539 posuit,

217 2569 234 2589 «ι
272 2550 374 2591 dare
394 2549 447 2590 de
467 2564 510 2590 se
533 2548 724 2606 exempla
744 2548 963 2606 pravitatis
983 2548 1133 2598 cernit,
1164 2570 1180 2584 ›>
1210 2564 1258 2589 ac
1278 2548 1506 2605 diligenter
1526 2547 1795 2598 meditantes,
1821 2548 2055 2590 districtam

213 2626 310 2656 ante
335 2613 522 2654 tribunal
550 2613 707 2654 Christi
729 2614 945 2655 rationem
973 2613 1205 2671 aliquando
1230 2629 1322 2655 esse
1343 2612 1624 2654 reddendam.
1651 2612 1772 2654 Faxit
1795 2614 1922 2663 Deus,
1946 2625 1992 2654 ut
2012 2614 2055 2655 hi

213 2679 356 2721 miseri
389 2677 658 2719 ecclesiastici
691 2679 885 2720 homines
920 2678 1108 2736 paternis
1144 2679 1311 2720 Nostris
1343 2678 1517 2719 monitis
1549 2679 1893 2735 obtemperantes
1925 2679 2057 2720 veiint

211 2743 347 2787 Nobis
367 2758 461 2784 eam
483 2742 686 2784 adhibere
709 2744 1064 2793 consolationem,
1091 2759 1217 2800 quam
1253 2742 1386 2784 Nobis
1407 2742 1591 2783 affterunt
1613 2743 1673 2784 illi
1704 2742 1924 2800 utriusque
1946 2743 2056 2785 Cleri

213 2809 307 2859 viri,
336 2808 406 2865 qui
439 2807 592 2848 misere
614 2806 795 2864 decepti,
825 2819 865 2848 et
891 2808 935 2848 in
960 2823 1150 2849 errorem
1172 2807 1351 2855 inducti,
1377 2807 1430 2848 ad
1454 2823 1533 2848 nos
1559 2807 1604 2848 in
1631 2807 1818 2865 singulos
1839 2807 1928 2849 dies
1953 2824 2054 2849 con-

214 2873 380 2931 fugiunt
396 2872 663 2930 poenitenteS,
688 2887 735 2913 ac
756 2872 931 2930 supplici
954 2888 1078 2930 prece
1098 2873 1225 2914 errati
1247 2872 1432 2923 veniam,
1448 2883 1490 2913 et
1508 2888 1531 2913 a
1552 2872 1741 2914 censuris
1762 2872 2055 2915 ecclesiasticis

214 2937 528 2980 absolutionem
548 2935 764 2977 humiliter
794 2936 1000 2993 enixeque
1020 2938 1315 2996 implorantes.

273 3020 443 3077 Optime
465 3029 606 3060 autem
632 3018 820 3064 noscitis,
855 3018 996 3060 dilecti
1023 3020 1116 3061 Filii
1147 3020 1291 3061 Nostri
1317 3036 1363 3062 ac
1397 3020 1673 3062 venerabiles
1702 3020 1886 3071 Fratres,
1925 3019 2053 3077 impia

214 3084 353 3126 onmis
386 3084 552 3142 generis
587 3083 741 3142 scripta
776 3099 798 3125 e
839 3084 1025 3125 tenebris
1058 3085 1224 3136 emissa,
1261 3101 1309 3127 ac
1341 3085 1465 3135 dolis,
1494 3085 1741 3134 mendaciis,
1772 3083 1991 3126 calumniis
2011 3093 2054 3124 et

212 3149 488 3207 blasphemiis
507 3149 646 3207 plena,
673 3160 714 3190 et
735 3148 902 3190 scholas
926 3149 1171 3190 acatholicis
1190 3149 1404 3207 magistris
1426 3150 1617 3200 traditas,
1640 3161 1682 3190 et
1708 3149 1864 3206 templa
1884 3147 2054 3188 acatho-

209 3212 293 3254 lico
326 3213 457 3254 cultui
483 3213 712 3265 destinata,
751 3229 798 3255 ac
828 3213 1081 3270 multiplices
1101 3214 1202 3255 alias
1231 3214 1462 3255 diabolicas
1485 3230 1585 3255 sane
1611 3213 1801 3267 insidias,
1825 3223 1952 3262 artes,
1977 3227 2051 3253 co-

213 3289 337 3318 natus
360 3278 514 3334 quihus
542 3279 620 3319 Dei
647 3278 955 3334 hominumque
976 3277 1149 3318 hostes
1141 3294 1182 3317 in
1204 3278 1356 3318 misera
1380 3277 1497 3318 Italia
1518 3262 1771 3319 catholicam
1798 3276 2046 3325 Ecclesiam,
