2135 3442
107 154 183 192 118
612 154 802 190 LETTRE
831 152 1145 199 ENCYCLIQIE
1174 155 1239 189 DE
1269 155 1347 188 PIE·
1377 154 1460 189 VII.

108 251 150 283 et
172 252 363 282 accurate
384 241 469 298 egit
497 240 568 281 fel.
598 256 683 282 rec.
720 239 1003 298 praedeeessor
1026 240 1182 281 Noster
1198 240 1392 280 Clemens
1424 240 1525 280 XIII
1553 240 1596 279 in
1617 240 1700 281 suis
1721 242 1958 297 apostolicis

107 306 276 347 Litteris
307 306 351 345 in
388 304 526 346 forma
556 304 696 345 Brevis
728 304 783 345 ad
815 320 888 346 vos
917 303 985 345 die
1019 308 1089 345 25.
1126 320 1226 344 nov.
1251 319 1350 345 ann.
1384 307 1496 345 1766
1531 303 1655 345 datis.
1695 305 1843 362 Neque
1864 307 1958 349 illos

107 370 238 412 modo
270 369 400 411 libros
420 370 734 427 extorquendos
767 370 819 411 de
839 370 1061 410 hominum
1084 370 1300 422 manibus,
1325 369 1529 410 delendos
1555 369 1739 427 penitus,
1771 381 1813 411 et
1835 386 1955 413 com-

107 434 328 476 burendos
353 434 545 483 dicimus,
576 434 727 492 quibus
755 446 896 493 aperte
920 434 1111 475 doctrina
1140 434 1295 474 Christi
1319 445 1614 492 oppugnatur3
1640 433 1714 475 sed
1739 435 1882 486 etiam,
1911 452 1958 477 ac

108 500 243 540 multo
259 500 394 556 magis
411 500 601 541 omnium
625 513 720 541 sunt
743 511 920 550 mentes,
948 511 1072 555 atque
1087 498 1198 540 oculi
1222 499 1275 539 ab
1296 499 1345 539 iis
1363 498 1636 556 prohibendi,
1661 499 1735 555 qui
1756 499 1960 542 occultius

109 563 234 615 illud,
278 575 402 622 atque
431 580 481 605 ex
518 565 678 606 insidiis
712 565 886 606 faciunt.
922 563 990 604 Ad
1022 579 1127 620 quos
1167 564 1516 606 internoscendos
1557 585 1572 600 «
1602 575 1780 605 tractatu
1808 563 1955 622 longo,

116 649 132 665 n
160 639 206 670 ut
231 629 464 687 Cyprianus
484 630 619 686 inquit
638 630 705 687 (de
729 636 833 670 unit.
861 628 1099 682 Ecclesiae),
1126 638 1167 668 et
1187 627 1445 685 argumentis
1473 645 1577 687 opus
1616 645 1704 670 non
1740 639 1831 670 est:
1853 644 1958 686 pro·

116 713 131 729 a
161 694 277 734 batio
303 704 364 734 est
388 694 442 735 ad
462 693 591 735 fidem
621 693 751 734 facilis
775 692 1030 751 compendio
1053 691 1236 733 veritatis
1263 708 1272 734 ι
1302 713 1319 728 »
1347 692 1533 750 loquitur
1561 693 1769 735 Dominus
1798 693 1854 734 ad
1875 693 1959 735 Pe-

110 768 221 799 trum
238 773 247 799 ε
263 778 278 792 «
296 758 425 799 Pasce
437 774 536 800 oves
552 773 684 800 meas.
701 779 718 793 »
735 758 784 799 Id
799 758 943 816 pabuli
953 773 1054 815 ergo
1072 773 1204 814 genus
1217 773 1316 799 oves
1327 758 1479 799 Christi
1496 758 1676 800 salutare
1693 759 1772 799 sibi
1784 757 1955 810 ducere,

109 822 155 863 id
178 823 397 880 amplecti,
423 838 473 864 eo
497 839 540 865 se
569 824 680 865 alere
712 824 884 874 debent,
915 839 999 880 quo
1022 823 1134 864 Petri
1160 822 1252 864 illas
1273 839 1371 873 vox,
1399 834 1440 865 et
1467 825 1693 865 auctoritas
1712 822 1955 873 immiserit3

109 886 224 928 unde
246 902 346 928 vero
366 887 454 930 haec
475 900 637 941 avocet,
657 904 705 930 ac
722 888 949 939 deterreat,
969 888 1014 929 id
1028 887 1204 929 noxium
1218 888 1360 946 plane,
1383 903 1430 929 ac
1440 888 1685 946 pestiferum
1702 887 1954 938 existimare,

110 952 165 992 ab
186 967 237 992 eo
260 952 629 995 vehementissime
658 954 907 1004 abhorrere,
935 969 1012 995 nec
1036 953 1151 994 nulla
1171 954 1264 1011 capi
1279 954 1429 1010 specie,
1450 955 1718 1012 pervertique
1742 953 1956 995 illecebra.

110 1016 194 1068 Qui
216 1032 304 1057 non
328 1017 385 1057 ita
407 1033 448 1058 se
486 1018 720 1075 morigeros
743 1019 972 1075 praebeant,
1002 1017 1046 1058 in
1070 1019 1219 1059 ovibus
1249 1018 1401 1059 Christi
1435 1029 1547 1060 certe
1582 1018 1833 1059 numerandi
1871 1033 1959 1058 non

109 1091 218 1121 sunt.
243 1082 337 1133 Qua
356 1083 399 1121 in
419 1098 557 1135 causa,
578 1083 853 1124 Venerabilcs
870 1084 1048 1131 Fratres,
1073 1099 1159 1123 non
1180 1098 1400 1140 possumus
1426 1084 1667 1133 connivere,
1696 1099 1775 1124 nec
1799 1094 1954 1131 tacere,

110 1160 188 1186 nec
218 1147 428 1187 remissius
459 1162 582 1204 agere
610 1162 618 1188 z
645 1147 722 1188 nisi
741 1149 855 1188 enim
878 1148 966 1188 haec
991 1158 1108 1188 tanta
1139 1147 1372 1205 cogitandi,
1396 1148 1615 1204 loquendi,
1645 1147 1871 1197 scribendi,
1897 1146 1961 1188 le-

111 1209 321 1267 gendique
345 1211 511 1252 licentia
535 1223 782 1253 coerceatur
797 1224 838 1254 et
858 1213 1127 1269 reprimatur,
1146 1212 1228 1253 hoc
1250 1212 1380 1263 malo,
1411 1228 1496 1270 quo
1518 1212 1663 1254 tandiu
1687 1211 1955 1260 afflictamur,

111 1274 283 1315 relevati
300 1276 505 1333 tantisper
521 1276 764 1318 videbimur
773 1276 1178 1335 sapientissimorum
1191 1310 1201 1330 ,
1215 1289 1257 1318 et
1278 1276 1607 1320 fortissimorum
1619 1277 1787 1335 regum,
1814 1287 1857 1318 et
1876 1277 1958 1318 du-

110 1353 206 1378 cum
234 1339 430 1391 consilio,
458 1351 499 1382 et
527 1342 657 1399 copiis
688 1360 696 1382 :
724 1352 801 1391 ast,
834 1343 921 1398 ejus
947 1343 1094 1400 stirpe,
1121 1353 1164 1384 et
1188 1343 1347 1384 semine
1375 1358 1463 1384 non
1487 1342 1671 1392 sublato,
1700 1353 1742 1383 et
1775 1342 1961 1383 extincto

109 1402 402 1459 (perhorresco
430 1405 625 1462 equidem
672 1406 827 1456 dicere,
865 1422 1013 1448 verum
1045 1419 1108 1448 est
1140 1407 1402 1464 dicendum),
1442 1418 1583 1464 serpet
1614 1406 1721 1448 illud
1744 1405 1882 1456 latius,
1919 1415 1963 1447 et

113 1467 400 1519 roborabitur,
424 1472 656 1528 orbemque
680 1483 888 1513 terrarum
905 1484 1042 1514 totum
1066 1473 1386 1529 complectetur,
1415 1488 1494 1514 nec
1511 1472 1548 1513 ei
1566 1471 1744 1529 posthac
1758 1469 1958 1519 delendo,

110 1543 182 1573 aut
215 1534 504 1591 propulsando
522 1535 732 1578 *militum
775 1536 979 1594 legiones,
1017 1537 1223 1587 excubiae,
1266 1538 1433 1596 vigiliae,
1472 1537 1732 1578 munitiones
1771 1536 1959 1585 urbium,

110 1599 429 1655 propugnacula
452 1600 727 1658 imperiorum
750 1601 974 1643 sufficient.

169 1661 308 1714 Quem
326 1663 545 1717 Nostrum,
571 1666 842 1708 Venerabiles
875 1668 1065 1720 Fratres,
1089 1683 1176 1708 non
1193 1677 1364 1709 moveat
1383 1677 1425 1708 et
1447 1668 1601 1707 excitet
1618 1665 1734 1723 quod
1759 1680 1838 1722 per
1854 1665 1960 1706 Eze-

111 1725 291 1767 chielem
321 1739 462 1769 vatem
490 1731 604 1771 Deus
636 1732 759 1772 nobis
794 1731 949 1773 edicit¹
981 1748 991 1773 :
1030 1753 1047 1768 «
1081 1732 1160 1772 Fili
1198 1732 1404 1783 hominis,
1446 1731 1754 1788 speculatorem
1786 1729 1885 1771 dedi
1921 1740 1960 1770 te

115 1809 132 1825 «
162 1790 308 1832 domui
330 1793 457 1834 Israel
479 1809 488 1834 z
516 1805 557 1835 et
585 1795 729 1836 audies
754 1795 806 1836 de
841 1811 914 1836 ore
943 1811 1041 1836 meo
1063 1796 1258 1845 verbum,
1285 1807 1327 1836 et
1347 1794 1620 1837 annuntiabis
1643 1795 1701 1836 eis
1733 1810 1784 1834 ex
1813 1809 1897 1835 me.
1919 1792 1963 1833 Si

117 1874 133 1889 «
162 1854 327 1898 dicente
365 1873 434 1899 me
470 1859 523 1900 ad
563 1860 742 1917 impium
771 1877 780 1900 z
817 1861 956 1902 Morte
993 1860 1206 1911 morieris,
1244 1875 1334 1900 non
1369 1857 1685 1900 annuntiaveris
1720 1858 1833 1907 ei...,
1874 1857 1964 1914 ipse

117 1940 135 1955 «
161 1920 314 1978 impius
342 1922 386 1962 in
409 1921 630 1980 iniquitate
655 1940 727 1966 sua
752 1925 986 1967 morietur:
1014 1925 1263 1983 sanguinem
1293 1935 1435 1965 autem
1459 1924 1545 1978 ejus
1569 1922 1622 1963 de
1646 1937 1778 1963 manu
1798 1932 1870 1962 tua
1892 1937 1962 1963 re-

118 2004 133 2019 «
162 1986 343 2041 quiram.
374 2007 392 2023 »
420 1988 520 2028 Haec
542 2004 612 2030 me
634 1990 855 2039 sententia,
881 1990 1031 2042 fateor,
1061 1989 1163 2039 dies,
1187 1999 1418 2046 noctesque
1439 1986 1695 2035 exstimulat,
1724 2001 1774 2028 ac
1793 1986 1963 2043 pungit,

112 2063 192 2090 nec
211 2051 409 2107 patietur,
445 2067 634 2109 unquam
666 2053 709 2094 in
734 2070 830 2096 meo
863 2053 1082 2112 fungendo
1110 2070 1285 2095 munere
1312 2053 1492 2094 inertem
1518 2067 1621 2102 esse,
1659 2066 1707 2092 ac
1735 2050 1960 2101 timidum3

114 2113 318 2170 vobisque
354 2131 424 2157 me
444 2132 532 2158 non
562 2118 690 2160 modo
725 2119 977 2174 adjutorem,
1010 2130 1052 2160 et
1082 2119 1292 2160 fautorem
1326 2133 1507 2176 semper,
1530 2116 1603 2158 sed
1625 2115 1876 2174 principem,
1915 2129 1964 2155 ac

116 2177 269 2220 ducem
296 2179 387 2222 fore
412 2182 615 2239 polliceor
637 2200 684 2225 ac
705 2184 912 2241 spondeO.

173 2249 305 2306 Atqui
333 2262 393 2292 est
424 2251 538 2294 aliud
567 2265 769 2310 praeterea
806 2275 822 2290 «
847 2254 1089 2313 depositum
1109 2253 1437 2296 custodiendum
1465 2273 1482 2288 »
1508 2251 1659 2303 Nobis,
1689 2249 1964 2292 venerabiles

113 2314 295 2364 Fratres,
324 2331 563 2374 magnaque
593 2320 723 2360 animi
743 2319 1001 2361 firmitudine
1030 2331 1071 2361 et
1093 2318 1331 2361 constantia
1355 2317 1578 2368 tuendum,
1604 2313 1964 2357 sanctissimarum

115 2376 272 2420 seilicet
296 2380 489 2423 Ecclesiae
517 2382 672 2440 legum,
710 2384 861 2441 quibus
885 2384 1150 2442 distiplinam
1179 2400 1299 2425 suam
1330 2383 1436 2440 ipsa,
1464 2396 1594 2452 penes
1617 2396 1744 2437 quam
1763 2379 1964 2420 nimirum

116 2459 246 2484 unam
269 2446 480 2501 ejusmodi
499 2448 550 2488 sit
571 2459 770 2506 potestas,
795 2449 1029 2503 constituit,
1049 2450 1203 2507 quibus
1222 2448 1415 2506 plofecto
1434 2446 1568 2505 pietas
1584 2446 1798 2501 virtusque
1821 2443 1958 2494 floret,

115 2508 267 2567 quibus
293 2511 445 2553 Christi
469 2512 670 2569 Sponsa«
697 2513 893 2555 tenibilis
916 2526 998 2564 est,
1026 2526 1071 2555 ut
1100 2524 1334 2555 Castroluln
1363 2511 1470 2553 acies
1503 2509 1713 2560 ordinata,
1740 2530 1757 2545 »
1785 2523 1965 2567 quarum

116 2573 324 2632 pleraeque
349 2577 491 2628 etiam,
517 2577 678 2618 «velut
698 2579 893 2634 quaedam
913 2579 1191 2619 fundamenta
1211 2587 1308 2618 sunt
1336 2574 1520 2617 ferendis
1542 2573 1641 2615 fidei
1659 2575 1773 2628 jacta
1801 2571 1966 2631 ponde-

115 2639 247 2690 ribus,
279 2661 297 2677 »
329 2651 376 2681 ut
406 2641 448 2682 S.
487 2642 643 2682 Zosimi
672 2644 986 2700 praedecessoris
1013 2643 1160 2684 Nostri
1181 2640 1318 2682 verbis
1350 2651 1518 2681 utamur
1536 2638 1568 2680 ².
1597 2639 1714 2680 Nihil
1738 2649 1817 2691 est,
1848 2635 1965 2694 quod

118 2705 335 2746 civitatum
354 2705 628 2764 principibus,
661 2723 710 2749 ac
738 2709 908 2765 regibus
935 2709 1085 2764 majori
1107 2707 1283 2755 fructui,
1308 2705 1534 2763 gloriaeque
1560 2719 1647 2745 esse
1664 2704 1809 2761 possit,
1834 2717 1965 2760 quam

118 2770 167 2820 si,
198 2781 246 2811 ut
274 2770 600 2827 sapientissimus
624 2771 954 2830 fortissimusque
979 2772 1083 2814 alter
1104 2771 1387 2830 praedecessor
1404 2770 1559 2811 Noster
1583 2771 1625 2811 S.
1663 2769 1780 2811 Felix
1803 2768 1967 2809 Zenoni

119 2834 363 2893 imperatori
386 2836 671 2893 perscribebat
696 2855 705 2877 :
732 2859 748 2874 «
773 2838 1005 2879 Ecclesiam
1036 2837 1363 2878 catholicam....
1398 2834 1537 2876 sinant
1570 2835 1632 2875 uti
1663 2834 1827 2892 legibus
1856 2833 1963 2881 suis,

121 2919 139 2934 «
164 2916 244 2942 nec
264 2900 444 2942 libertati
469 2902 557 2957 ejus
586 2917 843 2960 quemquam
865 2902 1112 2960 permittant
1135 2902 1411 2944 obsistere....
1440 2901 1616 2941 Certum
1644 2910 1705 2941 est
1729 2899 1857 2949 enim,
1882 2897 1967 2937 hoc

124 2986 140 3002 κ
167 2966 293 3007 rebus
311 2967 395 3007 suis
413 2981 504 3007 esse
521 2967 714 3009 salutare.
730 2978 790 3018 ut,
812 2983 908 3008 cum
926 2966 977 3008 de
993 2968 1125 3008 causis
1140 2967 1216 3007 Dei
1232 2977 1378 3024 agatur
1395 2966 1513 3021 juxta
1528 2965 1654 3022 ipsius
1672 2964 1959 3010 constitutum,

122 3053 139 3068 «
168 3033 328 3091 regiam
358 3031 619 3073 voluntatem
643 3033 928 3075 sacerdotibus
957 3032 1111 3074 Christi
1134 3031 1331 3074 studeant
1351 3030 1532 3072 subdere
1549 3062 1559 3080 ,
1586 3045 1673 3071 non
1705 3027 1918 3087 praeferre.
1943 3045 1960 3061 ν

168 3172 199 3203 1.
227 3167 353 3202 Ezech.
376 3179 432 3208 111,
450 3183 484 3202 v.
504 3169 621 3205 17-18.

164 3216 198 3252 2.
226 3217 334 3263 Epist.
358 3220 392 3253 7.
