2135 3442
690 251 798 285 XVII
829 249 1103 285 DECEMBRIS
1132 248 1377 284 MDCCCLX.

471 467 585 536 SS.
636 466 945 532 DOMINI
993 465 1309 532 NOSTRI
1357 464 1477 531 PII
1521 464 1610 531 IX

855 623 1224 674 ALLOCUTIO

419 774 459 799 IN
494 772 764 798 CONSISTORIO
802 771 980 797 SECRETO
1020 779 1062 807 17
1102 772 1331 798 DECEMBRIS
1369 769 1473 799 1860
1512 771 1665 797 HABITA

798 906 845 945 V
843 905 1076 946 enerabiles
1100 906 1290 959 Fratres,

180 1025 327 1067 Multis
347 1024 630 1083 gravibusque
651 1024 719 1065 vel
743 1025 796 1065 ab
816 1023 909 1082 ipso
937 1024 1001 1065 sui
1022 1023 1198 1065 exordio
1217 1025 1372 1080 jactata
1392 1023 1589 1081 procellis
1607 1023 1793 1066 Ecclesia
1812 1025 1962 1067 miser-

123 1090 231 1131 rima
252 1090 333 1131 hae
354 1100 501 1130 nostra
520 1100 641 1130 aetate
663 1099 728 1130 tot
748 1089 964 1146 tantisque
977 1088 1162 1131 hostium
1179 1088 1520 1147 aggressionibus
1542 1089 1674 1147 petita
1693 1101 1770 1140 est,
1791 1101 1839 1131 ut
1858 1106 1962 1131 con-

127 1167 295 1212 ceptum
305 1153 564 1212 jampridem
587 1155 639 1195 ab
662 1153 760 1211 ipsis
783 1152 930 1195 odium
949 1154 1177 1211 omnisque
1203 1154 1359 1195 furoris
1393 1153 1613 1195 maturitas
1632 1154 1675 1195 in
1695 1154 1838 1196 Nostri
1857 1155 1969 1196 Pon-

126 1219 305 1261 tificatus
339 1231 503 1277 tempus
544 1219 734 1277 erupisse
767 1218 1139 1276 videatur.Neque
1158 1235 1257 1260 vero
1290 1234 1596 1276 persequamur
1617 1218 1781 1276 singula
1799 1234 1969 1260 necesse

126 1296 204 1335 est,
229 1283 507 1325 venerabiles
527 1286 712 1334 Fratres,
740 1300 833 1341 quae
849 1283 963 1325 haud
985 1283 1042 1324 ita
1080 1283 1214 1341 longo
1240 1299 1452 1324 annorum
1489 1283 1710 1324 intervallo
1740 1285 1890 1325 acerba
1928 1294 1970 1324 et

128 1348 270 1407 gravia
309 1347 597 1405 contigerunt,
635 1364 820 1405 quorum
854 1349 1064 1389 memoria
1096 1349 1302 1390 Nostrum
1325 1364 1443 1405 a‘que
1471 1359 1742 1405 vestrumque
1779 1348 1971 1389 animum

128 1430 215 1455 non
236 1413 318 1455 levi
339 1429 524 1454 moerore
543 1412 792 1471 perfundat.
808 1413 920 1454 Illud
944 1429 1046 1455 vero
1067 1412 1334 1455 dissimulare
1354 1429 1443 1454 non
1465 1429 1704 1471 possumus,
1717 1428 1796 1470 pro
1814 1428 1970 1454 arcano

127 1477 207 1519 Dei
232 1477 410 1533 judicio,
430 1478 594 1519 nullum
617 1477 757 1519 adhuc
791 1477 920 1519 fuisse
955 1478 1205 1535 impositum
1233 1490 1321 1519 tam
1352 1479 1495 1520 multis
1525 1477 1835 1519 calamitatibus
1873 1493 1962 1519 mo-

130 1543 256 1596 dum,
280 1559 412 1584 novas
433 1541 591 1601 quippe
612 1542 806 1584 dolemus
844 1542 1048 1600 ingruere
1075 1554 1165 1585 tum
1186 1559 1237 1584 ex
1260 1542 1500 1584 fautoribus
1519 1559 1728 1601 perversae
1749 1543 1969 1593 doctrinae,

131 1625 222 1666 quae
243 1624 264 1648 a
292 1606 587 1648 funestissimae
615 1607 949 1649 Reformationis
984 1607 1204 1665 principiis
1238 1618 1330 1648 orta
1353 1608 1515 1665 publici
1538 1607 1668 1648 veluti
1705 1606 1811 1663 juris
1840 1607 1973 1648 robur

132 1672 287 1714 alicubi
309 1670 510 1722 obtinuit,
532 1683 624 1713 tum
646 1688 696 1713 ex
716 1671 949 1730 impiorum
965 1671 1190 1713 hominum
1214 1671 1421 1730 pravitate
1446 1671 1517 1729 qui
1537 1671 1761 1713 Catllolicae
1780 1671 1974 1713 Ecclesia*

132 1754 175 1779 se
198 1737 307 1778 filios
327 1736 577 1794 prardicant,
613 1736 858 1794 appellandi
891 1752 996 1777 vero
1036 1747 1134 1777 sunt
1162 1735 1237 1777 filii
1278 1738 1571 1786 tenebrarum,
1598 1748 1689 1777 tum
1718 1735 1902 1792 denique
1924 1752 1973 1776 ex

134 1801 408 1844 ethnicorum
431 1801 576 1842 furore
598 1801 670 1858 qui
695 1817 773 1859 per
793 1801 986 1842 Orientis
1018 1800 1216 1858 regiones
1244 1801 1288 1841 in
1319 1802 1478 1843 ca‘dem
1501 1801 1762 1857 exitiumque
1786 1800 1975 1842 fidelium

135 1866 427 1908 vehementius
447 1865 663 1908 efferbuit.

191 1979 244 2019 Et
265 1994 365 2019 sane
395 1977 576 2018 maxime
595 1989 657 2019 est
685 1977 1013 2036 deplorandum,
1048 1977 1091 2018 in
1127 1976 1451 2035 quampluribus
1483 1977 1665 2034 Europa*
1699 1975 1893 2033 paltibus
1925 1975 1978 2018 de

133 2043 329 2085 Ecclesia
350 2054 562 2100 potestate
583 2058 630 2084 ac
643 2041 811 2098 juribus
831 2041 1217 2100 perniciosissimos
1234 2057 1302 2083 erl
1305 2056 1401 2083 ores
1421 2040 1492 2082 inv
1485 2040 1673 2091 aluisse3
1690 2039 1789 2082 hinc
1806 2040 1976 2082 adhibi-

134 2119 224 2149 tum
244 2106 410 2147 assidue
431 2107 621 2148 studium
644 2107 697 2148 ad
711 2107 797 2148 vim
818 2122 993 2148 omnem
1015 2106 1372 2162 abjudicandam
1363 2105 1478 2147 initis
1493 2121 1590 2147 cum
1610 2105 1853 2163 Apostolica
1871 2104 1979 2147 Sede

135 2173 187 2214 de
211 2188 256 2213 re
271 2188 388 2212 sacra
406 2171 777 2223 conventionibus,
803 2172 904 2212 hinc
925 2171 1063 2213 omnis
1081 2171 1274 2229 impensa
1290 2187 1406 2221 cura,
1427 2182 1473 2212 ut
1493 2187 1547 2213 ne
1563 2170 1870 2212 conventiones
1888 2170 1979 2212 aliae

136 2237 443 2280 contrahantur
462 2237 505 2278 in
526 2248 746 2295 posterum
783 2237 837 2277 ad
864 2237 1167 2294 componenda
1200 2236 1400 2278 Ecclesiae
1420 2236 1607 2294 negotia,
1631 2247 1761 2292 utque
1783 2235 1833 2276 iis
1857 2251 1977 2277 com-

137 2301 347 2360 ponendis
382 2303 742 2360 moderandisque
780 2302 914 2344 civilis
937 2302 1161 2344 dumtaxat
1184 2302 1357 2344 accedat
1377 2301 1624 2343 auctoritas.
1663 2300 1789 2353 Quod
1807 2299 1981 2358 quidem

136 2383 224 2408 non
243 2366 332 2407 sine
359 2368 474 2424 gravi
500 2367 630 2409 animi
653 2367 799 2410 Nostri
828 2367 1025 2408 molestia
1061 2366 1225 2425 experti
1249 2383 1385 2425 nuper
1403 2381 1561 2417 sumus,
1581 2366 1618 2404 V
1622 2365 1854 2406 enerabiles
1875 2367 1978 2407 Fra-

138 2443 239 2473 tres.
261 2433 344 2473 Pro
366 2431 599 2490 Apostolici
626 2433 739 2474 0111111
777 2431 968 2474 muneris
999 2432 1141 2473 officio
1165 2431 1218 2473 ad
1242 2431 1490 2473 relevandas
1512 2431 1555 2471 in
1586 2446 1743 2488 magno
1773 2429 1982 2471 Badarum

140 2496 294 2538 ducatu
319 2497 545 2538 Catholicae
573 2497 768 2538 Εο01051ῑ10Ι
790 2513 881 2548 res,
910 2508 952 2538 et
984 2496 1274 2554 extinguenda
1301 2496 1384 2537 illic
1412 2507 1558 2537 exorta
1588 2511 1683 2537 cum
1705 2494 1817 2536 civili
1834 2506 1980 2552 potes-

140 2572 225 2602 tate
248 2560 434 2612 dissidia,
460 2561 693 2619 superiore,
729 2573 774 2603 ut
794 2562 923 2613 scitis,
944 2578 1057 2602 anno
1079 2578 1176 2603 cum
1195 2561 1424 2603 celsissimo
1442 2559 1514 2602 illo
1533 2560 1638 2602 duce
1655 2560 1983 2602 conventionem

140 2625 357 2676 inivimus,
384 2642 475 2682 qua*
495 2642 623 2683 quum
645 2638 735 2668 rata
759 2627 910 2669 fuisset
933 2627 1098 2677 habita,
1131 2637 1173 2667 et
1190 2642 1291 2666 vero
1312 2625 1438 2666 etiam
1456 2625 1498 2666 in
1520 2625 1670 2683 vulgus
1690 2625 1856 2675 emissa,
1877 2627 1984 2679 ejus-

142 2690 241 2731 dem
258 2690 570 2741 executionem,
594 2702 640 2731 ut
661 2708 739 2749 par
756 2703 862 2743 erat,
885 2691 1261 2749 praestolabamur.
1285 2691 1605 2741 Verumtamen,
1625 2690 1868 2747 refragante
1885 2688 1984 2730 huic

141 2754 202 2797 rei
225 2755 398 2813 publico
422 2754 532 2795 1111115
557 2754 730 2796 ditionis
763 2756 955 2806 consilio,
981 2772 1002 2797 a
1027 2771 1188 2813 magno
1219 2754 1324 2797 duce
1356 2755 1573 2796 decretum
1596 2754 1676 2796 fuit
1696 2754 1873 2805 editum,
1897 2769 1983 2811 quo

143 2819 415 2861 conventioni
436 2819 498 2860 vis
520 2821 657 2860 omnis
687 2819 906 2871 adimitur,
946 2821 987 2861 in
1020 2822 1195 2877 ejusque
1226 2820 1366 2861 locum
1397 2832 1545 2878 rogata
1576 2820 1643 2861 lex
1681 2831 1745 2862 est
1786 2817 1983 2861 Ecclesiae

144 2884 329 2927 libertati
345 2885 412 2925 vel
444 2885 628 2926 maxime
663 2885 854 2927 adversa.
887 2886 937 2926 Id
963 2901 1095 2943 porro
1126 2900 1176 2925 ex
1210 2884 1313 2925 falsa
1342 2885 1670 2942 protestantium
1697 2883 1891 2926 doctrina
1905 2883 1981 2924 de-

145 2949 328 2990 rivatum
356 2948 656 3006 intelligimus,
680 2948 751 3005 qui
779 2961 999 2990 autumant
1022 2949 1256 2991 Ecclesiam
1274 2949 1315 2990 in
1340 2949 1449 2991 civili
1473 2950 1650 3007 imperio
1672 2948 1889 3006 quoddam
1908 2962 1981 2988 ve·-

145 3014 220 3055 luti
254 3014 480 3072 collegium
516 3013 711 3064 existere,
748 3013 960 3071 nullisque
999 3014 1180 3072 proinde
1217 3014 1378 3072 pollere
1411 3014 1590 3069 juribus,
1626 3026 1779 3073 praeter
1805 3029 1852 3054 ea
1891 3025 1983 3067 quae

146 3095 346 3120 concessa
369 3078 431 3119 illi
453 3078 536 3120 sint
557 3090 683 3135 atque
708 3077 910 3119 attributa
934 3095 952 3119 a
975 3079 1085 3119 civili
1117 3090 1342 3136 potestate.
1367 3079 1416 3120 [d
1453 3091 1595 3121 autem
1616 3090 1878 3136 quantopere
1906 3075 1982 3115 ab—

149 3144 321 3185 horreat
341 3160 360 3185 a
379 3143 555 3186 veritate
576 3142 719 3201 ecquis
743 3159 829 3184 non
863 3142 1102 3199 intelligat?
1132 3144 1318 3185 Ecclesia
1341 3160 1497 3202 nempe
1518 3156 1564 3185 ut
1597 3159 1693 3185 vera
1726 3154 1766 3183 et
1794 3139 1983 3198 perfecta

150 3207 327 3250 societas
346 3225 368 3250 a
391 3208 534 3250 divino
555 3211 736 3251 Auctore
758 3224 834 3250 suo
853 3207 931 3249 fuit
951 3207 1154 3259 instituta,
1176 3225 1267 3266 qua*
1285 3209 1409 3250 nullis
1427 3207 1741 3265 circumscripta
1760 3205 1982 3262 regionum
