<?xml version="1.0" encoding="UTF-8"?>
<!DOCTYPE html PUBLIC "-//W3C//DTD XHTML 1.0 Transitional//EN"
    "http://www.w3.org/TR/xhtml1/DTD/xhtml1-transitional.dtd">
<html xmlns="http://www.w3.org/1999/xhtml" xml:lang="en" lang="en">
 <head>
  <title>
</title>
<meta http-equiv="Content-Type" content="text/html;charset=utf-8" />
  <meta name='ocr-system' content='tesseract 3.04.00' />
  <meta name='ocr-capabilities' content='ocr_page ocr_carea ocr_par ocr_line ocrx_word'/>
</head>
<body>
  <div class='ocr_page' id='page_1' title='image "./recueildesallocu00cath_0340.png"; bbox 0 0 2135 3442; ppageno 0'>
   <div class='ocr_carea' id='block_1_1' title="bbox 134 144 1369 182">
    <p class='ocr_par' dir='ltr' id='par_1_1' title="bbox 134 144 1369 182">
     <span class='ocr_line' id='line_1_1' title="bbox 134 144 1369 182; baseline -0.003 0"><span class='ocrx_word' id='word_1_1' title='bbox 134 147 210 182; x_wconf 67' lang='lat'>3⁴28</span> <span class='ocrx_word' id='word_1_2' title='bbox 753 144 1067 181; x_wconf 87' lang='lat' dir='ltr'>ALLOCUTION</span> <span class='ocrx_word' id='word_1_3' title='bbox 1096 145 1159 180; x_wconf 89' lang='lat' dir='ltr'>DE</span> <span class='ocrx_word' id='word_1_4' title='bbox 1189 145 1268 179; x_wconf 78' lang='lat' dir='ltr'>PIE</span> <span class='ocrx_word' id='word_1_5' title='bbox 1297 144 1369 179; x_wconf 79' lang='lat' dir='ltr'>IX.</span> 
     </span>
    </p>
   </div>
   <div class='ocr_carea' id='block_1_2' title="bbox 134 229 1998 3267">
    <p class='ocr_par' dir='ltr' id='par_1_2' title="bbox 135 229 1979 354">
     <span class='ocr_line' id='line_1_2' title="bbox 136 229 1979 289; baseline 0.001 -15"><span class='ocrx_word' id='word_1_6' title='bbox 136 233 236 274; x_wconf 86' lang='lat' dir='ltr'>dere</span> <span class='ocrx_word' id='word_1_7' title='bbox 258 230 313 272; x_wconf 89' lang='lat' dir='ltr'>ad</span> <span class='ocrx_word' id='word_1_8' title='bbox 334 230 379 271; x_wconf 88' lang='lat' dir='ltr'>id</span> <span class='ocrx_word' id='word_1_9' title='bbox 406 229 628 271; x_wconf 81' lang='lat' dir='ltr'>dumtaxat</span> <span class='ocrx_word' id='word_1_10' title='bbox 652 231 1006 289; x_wconf 79' lang='lat' dir='ltr'>permittendum,</span> <span class='ocrx_word' id='word_1_11' title='bbox 1031 242 1077 272; x_wconf 89' lang='lat' dir='ltr'>ut</span> <span class='ocrx_word' id='word_1_12' title='bbox 1102 231 1257 273; x_wconf 89' lang='lat' dir='ltr'>scilicet</span> <span class='ocrx_word' id='word_1_13' title='bbox 1277 231 1365 289; x_wconf 87' lang='lat' dir='ltr'>ipse</span> <span class='ocrx_word' id='word_1_14' title='bbox 1385 229 1741 288; x_wconf 84' lang='lat' dir='ltr'>Arcbiepiscopus</span> <span class='ocrx_word' id='word_1_15' title='bbox 1758 233 1979 284; x_wconf 77' lang='lat' dir='ltr'>exsularet,</span> 
     </span>
     <span class='ocr_line' id='line_1_3' title="bbox 135 295 817 354; baseline -0.002 -16"><span class='ocrx_word' id='word_1_16' title='bbox 135 295 276 339; x_wconf 89' lang='lat' dir='ltr'>statim</span> <span class='ocrx_word' id='word_1_17' title='bbox 297 312 344 336; x_wconf 92' lang='lat' dir='ltr'>ac</span> <span class='ocrx_word' id='word_1_18' title='bbox 364 295 442 336; x_wconf 82' lang='lat' dir='ltr'>itei</span> <span class='ocrx_word' id='word_1_19' title='bbox 465 295 636 354; x_wconf 77' lang='lat' dir='ltr'>a‹r0redi</span> <span class='ocrx_word' id='word_1_20' title='bbox 659 308 817 354; x_wconf 88' lang='lat' dir='ltr'>posset.</span> 
     </span>
    </p>

    <p class='ocr_par' dir='ltr' id='par_1_3' title="bbox 134 359 1998 3267">
     <span class='ocr_line' id='line_1_4' title="bbox 191 359 1983 418; baseline 0 -15"><span class='ocrx_word' id='word_1_21' title='bbox 191 362 338 418; x_wconf 84' lang='lat' dir='ltr'>Neque</span> <span class='ocrx_word' id='word_1_22' title='bbox 359 360 401 401; x_wconf 91' lang='lat' dir='ltr'>id</span> <span class='ocrx_word' id='word_1_23' title='bbox 422 361 535 401; x_wconf 88' lang='lat' dir='ltr'>satis.</span> <span class='ocrx_word' id='word_1_24' title='bbox 562 361 688 402; x_wconf 80' lang='lat' dir='ltr'>Hisce</span> <span class='ocrx_word' id='word_1_25' title='bbox 712 377 896 418; x_wconf 80' lang='lat' dir='ltr'>namque</span> <span class='ocrx_word' id='word_1_26' title='bbox 921 361 1070 403; x_wconf 89' lang='lat' dir='ltr'>diebus</span> <span class='ocrx_word' id='word_1_27' title='bbox 1094 361 1321 402; x_wconf 73' lang='lat' dir='ltr'>tristissimi</span> <span class='ocrx_word' id='word_1_28' title='bbox 1345 371 1555 401; x_wconf 82' lang='lat' dir='ltr'>venerunt</span> <span class='ocrx_word' id='word_1_29' title='bbox 1578 359 1732 409; x_wconf 87' lang='lat' dir='ltr'>nuntii,</span> <span class='ocrx_word' id='word_1_30' title='bbox 1757 376 1808 401; x_wconf 85' lang='lat' dir='ltr'>ex</span> <span class='ocrx_word' id='word_1_31' title='bbox 1832 363 1983 417; x_wconf 90' lang='lat' dir='ltr'>quibus</span> 
     </span>
     <span class='ocr_line' id='line_1_5' title="bbox 135 425 1983 484; baseline 0.001 -18"><span class='ocrx_word' id='word_1_32' title='bbox 135 425 226 484; x_wconf 88' lang='lat' dir='ltr'>pari</span> <span class='ocrx_word' id='word_1_33' title='bbox 251 425 380 466; x_wconf 89' lang='lat' dir='ltr'>animi</span> <span class='ocrx_word' id='word_1_34' title='bbox 398 425 543 466; x_wconf 83' lang='lat' dir='ltr'>Nostri</span> <span class='ocrx_word' id='word_1_35' title='bbox 561 425 843 466; x_wconf 75' lang='lat' dir='ltr'>amaritudine</span> <span class='ocrx_word' id='word_1_36' title='bbox 856 427 1106 483; x_wconf 86' lang='lat' dir='ltr'>accepimus,</span> <span class='ocrx_word' id='word_1_37' title='bbox 1127 425 1425 467; x_wconf 73' lang='lat' dir='ltr'>venerabilem</span> <span class='ocrx_word' id='word_1_38' title='bbox 1444 426 1633 465; x_wconf 77' lang='lat' dir='ltr'>Fratrem</span> <span class='ocrx_word' id='word_1_39' title='bbox 1652 425 1907 483; x_wconf 80' lang='lat' dir='ltr'>Episcopum</span> <span class='ocrx_word' id='word_1_40' title='bbox 1931 426 1983 468; x_wconf 88' lang='lat' dir='ltr'>de</span> 
     </span>
     <span class='ocr_line' id='line_1_6' title="bbox 135 488 1983 548; baseline -0.002 -16"><span class='ocrx_word' id='word_1_41' title='bbox 135 492 416 548; x_wconf 84' lang='lat' dir='ltr'>Carthagena,</span> <span class='ocrx_word' id='word_1_42' title='bbox 439 506 487 532; x_wconf 92' lang='lat' dir='ltr'>ac</span> <span class='ocrx_word' id='word_1_43' title='bbox 509 490 708 531; x_wconf 89' lang='lat' dir='ltr'>dilectum</span> <span class='ocrx_word' id='word_1_44' title='bbox 733 490 888 531; x_wconf 79' lang='lat' dir='ltr'>Filium</span> <span class='ocrx_word' id='word_1_45' title='bbox 902 490 1115 532; x_wconf 80' lang='lat' dir='ltr'>Vicarium</span> <span class='ocrx_word' id='word_1_46' title='bbox 1137 490 1417 548; x_wconf 85' lang='lat' dir='ltr'>Capitularem</span> <span class='ocrx_word' id='word_1_47' title='bbox 1441 488 1642 530; x_wconf 86' lang='lat' dir='ltr'>Dioeccsis</span> <span class='ocrx_word' id='word_1_48' title='bbox 1666 490 1707 530; x_wconf 89' lang='lat' dir='ltr'>S.</span> <span class='ocrx_word' id='word_1_49' title='bbox 1730 489 1906 530; x_wconf 62' lang='lat' dir='ltr'>Martha*</span> <span class='ocrx_word' id='word_1_50' title='bbox 1926 490 1983 530; x_wconf 90' lang='lat' dir='ltr'>si-</span> 
     </span>
     <span class='ocr_line' id='line_1_7' title="bbox 134 554 1984 613; baseline 0 -17"><span class='ocrx_word' id='word_1_51' title='bbox 134 556 278 597; x_wconf 86' lang='lat' dir='ltr'>milem</span> <span class='ocrx_word' id='word_1_52' title='bbox 316 556 368 596; x_wconf 92' lang='lat' dir='ltr'>de</span> <span class='ocrx_word' id='word_1_53' title='bbox 396 556 674 613; x_wconf 80' lang='lat' dir='ltr'>paroeciarum</span> <span class='ocrx_word' id='word_1_54' title='bbox 699 570 903 596; x_wconf 82' lang='lat' dir='ltr'>concursu</span> <span class='ocrx_word' id='word_1_55' title='bbox 925 554 1289 597; x_wconf 83' lang='lat' dir='ltr'>denuntiationem</span> <span class='ocrx_word' id='word_1_56' title='bbox 1322 556 1374 596; x_wconf 90' lang='lat' dir='ltr'>ab</span> <span class='ocrx_word' id='word_1_57' title='bbox 1405 554 1477 595; x_wconf 93' lang='lat' dir='ltr'>illo</span> <span class='ocrx_word' id='word_1_58' title='bbox 1512 554 1718 611; x_wconf 89' lang='lat' dir='ltr'>accepisse</span> <span class='ocrx_word' id='word_1_59' title='bbox 1749 554 1984 604; x_wconf 82' lang='lat' dir='ltr'>Gubernio,</span> 
     </span>
     <span class='ocr_line' id='line_1_8' title="bbox 136 619 1988 678; baseline -0.001 -16"><span class='ocrx_word' id='word_1_60' title='bbox 136 620 277 677; x_wconf 78' lang='lat' dir='ltr'>eisque</span> <span class='ocrx_word' id='word_1_61' title='bbox 298 619 503 677; x_wconf 89' lang='lat' dir='ltr'>ipsissima</span> <span class='ocrx_word' id='word_1_62' title='bbox 525 619 726 678; x_wconf 79' lang='lat' dir='ltr'>ingruere</span> <span class='ocrx_word' id='word_1_63' title='bbox 752 619 1013 669; x_wconf 90' lang='lat' dir='ltr'>discrimina,</span> <span class='ocrx_word' id='word_1_64' title='bbox 1043 633 1269 678; x_wconf 86' lang='lat' dir='ltr'>propterea</span> <span class='ocrx_word' id='word_1_65' title='bbox 1293 620 1409 677; x_wconf 85' lang='lat' dir='ltr'>quod</span> <span class='ocrx_word' id='word_1_66' title='bbox 1433 634 1598 660; x_wconf 82' lang='lat' dir='ltr'>summa</span> <span class='ocrx_word' id='word_1_67' title='bbox 1618 634 1716 659; x_wconf 91' lang='lat' dir='ltr'>cum</span> <span class='ocrx_word' id='word_1_68' title='bbox 1738 634 1887 660; x_wconf 89' lang='lat' dir='ltr'>eorum</span> <span class='ocrx_word' id='word_1_69' title='bbox 1907 635 1988 660; x_wconf 91' lang='lat' dir='ltr'>no·</span> 
     </span>
     <span class='ocr_line' id='line_1_9' title="bbox 135 683 1987 742; baseline -0.002 -16"><span class='ocrx_word' id='word_1_70' title='bbox 135 685 262 726; x_wconf 87' lang='lat' dir='ltr'>minis</span> <span class='ocrx_word' id='word_1_71' title='bbox 278 684 401 725; x_wconf 85' lang='lat' dir='ltr'>laude</span> <span class='ocrx_word' id='word_1_72' title='bbox 427 684 825 725; x_wconf 80' lang='lat' dir='ltr'>denuntiationem</span> <span class='ocrx_word' id='word_1_73' title='bbox 816 700 949 741; x_wconf 80' lang='lat' dir='ltr'>ipsam</span> <span class='ocrx_word' id='word_1_74' title='bbox 968 701 1164 742; x_wconf 81' lang='lat' dir='ltr'>respueie</span> <span class='ocrx_word' id='word_1_75' title='bbox 1187 702 1273 727; x_wconf 89' lang='lat' dir='ltr'>non</span> <span class='ocrx_word' id='word_1_76' title='bbox 1296 685 1557 725; x_wconf 87' lang='lat' dir='ltr'>dubitarunt.</span> <span class='ocrx_word' id='word_1_77' title='bbox 1579 683 1794 724; x_wconf 89' lang='lat' dir='ltr'>Perlatum</span> <span class='ocrx_word' id='word_1_78' title='bbox 1818 699 1987 740; x_wconf 91' lang='lat' dir='ltr'>quoque</span> 
     </span>
     <span class='ocr_line' id='line_1_10' title="bbox 136 748 1987 808; baseline 0 -18"><span class='ocrx_word' id='word_1_79' title='bbox 136 749 190 790; x_wconf 89' lang='lat' dir='ltr'>ad</span> <span class='ocrx_word' id='word_1_80' title='bbox 209 749 297 790; x_wconf 93' lang='lat' dir='ltr'>Nos</span> <span class='ocrx_word' id='word_1_81' title='bbox 313 760 387 799; x_wconf 87' lang='lat' dir='ltr'>est,</span> <span class='ocrx_word' id='word_1_82' title='bbox 411 764 432 789; x_wconf 91' lang='lat' dir='ltr'>e</span> <span class='ocrx_word' id='word_1_83' title='bbox 437 765 459 789; x_wconf 88' lang='lat' dir='ltr'>a</span> <span class='ocrx_word' id='word_1_84' title='bbox 481 748 568 806; x_wconf 66' lang='lat' dir='ltr'>ipsi</span> <span class='ocrx_word' id='word_1_85' title='bbox 594 749 645 790; x_wconf 89' lang='lat' dir='ltr'>de</span> <span class='ocrx_word' id='word_1_86' title='bbox 668 764 776 790; x_wconf 86' lang='lat' dir='ltr'>caus·</span> <span class='ocrx_word' id='word_1_87' title='bbox 770 765 792 788; x_wconf 87' lang='grc' dir='ltr'>ιι</span> <span class='ocrx_word' id='word_1_88' title='bbox 811 749 1005 791; x_wconf 87' lang='lat' dir='ltr'>eamdem</span> <span class='ocrx_word' id='word_1_89' title='bbox 1020 751 1159 792; x_wconf 84' lang='lat' dir='ltr'>Venei</span> <span class='ocrx_word' id='word_1_90' title='bbox 1162 750 1260 791; x_wconf 91' lang='lat' dir='ltr'>abili</span> <span class='ocrx_word' id='word_1_91' title='bbox 1275 752 1338 792; x_wconf 90' lang='lat' dir='ltr'>Fr</span> <span class='ocrx_word' id='word_1_92' title='bbox 1333 751 1412 791; x_wconf 80' lang='lat' dir='ltr'>atii</span> <span class='ocrx_word' id='word_1_93' title='bbox 1433 748 1987 808; x_wconf 86' lang='lat' dir='ltr'>EpiscopoNeo-Pampilo-</span> 
     </span>
     <span class='ocr_line' id='line_1_11' title="bbox 137 813 1987 873; baseline 0.001 -19"><span class='ocrx_word' id='word_1_94' title='bbox 137 815 254 855; x_wconf 87' lang='lat' dir='ltr'>nensi</span> <span class='ocrx_word' id='word_1_95' title='bbox 282 813 529 870; x_wconf 80' lang='lat' dir='ltr'>impendete</span> <span class='ocrx_word' id='word_1_96' title='bbox 552 814 798 870; x_wconf 81' lang='lat' dir='ltr'>ptocellam,</span> <span class='ocrx_word' id='word_1_97' title='bbox 827 829 924 854; x_wconf 89' lang='lat' dir='ltr'>cum</span> <span class='ocrx_word' id='word_1_98' title='bbox 948 814 1035 872; x_wconf 87' lang='lat' dir='ltr'>ipse</span> <span class='ocrx_word' id='word_1_99' title='bbox 1061 816 1188 857; x_wconf 90' lang='lat' dir='ltr'>etiam</span> <span class='ocrx_word' id='word_1_100' title='bbox 1209 826 1381 873; x_wconf 77' lang='lat' dir='ltr'>palatus</span> <span class='ocrx_word' id='word_1_101' title='bbox 1406 814 1458 856; x_wconf 86' lang='lat' dir='ltr'>sit</span> <span class='ocrx_word' id='word_1_102' title='bbox 1478 814 1532 855; x_wconf 87' lang='lat' dir='ltr'>ad</span> <span class='ocrx_word' id='word_1_103' title='bbox 1553 830 1614 855; x_wconf 81' lang='lat' dir='ltr'>sul</span> <span class='ocrx_word' id='word_1_104' title='bbox 1640 814 1826 854; x_wconf 90' lang='lat' dir='ltr'>muneris</span> <span class='ocrx_word' id='word_1_105' title='bbox 1848 824 1987 871; x_wconf 88' lang='lat' dir='ltr'>partes</span> 
     </span>
     <span class='ocr_line' id='line_1_12' title="bbox 135 877 1988 936; baseline -0.001 -16"><span class='ocrx_word' id='word_1_106' title='bbox 135 878 355 936; x_wconf 86' lang='lat' dir='ltr'>splendide</span> <span class='ocrx_word' id='word_1_107' title='bbox 379 877 562 919; x_wconf 89' lang='lat' dir='ltr'>obeund</span> <span class='ocrx_word' id='word_1_108' title='bbox 557 895 617 928; x_wconf 68' lang='lat' dir='ltr'>;,1s</span> <span class='ocrx_word' id='word_1_109' title='bbox 650 890 691 919; x_wconf 87' lang='lat' dir='ltr'>et</span> <span class='ocrx_word' id='word_1_110' title='bbox 716 879 770 919; x_wconf 87' lang='lat' dir='ltr'>ad</span> <span class='ocrx_word' id='word_1_111' title='bbox 794 878 988 920; x_wconf 81' lang='lat' dir='ltr'>Ecclesia</span> <span class='ocrx_word' id='word_1_112' title='bbox 1004 882 1098 935; x_wconf 87' lang='lat' dir='ltr'>jura</span> <span class='ocrx_word' id='word_1_113' title='bbox 1120 880 1286 921; x_wconf 88' lang='lat' dir='ltr'>fortiter</span> <span class='ocrx_word' id='word_1_114' title='bbox 1303 891 1630 936; x_wconf 82' lang='lat' dir='ltr'>constantelque</span> <span class='ocrx_word' id='word_1_115' title='bbox 1649 878 1823 920; x_wconf 86' lang='lat' dir='ltr'>tuenda.</span> <span class='ocrx_word' id='word_1_116' title='bbox 1848 879 1988 934; x_wconf 88' lang='lat' dir='ltr'>Atque</span> 
     </span>
     <span class='ocr_line' id='line_1_13' title="bbox 137 941 1990 1001; baseline -0.001 -16"><span class='ocrx_word' id='word_1_117' title='bbox 137 944 348 999; x_wconf 81' lang='lat' dir='ltr'>ejusmodi</span> <span class='ocrx_word' id='word_1_118' title='bbox 373 943 686 993; x_wconf 89' lang='lat' dir='ltr'>vexationibus,</span> <span class='ocrx_word' id='word_1_119' title='bbox 714 944 891 998; x_wconf 87' lang='lat' dir='ltr'>injuriis,</span> <span class='ocrx_word' id='word_1_120' title='bbox 929 945 1198 986; x_wconf 89' lang='lat' dir='ltr'>contumeliis</span> <span class='ocrx_word' id='word_1_121' title='bbox 1231 945 1409 1000; x_wconf 78' lang='lat' dir='ltr'>subjecti</span> <span class='ocrx_word' id='word_1_122' title='bbox 1438 959 1607 1001; x_wconf 87' lang='lat' dir='ltr'>quoque</span> <span class='ocrx_word' id='word_1_123' title='bbox 1642 944 1759 985; x_wconf 89' lang='lat' dir='ltr'>fuere</span> <span class='ocrx_word' id='word_1_124' title='bbox 1785 943 1854 984; x_wconf 86' lang='lat' dir='ltr'>alii</span> <span class='ocrx_word' id='word_1_125' title='bbox 1880 941 1990 984; x_wconf 89' lang='lat' dir='ltr'>illius</span> 
     </span>
     <span class='ocr_line' id='line_1_14' title="bbox 137 1007 1992 1067; baseline -0.001 -18"><span class='ocrx_word' id='word_1_126' title='bbox 137 1009 392 1066; x_wconf 56' lang='lat' dir='ltr'>Respublica*</span> <span class='ocrx_word' id='word_1_127' title='bbox 412 1007 625 1049; x_wconf 83' lang='lat' dir='ltr'>lectissimi</span> <span class='ocrx_word' id='word_1_128' title='bbox 647 1008 915 1050; x_wconf 87' lang='lat' dir='ltr'>ecclesiastici</span> <span class='ocrx_word' id='word_1_129' title='bbox 939 1010 1031 1062; x_wconf 84' lang='lat' dir='ltr'>viri,</span> <span class='ocrx_word' id='word_1_130' title='bbox 1058 1026 1106 1050; x_wconf 86' lang='lat' dir='ltr'>ac</span> <span class='ocrx_word' id='word_1_131' title='bbox 1128 1010 1190 1050; x_wconf 85' lang='lat' dir='ltr'>vel</span> <span class='ocrx_word' id='word_1_132' title='bbox 1209 1009 1299 1067; x_wconf 89' lang='lat' dir='ltr'>ipse</span> <span class='ocrx_word' id='word_1_133' title='bbox 1318 1010 1475 1050; x_wconf 84' lang='lat' dir='ltr'>Noster</span> <span class='ocrx_word' id='word_1_134' title='bbox 1498 1020 1539 1049; x_wconf 94' lang='lat' dir='ltr'>et</span> <span class='ocrx_word' id='word_1_135' title='bbox 1556 1009 1679 1063; x_wconf 90' lang='lat' dir='ltr'>hujus</span> <span class='ocrx_word' id='word_1_136' title='bbox 1700 1009 1743 1050; x_wconf 91' lang='lat' dir='ltr'>S.</span> <span class='ocrx_word' id='word_1_137' title='bbox 1769 1007 1891 1049; x_wconf 90' lang='lat' dir='ltr'>Sedis</span> <span class='ocrx_word' id='word_1_138' title='bbox 1914 1008 1992 1048; x_wconf 91' lang='lat' dir='ltr'>Le-</span> 
     </span>
     <span class='ocr_line' id='line_1_15' title="bbox 138 1072 1991 1131; baseline 0 -18"><span class='ocrx_word' id='word_1_139' title='bbox 138 1086 275 1131; x_wconf 82' lang='lat' dir='ltr'>gatus.</span> <span class='ocrx_word' id='word_1_140' title='bbox 300 1074 467 1114; x_wconf 88' lang='lat' dir='ltr'>Etenim</span> <span class='ocrx_word' id='word_1_141' title='bbox 489 1073 618 1113; x_wconf 88' lang='lat' dir='ltr'>semel</span> <span class='ocrx_word' id='word_1_142' title='bbox 646 1083 771 1130; x_wconf 89' lang='lat' dir='ltr'>atque</span> <span class='ocrx_word' id='word_1_143' title='bbox 798 1074 952 1114; x_wconf 83' lang='lat' dir='ltr'>iterum</span> <span class='ocrx_word' id='word_1_144' title='bbox 984 1075 1027 1114; x_wconf 91' lang='lat' dir='ltr'>in</span> <span class='ocrx_word' id='word_1_145' title='bbox 1052 1074 1131 1115; x_wconf 91' lang='lat' dir='ltr'>illis</span> <span class='ocrx_word' id='word_1_146' title='bbox 1152 1073 1345 1115; x_wconf 88' lang='lat' dir='ltr'>Consiliis</span> <span class='ocrx_word' id='word_1_147' title='bbox 1368 1074 1480 1115; x_wconf 90' lang='lat' dir='ltr'>inter</span> <span class='ocrx_word' id='word_1_148' title='bbox 1497 1075 1683 1115; x_wconf 86' lang='lat' dir='ltr'>maxima</span> <span class='ocrx_word' id='word_1_149' title='bbox 1711 1084 1752 1113; x_wconf 87' lang='lat' dir='ltr'>et</span> <span class='ocrx_word' id='word_1_150' title='bbox 1776 1072 1991 1114; x_wconf 86' lang='lat' dir='ltr'>horrenda</span> 
     </span>
     <span class='ocr_line' id='line_1_16' title="bbox 139 1137 1989 1196; baseline -0.001 -17"><span class='ocrx_word' id='word_1_151' title='bbox 139 1140 342 1195; x_wconf 84' lang='lat' dir='ltr'>cujusque</span> <span class='ocrx_word' id='word_1_152' title='bbox 358 1139 522 1195; x_wconf 84' lang='lat' dir='ltr'>generis</span> <span class='ocrx_word' id='word_1_153' title='bbox 541 1149 690 1178; x_wconf 87' lang='lat' dir='ltr'>contra</span> <span class='ocrx_word' id='word_1_154' title='bbox 708 1137 864 1179; x_wconf 86' lang='lat' dir='ltr'>Christi</span> <span class='ocrx_word' id='word_1_155' title='bbox 884 1138 953 1180; x_wconf 92' lang='lat' dir='ltr'>hic</span> <span class='ocrx_word' id='word_1_156' title='bbox 974 1140 1016 1180; x_wconf 90' lang='lat' dir='ltr'>in</span> <span class='ocrx_word' id='word_1_157' title='bbox 1031 1141 1152 1181; x_wconf 87' lang='lat' dir='ltr'>terris</span> <span class='ocrx_word' id='word_1_158' title='bbox 1172 1139 1461 1190; x_wconf 61' lang='lat' dir='ltr'>Vica1·ium,‘et</span> <span class='ocrx_word' id='word_1_159' title='bbox 1474 1139 1585 1180; x_wconf 89' lang='lat' dir='ltr'>hanc</span> <span class='ocrx_word' id='word_1_160' title='bbox 1601 1138 1889 1196; x_wconf 88' lang='lat' dir='ltr'>Apostolicam</span> <span class='ocrx_word' id='word_1_161' title='bbox 1912 1137 1989 1178; x_wconf 90' lang='lat' dir='ltr'>Se-</span> 
     </span>
     <span class='ocr_line' id='line_1_17' title="bbox 139 1202 1990 1260; baseline -0.001 -17"><span class='ocrx_word' id='word_1_162' title='bbox 139 1203 238 1244; x_wconf 85' lang='lat' dir='ltr'>dem</span> <span class='ocrx_word' id='word_1_163' title='bbox 257 1203 448 1243; x_wconf 85' lang='lat' dir='ltr'>convicia</span> <span class='ocrx_word' id='word_1_164' title='bbox 469 1202 706 1260; x_wconf 83' lang='lat' dir='ltr'>propositio</span> <span class='ocrx_word' id='word_1_165' title='bbox 727 1203 836 1244; x_wconf 88' lang='lat' dir='ltr'>facta</span> <span class='ocrx_word' id='word_1_166' title='bbox 857 1204 936 1245; x_wconf 89' lang='lat' dir='ltr'>fuit</span> <span class='ocrx_word' id='word_1_167' title='bbox 963 1204 1207 1246; x_wconf 91' lang='lat' dir='ltr'>dimittendi</span> <span class='ocrx_word' id='word_1_168' title='bbox 1228 1203 1422 1245; x_wconf 90' lang='lat' dir='ltr'>eumdem</span> <span class='ocrx_word' id='word_1_169' title='bbox 1447 1204 1650 1245; x_wconf 88' lang='lat' dir='ltr'>Nostrum</span> <span class='ocrx_word' id='word_1_170' title='bbox 1668 1205 1888 1260; x_wconf 83' lang='lat' dir='ltr'>Legatum,</span> <span class='ocrx_word' id='word_1_171' title='bbox 1917 1203 1990 1258; x_wconf 90' lang='lat' dir='ltr'>qui</span> 
     </span>
     <span class='ocr_line' id='line_1_18' title="bbox 140 1265 1991 1325; baseline -0.001 -17"><span class='ocrx_word' id='word_1_172' title='bbox 140 1283 202 1316; x_wconf 87' lang='lat' dir='ltr'>ca,</span> <span class='ocrx_word' id='word_1_173' title='bbox 237 1283 318 1324; x_wconf 90' lang='lat' dir='ltr'>qua</span> <span class='ocrx_word' id='word_1_174' title='bbox 336 1282 413 1324; x_wconf 88' lang='lat' dir='ltr'>par</span> <span class='ocrx_word' id='word_1_175' title='bbox 430 1278 535 1319; x_wconf 86' lang='lat' dir='ltr'>erat,</span> <span class='ocrx_word' id='word_1_176' title='bbox 557 1267 783 1325; x_wconf 90' lang='lat' dir='ltr'>prudentia</span> <span class='ocrx_word' id='word_1_177' title='bbox 807 1279 849 1310; x_wconf 90' lang='lat' dir='ltr'>et</span> <span class='ocrx_word' id='word_1_178' title='bbox 868 1268 1117 1311; x_wconf 85' lang='lat' dir='ltr'>fortitudine</span> <span class='ocrx_word' id='word_1_179' title='bbox 1138 1270 1299 1310; x_wconf 88' lang='lat' dir='ltr'>Nostro</span> <span class='ocrx_word' id='word_1_180' title='bbox 1325 1270 1499 1310; x_wconf 89' lang='lat' dir='ltr'>nomine</span> <span class='ocrx_word' id='word_1_181' title='bbox 1520 1279 1584 1309; x_wconf 90' lang='lat' dir='ltr'>tot</span> <span class='ocrx_word' id='word_1_182' title='bbox 1608 1267 1780 1309; x_wconf 81' lang='lat' dir='ltr'>nefariis</span> <span class='ocrx_word' id='word_1_183' title='bbox 1800 1278 1842 1308; x_wconf 88' lang='lat' dir='ltr'>et</span> <span class='ocrx_word' id='word_1_184' title='bbox 1861 1265 1991 1308; x_wconf 88' lang='lat' dir='ltr'>saeri-</span> 
     </span>
     <span class='ocr_line' id='line_1_19' title="bbox 138 1331 1993 1389; baseline 0 -17"><span class='ocrx_word' id='word_1_185' title='bbox 138 1332 242 1388; x_wconf 82' lang='lat' dir='ltr'>legis</span> <span class='ocrx_word' id='word_1_186' title='bbox 276 1331 389 1372; x_wconf 91' lang='lat' dir='ltr'>ausis</span> <span class='ocrx_word' id='word_1_187' title='bbox 418 1331 650 1373; x_wconf 86' lang='lat' dir='ltr'>reclamare</span> <span class='ocrx_word' id='word_1_188' title='bbox 678 1348 766 1373; x_wconf 91' lang='lat' dir='ltr'>non</span> <span class='ocrx_word' id='word_1_189' title='bbox 795 1334 1077 1389; x_wconf 77' lang='lat' dir='ltr'>praetermisit.</span> <span class='ocrx_word' id='word_1_190' title='bbox 1110 1333 1354 1376; x_wconf 88' lang='lat' dir='ltr'>Omittimus</span> <span class='ocrx_word' id='word_1_191' title='bbox 1386 1344 1527 1374; x_wconf 91' lang='lat' dir='ltr'>autem</span> <span class='ocrx_word' id='word_1_192' title='bbox 1555 1331 1626 1374; x_wconf 91' lang='lat' dir='ltr'>hic</span> <span class='ocrx_word' id='word_1_193' title='bbox 1659 1346 1993 1374; x_wconf 89' lang='lat' dir='ltr'>commemorare</span> 
     </span>
     <span class='ocr_line' id='line_1_20' title="bbox 139 1395 1993 1456; baseline 0.001 -20"><span class='ocrx_word' id='word_1_194' title='bbox 139 1412 269 1437; x_wconf 77' lang='lat' dir='ltr'>novas</span> <span class='ocrx_word' id='word_1_195' title='bbox 291 1395 394 1437; x_wconf 89' lang='lat' dir='ltr'>alias</span> <span class='ocrx_word' id='word_1_196' title='bbox 413 1396 523 1453; x_wconf 84' lang='lat' dir='ltr'>leges</span> <span class='ocrx_word' id='word_1_197' title='bbox 545 1413 568 1438; x_wconf 89' lang='lat' dir='ltr'>a</span> <span class='ocrx_word' id='word_1_198' title='bbox 590 1397 806 1439; x_wconf 86' lang='lat' dir='ltr'>nonnullis</span> <span class='ocrx_word' id='word_1_199' title='bbox 827 1413 849 1438; x_wconf 91' lang='lat' dir='ltr'>e</span> <span class='ocrx_word' id='word_1_200' title='bbox 873 1400 1182 1456; x_wconf 89' lang='lat' dir='ltr'>Deputatorum</span> <span class='ocrx_word' id='word_1_201' title='bbox 1208 1398 1393 1440; x_wconf 89' lang='lat' dir='ltr'>Consilio</span> <span class='ocrx_word' id='word_1_202' title='bbox 1420 1397 1677 1456; x_wconf 89' lang='lat' dir='ltr'>propositas,</span> <span class='ocrx_word' id='word_1_203' title='bbox 1702 1414 1792 1455; x_wconf 78' lang='lat' dir='ltr'>quae</span> <span class='ocrx_word' id='word_1_204' title='bbox 1813 1396 1993 1437; x_wconf 88' lang='lat' dir='ltr'>irrefor-</span> 
     </span>
     <span class='ocr_line' id='line_1_21' title="bbox 139 1460 1993 1520; baseline 0.001 -19"><span class='ocrx_word' id='word_1_205' title='bbox 139 1460 286 1502; x_wconf 90' lang='lat' dir='ltr'>mabili</span> <span class='ocrx_word' id='word_1_206' title='bbox 314 1461 544 1502; x_wconf 78' lang='lat' dir='ltr'>Catholicae</span> <span class='ocrx_word' id='word_1_207' title='bbox 569 1462 764 1503; x_wconf 73' lang='lat' dir='ltr'>Ecclesiae</span> <span class='ocrx_word' id='word_1_208' title='bbox 787 1462 1004 1514; x_wconf 63' lang='lat' dir='ltr'>doctrinm,</span> <span class='ocrx_word' id='word_1_209' title='bbox 1038 1465 1215 1520; x_wconf 88' lang='lat' dir='ltr'>ejusque</span> <span class='ocrx_word' id='word_1_210' title='bbox 1245 1463 1515 1505; x_wconf 86' lang='lat' dir='ltr'>sanctissimis</span> <span class='ocrx_word' id='word_1_211' title='bbox 1531 1462 1699 1517; x_wconf 88' lang='lat' dir='ltr'>juribus</span> <span class='ocrx_word' id='word_1_212' title='bbox 1722 1462 1897 1503; x_wconf 90' lang='lat' dir='ltr'>omnino</span> <span class='ocrx_word' id='word_1_213' title='bbox 1915 1460 1993 1502; x_wconf 88' lang='lat' dir='ltr'>ad—</span> 
     </span>
     <span class='ocr_line' id='line_1_22' title="bbox 141 1526 1992 1586; baseline -0.001 -19"><span class='ocrx_word' id='word_1_214' title='bbox 141 1537 374 1567; x_wconf 80' lang='lat' dir='ltr'>versantur.</span> <span class='ocrx_word' id='word_1_215' title='bbox 405 1527 553 1582; x_wconf 89' lang='lat' dir='ltr'>Itaque</span> <span class='ocrx_word' id='word_1_216' title='bbox 579 1526 685 1567; x_wconf 89' lang='lat' dir='ltr'>nihil</span> <span class='ocrx_word' id='word_1_217' title='bbox 715 1527 895 1568; x_wconf 87' lang='lat' dir='ltr'>dicimus</span> <span class='ocrx_word' id='word_1_218' title='bbox 928 1528 980 1568; x_wconf 87' lang='lat' dir='ltr'>de</span> <span class='ocrx_word' id='word_1_219' title='bbox 1006 1529 1088 1569; x_wconf 89' lang='lat' dir='ltr'>illis</span> <span class='ocrx_word' id='word_1_220' title='bbox 1111 1530 1327 1586; x_wconf 87' lang='lat' dir='ltr'>conceptis</span> <span class='ocrx_word' id='word_1_221' title='bbox 1355 1527 1551 1577; x_wconf 81' lang='lat' dir='ltr'>decretis,</span> <span class='ocrx_word' id='word_1_222' title='bbox 1587 1527 1741 1584; x_wconf 87' lang='lat' dir='ltr'>quibus</span> <span class='ocrx_word' id='word_1_223' title='bbox 1772 1541 1992 1583; x_wconf 89' lang='lat' dir='ltr'>propone-</span> 
     </span>
     <span class='ocr_line' id='line_1_23' title="bbox 140 1589 1992 1652; baseline -0.001 -20"><span class='ocrx_word' id='word_1_224' title='bbox 140 1592 283 1640; x_wconf 86' lang='lat' dir='ltr'>batur,</span> <span class='ocrx_word' id='word_1_225' title='bbox 322 1602 367 1632; x_wconf 92' lang='lat' dir='ltr'>ut</span> <span class='ocrx_word' id='word_1_226' title='bbox 398 1591 584 1632; x_wconf 87' lang='lat' dir='ltr'>Ecclesia</span> <span class='ocrx_word' id='word_1_227' title='bbox 638 1607 790 1648; x_wconf 85' lang='lat' dir='ltr'>nempe</span> <span class='ocrx_word' id='word_1_228' title='bbox 821 1608 843 1633; x_wconf 93' lang='lat' dir='ltr'>a</span> <span class='ocrx_word' id='word_1_229' title='bbox 886 1594 1005 1634; x_wconf 85' lang='lat' dir='ltr'>Statu</span> <span class='ocrx_word' id='word_1_230' title='bbox 1033 1596 1340 1652; x_wconf 76' lang='lat' dir='ltr'>sejungeretur,</span> <span class='ocrx_word' id='word_1_231' title='bbox 1375 1604 1422 1634; x_wconf 94' lang='lat' dir='ltr'>ut</span> <span class='ocrx_word' id='word_1_232' title='bbox 1454 1591 1730 1649; x_wconf 81' lang='lat' dir='ltr'>Regularium</span> <span class='ocrx_word' id='word_1_233' title='bbox 1762 1589 1992 1640; x_wconf 90' lang='lat' dir='ltr'>Ordinum,</span> 
     </span>
     <span class='ocr_line' id='line_1_24' title="bbox 144 1655 1997 1714; baseline -0.001 -18"><span class='ocrx_word' id='word_1_234' title='bbox 144 1655 398 1714; x_wconf 87' lang='lat' dir='ltr'>piorumque</span> <span class='ocrx_word' id='word_1_235' title='bbox 427 1656 668 1713; x_wconf 85' lang='lat' dir='ltr'>legatorum</span> <span class='ocrx_word' id='word_1_236' title='bbox 697 1657 812 1697; x_wconf 89' lang='lat' dir='ltr'>bona</span> <span class='ocrx_word' id='word_1_237' title='bbox 850 1657 969 1697; x_wconf 91' lang='lat' dir='ltr'>oncri</span> <span class='ocrx_word' id='word_1_238' title='bbox 1005 1668 1198 1698; x_wconf 89' lang='lat' dir='ltr'>mutuum</span> <span class='ocrx_word' id='word_1_239' title='bbox 1232 1657 1361 1698; x_wconf 86' lang='lat' dir='ltr'>dandi</span> <span class='ocrx_word' id='word_1_240' title='bbox 1394 1655 1571 1697; x_wconf 88' lang='lat' dir='ltr'>omnino</span> <span class='ocrx_word' id='word_1_241' title='bbox 1599 1656 1922 1711; x_wconf 87' lang='lat' dir='ltr'>subjicerentur,</span> <span class='ocrx_word' id='word_1_242' title='bbox 1949 1665 1997 1695; x_wconf 90' lang='lat' dir='ltr'>ut</span> 
     </span>
     <span class='ocr_line' id='line_1_25' title="bbox 142 1719 1992 1780; baseline -0.001 -19"><span class='ocrx_word' id='word_1_243' title='bbox 142 1736 294 1762; x_wconf 90' lang='lat' dir='ltr'>omnes</span> <span class='ocrx_word' id='word_1_244' title='bbox 312 1722 621 1778; x_wconf 82' lang='lat' dir='ltr'>abrogarentur</span> <span class='ocrx_word' id='word_1_245' title='bbox 638 1721 765 1778; x_wconf 82' lang='lat' dir='ltr'>leges,</span> <span class='ocrx_word' id='word_1_246' title='bbox 779 1737 870 1778; x_wconf 79' lang='lat' dir='ltr'>quae</span> <span class='ocrx_word' id='word_1_247' title='bbox 883 1721 936 1762; x_wconf 89' lang='lat' dir='ltr'>ad</span> <span class='ocrx_word' id='word_1_248' title='bbox 957 1722 1263 1780; x_wconf 84' lang='lat' dir='ltr'>Religiosarum</span> <span class='ocrx_word' id='word_1_249' title='bbox 1281 1723 1312 1762; x_wconf 88' lang='lat' dir='ltr'>F</span> <span class='ocrx_word' id='word_1_250' title='bbox 1316 1721 1554 1762; x_wconf 88' lang='lat' dir='ltr'>amiliarum</span> <span class='ocrx_word' id='word_1_251' title='bbox 1571 1731 1726 1761; x_wconf 89' lang='lat' dir='ltr'>statum</span> <span class='ocrx_word' id='word_1_252' title='bbox 1749 1719 1992 1770; x_wconf 88' lang='lat' dir='ltr'>tutandum,</span> 
     </span>
     <span class='ocr_line' id='line_1_26' title="bbox 141 1784 1996 1844; baseline -0.001 -18"><span class='ocrx_word' id='word_1_253' title='bbox 141 1800 369 1842; x_wconf 89' lang='lat' dir='ltr'>earumque</span> <span class='ocrx_word' id='word_1_254' title='bbox 387 1787 483 1840; x_wconf 89' lang='lat' dir='ltr'>jura</span> <span class='ocrx_word' id='word_1_255' title='bbox 513 1796 555 1826; x_wconf 90' lang='lat' dir='ltr'>et</span> <span class='ocrx_word' id='word_1_256' title='bbox 579 1784 718 1826; x_wconf 75' lang='lat' dir='ltr'>officia</span> <span class='ocrx_word' id='word_1_257' title='bbox 742 1786 899 1827; x_wconf 89' lang='lat' dir='ltr'>tuenda</span> <span class='ocrx_word' id='word_1_258' title='bbox 925 1788 1154 1844; x_wconf 88' lang='lat' dir='ltr'>pertinent,</span> <span class='ocrx_word' id='word_1_259' title='bbox 1181 1798 1227 1828; x_wconf 91' lang='lat' dir='ltr'>ut</span> <span class='ocrx_word' id='word_1_260' title='bbox 1250 1786 1359 1828; x_wconf 87' lang='lat' dir='ltr'>civili</span> <span class='ocrx_word' id='word_1_261' title='bbox 1381 1785 1623 1827; x_wconf 83' lang='lat' dir='ltr'>auctoritati</span> <span class='ocrx_word' id='word_1_262' title='bbox 1654 1785 1912 1825; x_wconf 87' lang='lat' dir='ltr'>tribueretur</span> <span class='ocrx_word' id='word_1_263' title='bbox 1929 1786 1996 1839; x_wconf 88' lang='lat' dir='ltr'>jus</span> 
     </span>
     <span class='ocr_line' id='line_1_27' title="bbox 141 1847 1998 1908; baseline 0 -18"><span class='ocrx_word' id='word_1_264' title='bbox 141 1850 330 1907; x_wconf 83' lang='lat' dir='ltr'>erigendi</span> <span class='ocrx_word' id='word_1_265' title='bbox 349 1860 391 1891; x_wconf 87' lang='lat' dir='ltr'>et</span> <span class='ocrx_word' id='word_1_266' title='bbox 414 1849 790 1891; x_wconf 87' lang='lat' dir='ltr'>circumscribendi</span> <span class='ocrx_word' id='word_1_267' title='bbox 805 1851 1029 1904; x_wconf 83' lang='lat' dir='ltr'>Dioeceses,</span> <span class='ocrx_word' id='word_1_268' title='bbox 1045 1862 1085 1892; x_wconf 87' lang='lat' dir='ltr'>et</span> <span class='ocrx_word' id='word_1_269' title='bbox 1102 1853 1415 1893; x_wconf 89' lang='lat' dir='ltr'>Canonicorum</span> <span class='ocrx_word' id='word_1_270' title='bbox 1437 1849 1637 1908; x_wconf 84' lang='lat' dir='ltr'>Collegia,</span> <span class='ocrx_word' id='word_1_271' title='bbox 1658 1860 1705 1890; x_wconf 91' lang='lat' dir='ltr'>ut</span> <span class='ocrx_word' id='word_1_272' title='bbox 1719 1847 1998 1890; x_wconf 88' lang='lat' dir='ltr'>ecclesiastica</span> 
     </span>
     <span class='ocr_line' id='line_1_28' title="bbox 142 1913 1996 1973; baseline 0 -18"><span class='ocrx_word' id='word_1_273' title='bbox 142 1915 192 1955; x_wconf 90' lang='lat' dir='ltr'>iis</span> <span class='ocrx_word' id='word_1_274' title='bbox 217 1915 485 1956; x_wconf 86' lang='lat' dir='ltr'>conferretur</span> <span class='ocrx_word' id='word_1_275' title='bbox 504 1914 759 1969; x_wconf 84' lang='lat' dir='ltr'>jurisdictio,</span> <span class='ocrx_word' id='word_1_276' title='bbox 786 1917 853 1973; x_wconf 90' lang='lat' dir='ltr'>qui</span> <span class='ocrx_word' id='word_1_277' title='bbox 880 1932 903 1957; x_wconf 89' lang='lat' dir='ltr'>a</span> <span class='ocrx_word' id='word_1_278' title='bbox 925 1916 1143 1957; x_wconf 89' lang='lat' dir='ltr'>Gubernio</span> <span class='ocrx_word' id='word_1_279' title='bbox 1164 1916 1371 1957; x_wconf 86' lang='lat' dir='ltr'>nominati</span> <span class='ocrx_word' id='word_1_280' title='bbox 1390 1914 1580 1956; x_wconf 87' lang='lat' dir='ltr'>fuissent.</span> <span class='ocrx_word' id='word_1_281' title='bbox 1607 1913 1722 1954; x_wconf 88' lang='lat' dir='ltr'>Nihil</span> <span class='ocrx_word' id='word_1_282' title='bbox 1745 1913 1922 1954; x_wconf 89' lang='lat' dir='ltr'>dicimus</span> <span class='ocrx_word' id='word_1_283' title='bbox 1943 1913 1996 1955; x_wconf 90' lang='lat' dir='ltr'>de</span> 
     </span>
     <span class='ocr_line' id='line_1_29' title="bbox 142 1978 1996 2038; baseline 0.001 -19"><span class='ocrx_word' id='word_1_284' title='bbox 142 1979 224 2019; x_wconf 90' lang='lat' dir='ltr'>alio</span> <span class='ocrx_word' id='word_1_285' title='bbox 249 1978 324 2020; x_wconf 91' lang='lat' dir='ltr'>illo</span> <span class='ocrx_word' id='word_1_286' title='bbox 355 1979 545 2034; x_wconf 82' lang='lat' dir='ltr'>decreto,</span> <span class='ocrx_word' id='word_1_287' title='bbox 574 1995 660 2036; x_wconf 90' lang='lat' dir='ltr'>quo</span> <span class='ocrx_word' id='word_1_288' title='bbox 690 1979 956 2021; x_wconf 87' lang='lat' dir='ltr'>Matrimonii</span> <span class='ocrx_word' id='word_1_289' title='bbox 992 1981 1253 2023; x_wconf 88' lang='lat' dir='ltr'>Sacramenti</span> <span class='ocrx_word' id='word_1_290' title='bbox 1282 1980 1502 2038; x_wconf 85' lang='lat' dir='ltr'>mysterio,</span> <span class='ocrx_word' id='word_1_291' title='bbox 1533 1978 1754 2037; x_wconf 80' lang='lat' dir='ltr'>dignitate,</span> <span class='ocrx_word' id='word_1_292' title='bbox 1777 1979 1996 2020; x_wconf 87' lang='lat' dir='ltr'>sanctitate</span> 
     </span>
     <span class='ocr_line' id='line_1_30' title="bbox 143 2043 1991 2103; baseline -0.001 -18"><span class='ocrx_word' id='word_1_293' title='bbox 143 2045 320 2085; x_wconf 90' lang='lat' dir='ltr'>omnino</span> <span class='ocrx_word' id='word_1_294' title='bbox 349 2043 563 2101; x_wconf 89' lang='lat' dir='ltr'>despecta,</span> <span class='ocrx_word' id='word_1_295' title='bbox 593 2046 764 2102; x_wconf 88' lang='lat' dir='ltr'>ejusque</span> <span class='ocrx_word' id='word_1_296' title='bbox 795 2046 1059 2087; x_wconf 89' lang='lat' dir='ltr'>institutione</span> <span class='ocrx_word' id='word_1_297' title='bbox 1087 2057 1128 2087; x_wconf 89' lang='lat' dir='ltr'>et</span> <span class='ocrx_word' id='word_1_298' title='bbox 1150 2057 1300 2086; x_wconf 89' lang='lat' dir='ltr'>natura</span> <span class='ocrx_word' id='word_1_299' title='bbox 1329 2060 1503 2103; x_wconf 88' lang='lat' dir='ltr'>prorsus</span> <span class='ocrx_word' id='word_1_300' title='bbox 1526 2045 1734 2102; x_wconf 84' lang='lat' dir='ltr'>ignorata,</span> <span class='ocrx_word' id='word_1_301' title='bbox 1770 2053 1812 2084; x_wconf 89' lang='lat' dir='ltr'>et</span> <span class='ocrx_word' id='word_1_302' title='bbox 1834 2058 1991 2092; x_wconf 87' lang='lat' dir='ltr'>eversa,</span> 
     </span>
     <span class='ocr_line' id='line_1_31' title="bbox 145 2107 1997 2168; baseline -0.001 -19"><span class='ocrx_word' id='word_1_303' title='bbox 145 2121 272 2165; x_wconf 92' lang='lat' dir='ltr'>atque</span> <span class='ocrx_word' id='word_1_304' title='bbox 295 2108 491 2149; x_wconf 82' lang='lat' dir='ltr'>Ecclesiae</span> <span class='ocrx_word' id='word_1_305' title='bbox 512 2109 556 2149; x_wconf 90' lang='lat' dir='ltr'>in</span> <span class='ocrx_word' id='word_1_306' title='bbox 579 2109 899 2151; x_wconf 85' lang='lat' dir='ltr'>Sacramentum</span> <span class='ocrx_word' id='word_1_307' title='bbox 928 2109 1045 2152; x_wconf 90' lang='lat' dir='ltr'>idem</span> <span class='ocrx_word' id='word_1_308' title='bbox 1068 2121 1277 2168; x_wconf 87' lang='lat' dir='ltr'>potestate</span> <span class='ocrx_word' id='word_1_309' title='bbox 1301 2110 1469 2168; x_wconf 90' lang='lat' dir='ltr'>penitus</span> <span class='ocrx_word' id='word_1_310' title='bbox 1495 2119 1648 2166; x_wconf 89' lang='lat' dir='ltr'>spreta,</span> <span class='ocrx_word' id='word_1_311' title='bbox 1676 2107 1997 2165; x_wconf 88' lang='lat' dir='ltr'>proponebatur</span> 
     </span>
     <span class='ocr_line' id='line_1_32' title="bbox 141 2171 1996 2233; baseline -0.001 -20"><span class='ocrx_word' id='word_1_312' title='bbox 141 2175 259 2229; x_wconf 80' lang='lat' dir='ltr'>juxta</span> <span class='ocrx_word' id='word_1_313' title='bbox 279 2175 367 2228; x_wconf 88' lang='lat' dir='ltr'>jam</span> <span class='ocrx_word' id='word_1_314' title='bbox 394 2172 617 2215; x_wconf 88' lang='lat' dir='ltr'>damnatos</span> <span class='ocrx_word' id='word_1_315' title='bbox 645 2175 940 2216; x_wconf 80' lang='lat' dir='ltr'>haereticorum</span> <span class='ocrx_word' id='word_1_316' title='bbox 965 2192 1145 2226; x_wconf 89' lang='lat' dir='ltr'>errores,</span> <span class='ocrx_word' id='word_1_317' title='bbox 1176 2187 1301 2233; x_wconf 90' lang='lat' dir='ltr'>atque</span> <span class='ocrx_word' id='word_1_318' title='bbox 1329 2174 1529 2216; x_wconf 84' lang='lat' dir='ltr'>adversus</span> <span class='ocrx_word' id='word_1_319' title='bbox 1555 2172 1780 2214; x_wconf 85' lang='lat' dir='ltr'>Catholicae</span> <span class='ocrx_word' id='word_1_320' title='bbox 1801 2171 1996 2212; x_wconf 85' lang='lat' dir='ltr'>Ecclesiae</span> 
     </span>
     <span class='ocr_line' id='line_1_33' title="bbox 146 2236 1996 2297; baseline -0.002 -18"><span class='ocrx_word' id='word_1_321' title='bbox 146 2237 400 2286; x_wconf 89' lang='lat' dir='ltr'>doctrinam,</span> <span class='ocrx_word' id='word_1_322' title='bbox 425 2250 473 2279; x_wconf 92' lang='lat' dir='ltr'>ut</span> <span class='ocrx_word' id='word_1_323' title='bbox 494 2239 814 2281; x_wconf 88' lang='lat' dir='ltr'>matrimonium</span> <span class='ocrx_word' id='word_1_324' title='bbox 843 2251 1046 2297; x_wconf 87' lang='lat' dir='ltr'>tanquam</span> <span class='ocrx_word' id='word_1_325' title='bbox 1075 2240 1206 2282; x_wconf 86' lang='lat' dir='ltr'>civilis</span> <span class='ocrx_word' id='word_1_326' title='bbox 1237 2250 1404 2281; x_wconf 84' lang='lat' dir='ltr'>tantum</span> <span class='ocrx_word' id='word_1_327' title='bbox 1427 2248 1668 2280; x_wconf 88' lang='lat' dir='ltr'>contractus</span> <span class='ocrx_word' id='word_1_328' title='bbox 1686 2236 1932 2287; x_wconf 86' lang='lat' dir='ltr'>haberetur,</span> <span class='ocrx_word' id='word_1_329' title='bbox 1955 2247 1996 2277; x_wconf 89' lang='lat' dir='ltr'>et</span> 
     </span>
     <span class='ocr_line' id='line_1_34' title="bbox 146 2299 1996 2362; baseline 0 -20"><span class='ocrx_word' id='word_1_330' title='bbox 146 2303 189 2343; x_wconf 88' lang='lat' dir='ltr'>in</span> <span class='ocrx_word' id='word_1_331' title='bbox 201 2302 327 2343; x_wconf 89' lang='lat' dir='ltr'>variis</span> <span class='ocrx_word' id='word_1_332' title='bbox 343 2303 508 2343; x_wconf 89' lang='lat' dir='ltr'>casibus</span> <span class='ocrx_word' id='word_1_333' title='bbox 527 2303 755 2345; x_wconf 87' lang='lat' dir='ltr'>divortium</span> <span class='ocrx_word' id='word_1_334' title='bbox 773 2306 946 2362; x_wconf 88' lang='lat' dir='ltr'>proprie</span> <span class='ocrx_word' id='word_1_335' title='bbox 965 2305 1127 2347; x_wconf 89' lang='lat' dir='ltr'>dictum</span> <span class='ocrx_word' id='word_1_336' title='bbox 1144 2306 1392 2357; x_wconf 68' lang='lat' dir='ltr'>sanciretur,</span> <span class='ocrx_word' id='word_1_337' title='bbox 1413 2317 1644 2358; x_wconf 85' lang='lat' dir='ltr'>omnesque</span> <span class='ocrx_word' id='word_1_338' title='bbox 1661 2299 1996 2342; x_wconf 87' lang='lat' dir='ltr'>matrimoniales</span> 
     </span>
     <span class='ocr_line' id='line_1_35' title="bbox 146 2366 1996 2423; baseline -0.001 -16"><span class='ocrx_word' id='word_1_339' title='bbox 146 2383 279 2408; x_wconf 76' lang='lat' dir='ltr'>causae</span> <span class='ocrx_word' id='word_1_340' title='bbox 309 2366 363 2407; x_wconf 87' lang='lat' dir='ltr'>ad</span> <span class='ocrx_word' id='word_1_341' title='bbox 394 2367 498 2407; x_wconf 88' lang='lat' dir='ltr'>laica</span> <span class='ocrx_word' id='word_1_342' title='bbox 531 2368 796 2411; x_wconf 85' lang='lat' dir='ltr'>deferrentur</span> <span class='ocrx_word' id='word_1_343' title='bbox 828 2370 1071 2423; x_wconf 67' lang='lat' dir='ltr'>tribunalia,</span> <span class='ocrx_word' id='word_1_344' title='bbox 1096 2381 1138 2411; x_wconf 91' lang='lat' dir='ltr'>et</span> <span class='ocrx_word' id='word_1_345' title='bbox 1155 2371 1208 2410; x_wconf 91' lang='lat' dir='ltr'>ab</span> <span class='ocrx_word' id='word_1_346' title='bbox 1229 2369 1310 2410; x_wconf 88' lang='lat' dir='ltr'>illis</span> <span class='ocrx_word' id='word_1_347' title='bbox 1332 2368 1641 2423; x_wconf 86' lang='lat' dir='ltr'>judicarentur,</span> <span class='ocrx_word' id='word_1_348' title='bbox 1669 2381 1768 2407; x_wconf 89' lang='lat' dir='ltr'>cum</span> <span class='ocrx_word' id='word_1_349' title='bbox 1790 2380 1918 2407; x_wconf 89' lang='lat' dir='ltr'>nemo</span> <span class='ocrx_word' id='word_1_350' title='bbox 1944 2380 1996 2406; x_wconf 87' lang='lat' dir='ltr'>ex</span> 
     </span>
     <span class='ocr_line' id='line_1_36' title="bbox 147 2430 1995 2492; baseline -0.002 -19"><span class='ocrx_word' id='word_1_351' title='bbox 147 2431 374 2473; x_wconf 88' lang='lat' dir='ltr'>Catholicis</span> <span class='ocrx_word' id='word_1_352' title='bbox 407 2432 588 2490; x_wconf 83' lang='lat' dir='ltr'>ignoret,</span> <span class='ocrx_word' id='word_1_353' title='bbox 631 2445 703 2474; x_wconf 91' lang='lat' dir='ltr'>aut</span> <span class='ocrx_word' id='word_1_354' title='bbox 731 2435 928 2491; x_wconf 81' lang='lat' dir='ltr'>ignorare</span> <span class='ocrx_word' id='word_1_355' title='bbox 963 2435 1111 2492; x_wconf 88' lang='lat' dir='ltr'>possit,</span> <span class='ocrx_word' id='word_1_356' title='bbox 1146 2432 1466 2475; x_wconf 84' lang='lat' dir='ltr'>matrimonium</span> <span class='ocrx_word' id='word_1_357' title='bbox 1494 2446 1580 2472; x_wconf 89' lang='lat' dir='ltr'>esse</span> <span class='ocrx_word' id='word_1_358' title='bbox 1617 2445 1715 2472; x_wconf 79' lang='lat' dir='ltr'>vere</span> <span class='ocrx_word' id='word_1_359' title='bbox 1749 2440 1793 2471; x_wconf 89' lang='lat' dir='ltr'>et</span> <span class='ocrx_word' id='word_1_360' title='bbox 1826 2430 1995 2487; x_wconf 89' lang='lat' dir='ltr'>proprie</span> 
     </span>
     <span class='ocr_line' id='line_1_37' title="bbox 147 2493 1989 2556; baseline -0.002 -18"><span class='ocrx_word' id='word_1_361' title='bbox 147 2512 281 2538; x_wconf 90' lang='lat' dir='ltr'>unum</span> <span class='ocrx_word' id='word_1_362' title='bbox 301 2511 351 2537; x_wconf 87' lang='lat' dir='ltr'>ex</span> <span class='ocrx_word' id='word_1_363' title='bbox 375 2507 536 2553; x_wconf 87' lang='lat' dir='ltr'>septem</span> <span class='ocrx_word' id='word_1_364' title='bbox 558 2498 819 2556; x_wconf 83' lang='lat' dir='ltr'>Evangelicac</span> <span class='ocrx_word' id='word_1_365' title='bbox 842 2498 945 2556; x_wconf 86' lang='lat' dir='ltr'>legis</span> <span class='ocrx_word' id='word_1_366' title='bbox 971 2499 1250 2541; x_wconf 89' lang='lat' dir='ltr'>Sacramentis</span> <span class='ocrx_word' id='word_1_367' title='bbox 1277 2513 1301 2538; x_wconf 90' lang='lat' dir='ltr'>a</span> <span class='ocrx_word' id='word_1_368' title='bbox 1327 2497 1491 2538; x_wconf 91' lang='lat' dir='ltr'>Christo</span> <span class='ocrx_word' id='word_1_369' title='bbox 1518 2496 1703 2536; x_wconf 90' lang='lat' dir='ltr'>Domino</span> <span class='ocrx_word' id='word_1_370' title='bbox 1735 2493 1989 2544; x_wconf 89' lang='lat' dir='ltr'>institutum,</span> 
     </span>
     <span class='ocr_line' id='line_1_38' title="bbox 151 2559 1994 2618; baseline -0.002 -15"><span class='ocrx_word' id='word_1_371' title='bbox 151 2577 199 2603; x_wconf 87' lang='lat' dir='ltr'>ac</span> <span class='ocrx_word' id='word_1_372' title='bbox 220 2571 447 2618; x_wconf 89' lang='lat' dir='ltr'>propterea</span> <span class='ocrx_word' id='word_1_373' title='bbox 468 2560 578 2602; x_wconf 90' lang='lat' dir='ltr'>inter</span> <span class='ocrx_word' id='word_1_374' title='bbox 602 2561 746 2603; x_wconf 84' lang='lat' dir='ltr'>fideles</span> <span class='ocrx_word' id='word_1_375' title='bbox 768 2563 1090 2605; x_wconf 88' lang='lat' dir='ltr'>matrimonium</span> <span class='ocrx_word' id='word_1_376' title='bbox 1115 2562 1205 2604; x_wconf 83' lang='lat' dir='ltr'>dari</span> <span class='ocrx_word' id='word_1_377' title='bbox 1236 2577 1323 2603; x_wconf 90' lang='lat' dir='ltr'>non</span> <span class='ocrx_word' id='word_1_378' title='bbox 1347 2576 1485 2618; x_wconf 89' lang='lat' dir='ltr'>posse,</span> <span class='ocrx_word' id='word_1_379' title='bbox 1517 2559 1619 2617; x_wconf 89' lang='lat' dir='ltr'>quin</span> <span class='ocrx_word' id='word_1_380' title='bbox 1643 2576 1731 2601; x_wconf 90' lang='lat' dir='ltr'>uno</span> <span class='ocrx_word' id='word_1_381' title='bbox 1755 2559 1994 2616; x_wconf 90' lang='lat' dir='ltr'>eodemque</span> 
     </span>
     <span class='ocr_line' id='line_1_39' title="bbox 146 2622 1994 2685; baseline -0.002 -18"><span class='ocrx_word' id='word_1_382' title='bbox 146 2636 340 2683; x_wconf 87' lang='lat' dir='ltr'>tempore</span> <span class='ocrx_word' id='word_1_383' title='bbox 368 2624 421 2666; x_wconf 89' lang='lat' dir='ltr'>sit</span> <span class='ocrx_word' id='word_1_384' title='bbox 450 2625 794 2681; x_wconf 77' lang='lat' dir='ltr'>Sacramentum3</span> <span class='ocrx_word' id='word_1_385' title='bbox 828 2638 953 2685; x_wconf 87' lang='lat' dir='ltr'>atque</span> <span class='ocrx_word' id='word_1_386' title='bbox 986 2628 1137 2669; x_wconf 88' lang='lat' dir='ltr'>iccirco</span> <span class='ocrx_word' id='word_1_387' title='bbox 1172 2626 1404 2683; x_wconf 86' lang='lat' dir='ltr'>quamlibet</span> <span class='ocrx_word' id='word_1_388' title='bbox 1436 2625 1559 2665; x_wconf 90' lang='lat' dir='ltr'>aliam</span> <span class='ocrx_word' id='word_1_389' title='bbox 1593 2624 1702 2666; x_wconf 88' lang='lat' dir='ltr'>inter</span> <span class='ocrx_word' id='word_1_390' title='bbox 1734 2622 1994 2665; x_wconf 85' lang='lat' dir='ltr'>Christianos</span> 
     </span>
     <span class='ocr_line' id='line_1_40' title="bbox 148 2687 1994 2748; baseline -0.002 -18"><span class='ocrx_word' id='word_1_391' title='bbox 148 2689 227 2731; x_wconf 89' lang='lat' dir='ltr'>viri</span> <span class='ocrx_word' id='word_1_392' title='bbox 246 2700 287 2731; x_wconf 91' lang='lat' dir='ltr'>et</span> <span class='ocrx_word' id='word_1_393' title='bbox 303 2689 506 2742; x_wconf 85' lang='lat' dir='ltr'>mulieris,</span> <span class='ocrx_word' id='word_1_394' title='bbox 522 2702 670 2748; x_wconf 74' lang='lat' dir='ltr'>praeter</span> <span class='ocrx_word' id='word_1_395' title='bbox 687 2693 1024 2747; x_wconf 83' lang='lat' dir='ltr'>Sacramentum,</span> <span class='ocrx_word' id='word_1_396' title='bbox 1040 2691 1385 2748; x_wconf 85' lang='lat' dir='ltr'>conjunctionem</span> <span class='ocrx_word' id='word_1_397' title='bbox 1403 2692 1701 2747; x_wconf 84' lang='lat' dir='ltr'>cujuscumque</span> <span class='ocrx_word' id='word_1_398' title='bbox 1720 2687 1848 2730; x_wconf 89' lang='lat' dir='ltr'>etiam</span> <span class='ocrx_word' id='word_1_399' title='bbox 1866 2687 1994 2728; x_wconf 87' lang='lat' dir='ltr'>civilis</span> 
     </span>
     <span class='ocr_line' id='line_1_41' title="bbox 148 2751 1992 2815; baseline -0.002 -19"><span class='ocrx_word' id='word_1_400' title='bbox 148 2754 252 2812; x_wconf 83' lang='lat' dir='ltr'>legis</span> <span class='ocrx_word' id='word_1_401' title='bbox 267 2754 307 2795; x_wconf 87' lang='lat' dir='ltr'>vi</span> <span class='ocrx_word' id='word_1_402' title='bbox 331 2755 485 2795; x_wconf 87' lang='lat' dir='ltr'>factam</span> <span class='ocrx_word' id='word_1_403' title='bbox 509 2755 612 2796; x_wconf 88' lang='lat' dir='ltr'>nihil</span> <span class='ocrx_word' id='word_1_404' title='bbox 634 2756 748 2798; x_wconf 85' lang='lat' dir='ltr'>aliud</span> <span class='ocrx_word' id='word_1_405' title='bbox 770 2773 858 2798; x_wconf 88' lang='lat' dir='ltr'>esse</span> <span class='ocrx_word' id='word_1_406' title='bbox 878 2758 956 2799; x_wconf 88' lang='lat' dir='ltr'>nisi</span> <span class='ocrx_word' id='word_1_407' title='bbox 983 2769 1168 2815; x_wconf 85' lang='lat' dir='ltr'>turpem,</span> <span class='ocrx_word' id='word_1_408' title='bbox 1190 2767 1317 2813; x_wconf 87' lang='lat' dir='ltr'>atque</span> <span class='ocrx_word' id='word_1_409' title='bbox 1338 2755 1550 2797; x_wconf 86' lang='lat' dir='ltr'>exitialem</span> <span class='ocrx_word' id='word_1_410' title='bbox 1576 2752 1916 2796; x_wconf 89' lang='lat' dir='ltr'>Concubinatum</span> <span class='ocrx_word' id='word_1_411' title='bbox 1940 2751 1992 2792; x_wconf 91' lang='lat' dir='ltr'>ab</span> 
     </span>
     <span class='ocr_line' id='line_1_42' title="bbox 148 2819 1994 2880; baseline -0.002 -19"><span class='ocrx_word' id='word_1_412' title='bbox 148 2819 336 2861; x_wconf 86' lang='lat' dir='ltr'>Ecclesia</span> <span class='ocrx_word' id='word_1_413' title='bbox 356 2830 576 2877; x_wconf 85' lang='lat' dir='ltr'>tantopere</span> <span class='ocrx_word' id='word_1_414' title='bbox 601 2820 866 2872; x_wconf 86' lang='lat' dir='ltr'>damnatum,</span> <span class='ocrx_word' id='word_1_415' title='bbox 888 2839 934 2864; x_wconf 92' lang='lat' dir='ltr'>ac</span> <span class='ocrx_word' id='word_1_416' title='bbox 950 2822 1132 2880; x_wconf 86' lang='lat' dir='ltr'>proinde</span> <span class='ocrx_word' id='word_1_417' title='bbox 1150 2839 1173 2863; x_wconf 88' lang='lat' dir='ltr'>a</span> <span class='ocrx_word' id='word_1_418' title='bbox 1190 2820 1403 2878; x_wconf 83' lang='lat' dir='ltr'>conjugali</span> <span class='ocrx_word' id='word_1_419' title='bbox 1426 2819 1583 2861; x_wconf 83' lang='lat' dir='ltr'>scedeie</span> <span class='ocrx_word' id='word_1_420' title='bbox 1598 2820 1914 2861; x_wconf 86' lang='lat' dir='ltr'>Sacramentum</span> <span class='ocrx_word' id='word_1_421' title='bbox 1931 2831 1994 2857; x_wconf 89' lang='lat' dir='ltr'>se-</span> 
     </span>
     <span class='ocr_line' id='line_1_43' title="bbox 149 2879 1993 2953; baseline -0.003 -28"><span class='ocrx_word' id='word_1_422' title='bbox 149 2883 288 2942; x_wconf 87' lang='lat' dir='ltr'>parari</span> <span class='ocrx_word' id='word_1_423' title='bbox 316 2900 535 2942; x_wconf 87' lang='lat' dir='ltr'>nunquam</span> <span class='ocrx_word' id='word_1_424' title='bbox 564 2901 701 2943; x_wconf 86' lang='lat' dir='ltr'>posse,</span> <span class='ocrx_word' id='word_1_425' title='bbox 726 2897 767 2926; x_wconf 83' lang='lat' dir='ltr'>et</span> <span class='ocrx_word' id='word_1_426' title='bbox 798 2887 974 2928; x_wconf 89' lang='lat' dir='ltr'>omnino</span> <span class='ocrx_word' id='word_1_427' title='bbox 992 2899 1178 2945; x_wconf 89' lang='lat' dir='ltr'>spectare</span> <span class='ocrx_word' id='word_1_428' title='bbox 1205 2886 1260 2927; x_wconf 89' lang='lat' dir='ltr'>ad</span> <span class='ocrx_word' id='word_1_429' title='bbox 1282 2885 1476 2926; x_wconf 81' lang='lat' dir='ltr'>Ecclesiae</span> <span class='ocrx_word' id='word_1_430' title='bbox 1499 2894 1755 2953; x_wconf 80' lang='lat' dir='ltr'>potestatem</span> <span class='ocrx_word' id='word_1_431' title='bbox 1778 2897 1825 2922; x_wconf 89' lang='lat' dir='ltr'>ea</span> <span class='ocrx_word' id='word_1_432' title='bbox 1850 2879 1993 2922; x_wconf 89' lang='lat' dir='ltr'>omnia</span> 
     </span>
     <span class='ocr_line' id='line_1_44' title="bbox 152 2946 1991 3009; baseline -0.004 -19"><span class='ocrx_word' id='word_1_433' title='bbox 152 2949 276 2990; x_wconf 91' lang='lat' dir='ltr'>dece1</span> <span class='ocrx_word' id='word_1_434' title='bbox 279 2966 394 3000; x_wconf 90' lang='lat' dir='ltr'>nere,</span> <span class='ocrx_word' id='word_1_435' title='bbox 422 2966 514 3007; x_wconf 82' lang='lat' dir='ltr'>quae</span> <span class='ocrx_word' id='word_1_436' title='bbox 532 2951 586 2990; x_wconf 90' lang='lat' dir='ltr'>ad</span> <span class='ocrx_word' id='word_1_437' title='bbox 607 2949 722 2991; x_wconf 91' lang='lat' dir='ltr'>idem</span> <span class='ocrx_word' id='word_1_438' title='bbox 744 2950 1067 2992; x_wconf 73' lang='lat' dir='ltr'>Matrimonium</span> <span class='ocrx_word' id='word_1_439' title='bbox 1083 2952 1228 3009; x_wconf 87' lang='lat' dir='ltr'>quovis</span> <span class='ocrx_word' id='word_1_440' title='bbox 1250 2950 1382 2991; x_wconf 91' lang='lat' dir='ltr'>modo</span> <span class='ocrx_word' id='word_1_441' title='bbox 1406 2960 1582 3008; x_wconf 88' lang='lat' dir='ltr'>possunt</span> <span class='ocrx_word' id='word_1_442' title='bbox 1601 2947 1828 3006; x_wconf 84' lang='lat' dir='ltr'>peltinere.</span> <span class='ocrx_word' id='word_1_443' title='bbox 1855 2946 1991 3001; x_wconf 86' lang='lat' dir='ltr'>Atque</span> 
     </span>
     <span class='ocr_line' id='line_1_45' title="bbox 151 3011 1990 3073; baseline -0.004 -18"><span class='ocrx_word' id='word_1_444' title='bbox 151 3014 241 3055; x_wconf 74' lang='lat' dir='ltr'>baec</span> <span class='ocrx_word' id='word_1_445' title='bbox 263 3014 406 3055; x_wconf 90' lang='lat' dir='ltr'>omnia</span> <span class='ocrx_word' id='word_1_446' title='bbox 426 3014 675 3065; x_wconf 86' lang='lat' dir='ltr'>omittimus,</span> <span class='ocrx_word' id='word_1_447' title='bbox 689 3026 915 3072; x_wconf 87' lang='lat' dir='ltr'>propterea</span> <span class='ocrx_word' id='word_1_448' title='bbox 930 3015 1046 3073; x_wconf 89' lang='lat' dir='ltr'>quod</span> <span class='ocrx_word' id='word_1_449' title='bbox 1067 3016 1231 3057; x_wconf 88' lang='lat' dir='ltr'>etiamsi</span> <span class='ocrx_word' id='word_1_450' title='bbox 1251 3016 1314 3055; x_wconf 61' lang='lat' dir='ltr'>ha*</span> <span class='ocrx_word' id='word_1_451' title='bbox 1329 3015 1441 3073; x_wconf 85' lang='lat' dir='ltr'>leges</span> <span class='ocrx_word' id='word_1_452' title='bbox 1461 3015 1514 3055; x_wconf 87' lang='lat' dir='ltr'>ab</span> <span class='ocrx_word' id='word_1_453' title='bbox 1535 3013 1746 3070; x_wconf 87' lang='lat' dir='ltr'>aliquibus</span> <span class='ocrx_word' id='word_1_454' title='bbox 1768 3026 1790 3052; x_wconf 90' lang='lat' dir='ltr'>e</span> <span class='ocrx_word' id='word_1_455' title='bbox 1805 3011 1990 3066; x_wconf 88' lang='lat' dir='ltr'>Deputa-</span> 
     </span>
     <span class='ocr_line' id='line_1_46' title="bbox 152 3073 1987 3138; baseline -0.003 -19"><span class='ocrx_word' id='word_1_456' title='bbox 152 3089 295 3120; x_wconf 89' lang='lat' dir='ltr'>torum</span> <span class='ocrx_word' id='word_1_457' title='bbox 323 3079 509 3121; x_wconf 91' lang='lat' dir='ltr'>Consilio</span> <span class='ocrx_word' id='word_1_458' title='bbox 536 3078 652 3121; x_wconf 86' lang='lat' dir='ltr'>fuere</span> <span class='ocrx_word' id='word_1_459' title='bbox 675 3079 918 3137; x_wconf 80' lang='lat' dir='ltr'>propositae,</span> <span class='ocrx_word' id='word_1_460' title='bbox 942 3091 1085 3122; x_wconf 87' lang='lat' dir='ltr'>tamen</span> <span class='ocrx_word' id='word_1_461' title='bbox 1109 3080 1298 3138; x_wconf 85' lang='lat' dir='ltr'>plerique</span> <span class='ocrx_word' id='word_1_462' title='bbox 1324 3079 1540 3138; x_wconf 86' lang='lat' dir='ltr'>Deputati,</span> <span class='ocrx_word' id='word_1_463' title='bbox 1573 3094 1619 3119; x_wconf 90' lang='lat' dir='ltr'>ac</span> <span class='ocrx_word' id='word_1_464' title='bbox 1638 3078 1872 3123; x_wconf 87' lang='lat' dir='ltr'>Senatores,</span> <span class='ocrx_word' id='word_1_465' title='bbox 1897 3073 1987 3112; x_wconf 86' lang='lat' dir='ltr'>Deo</span> 
     </span>
     <span class='ocr_line' id='line_1_47' title="bbox 153 3140 1985 3202; baseline -0.004 -19"><span class='ocrx_word' id='word_1_466' title='bbox 153 3143 262 3185; x_wconf 89' lang='lat' dir='ltr'>bene</span> <span class='ocrx_word' id='word_1_467' title='bbox 278 3145 466 3198; x_wconf 76' lang='lat' dir='ltr'>juvante,</span> <span class='ocrx_word' id='word_1_468' title='bbox 489 3159 558 3186; x_wconf 91' lang='lat' dir='ltr'>eas</span> <span class='ocrx_word' id='word_1_469' title='bbox 576 3143 689 3202; x_wconf 83' lang='lat' dir='ltr'>leges</span> <span class='ocrx_word' id='word_1_470' title='bbox 708 3143 958 3199; x_wconf 87' lang='lat' dir='ltr'>rejiciendas</span> <span class='ocrx_word' id='word_1_471' title='bbox 989 3161 1075 3186; x_wconf 87' lang='lat' dir='ltr'>esse</span> <span class='ocrx_word' id='word_1_472' title='bbox 1098 3145 1334 3195; x_wconf 84' lang='lat' dir='ltr'>decrevere,</span> <span class='ocrx_word' id='word_1_473' title='bbox 1361 3155 1404 3186; x_wconf 91' lang='lat' dir='ltr'>et</span> <span class='ocrx_word' id='word_1_474' title='bbox 1421 3145 1675 3185; x_wconf 86' lang='lat' dir='ltr'>horruerunt</span> <span class='ocrx_word' id='word_1_475' title='bbox 1696 3150 1759 3182; x_wconf 86' lang='lat' dir='ltr'>tot</span> <span class='ocrx_word' id='word_1_476' title='bbox 1777 3140 1866 3194; x_wconf 84' lang='lat' dir='ltr'>jam</span> <span class='ocrx_word' id='word_1_477' title='bbox 1888 3151 1985 3200; x_wconf 85' lang='lat' dir='ltr'>gra-</span> 
     </span>
     <span class='ocr_line' id='line_1_48' title="bbox 153 3207 1614 3267; baseline 0 -19"><span class='ocrx_word' id='word_1_478' title='bbox 153 3207 276 3249; x_wconf 87' lang='lat' dir='ltr'>vibus</span> <span class='ocrx_word' id='word_1_479' title='bbox 300 3207 467 3251; x_wconf 87' lang='lat' dir='ltr'>inflictis</span> <span class='ocrx_word' id='word_1_480' title='bbox 483 3208 677 3251; x_wconf 57' lang='lat' dir='ltr'>Ecclesia*</span> <span class='ocrx_word' id='word_1_481' title='bbox 699 3209 945 3251; x_wconf 89' lang='lat' dir='ltr'>vulneribus</span> <span class='ocrx_word' id='word_1_482' title='bbox 967 3210 1047 3251; x_wconf 90' lang='lat' dir='ltr'>alia</span> <span class='ocrx_word' id='word_1_483' title='bbox 1065 3226 1174 3253; x_wconf 64' lang='lat' dir='ltr'>nova</span> <span class='ocrx_word' id='word_1_484' title='bbox 1188 3210 1407 3267; x_wconf 88' lang='lat' dir='ltr'>imponere</span> <span class='ocrx_word' id='word_1_485' title='bbox 1429 3208 1614 3250; x_wconf 65' lang='lat' dir='ltr'>vulnera.</span> 
     </span>
    </p>
   </div>
  </div>
 </body>
</html>
