2135 3442
216 147 291 183 190
716 143 904 178 LETTRE
932 141 1243 189 ENCYCLIQUE
1272 142 1338 177 DE
1364 142 1444 177 PIE
1471 141 1544 178 IX.

216 244 257 274 et
285 233 410 274 sacriS
440 231 705 289 potissimum
736 230 916 271 scientiis
946 232 1066 286 juxta
1094 229 1346 270 catholicam
1384 227 1621 269 doctrinam
1649 229 1700 269 ab
1735 229 1851 270 omni
1882 246 2052 288 prorsus

215 298 416 353 cujusque
434 295 588 338 erroris
610 294 799 354 periculo
823 294 981 346 alienis,
1007 305 1049 336 et
1069 294 1265 336 Ecclesiae
1291 292 1611 342 traditionibus,
1636 303 1677 334 et
1703 305 1942 336 sanctorum
1966 297 2050 337 Pa-

214 373 326 402 trum
347 362 523 418 scriptis,
542 362 747 417 sacrisque
767 361 1037 410 caeremoniis,
1060 359 1253 400 ritibusse
1278 358 1396 408 du10,
1424 373 1471 398 ac
1494 358 1661 415 penitus
1685 358 1946 411 excolantur,
1966 377 2050 418 quo

215 426 371 467 habere
386 425 550 483 possitis
564 441 693 466 navos
707 435 829 481 atquc
846 423 1074 465 industrios
1087 423 1315 481 operarios,
1332 423 1402 479 qui
1419 422 1696 464 ecclesiastico
1711 422 1855 480 spiritu
1869 424 2048 481 praediti,

217 505 264 532 ac
275 489 420 532 studiis
432 501 544 532 recte
555 489 731 531 instituti
743 489 908 530 valeant
922 489 963 529 in
975 499 1165 546 tempore
1177 487 1438 530 dominicum
1453 503 1599 544 agrum
1611 486 1831 544 diligenter
1841 489 2049 542 excolere,

218 571 265 597 ac
283 568 452 597 strenue
472 555 649 612 pra=liari
672 554 811 612 proelia
828 553 1017 594 Domini.
1038 554 1170 594 Porro
1187 569 1284 594 cum
1300 552 1419 593 vobis
1433 563 1697 609 compertum
1710 563 1772 593 est
1787 551 1841 593 ad
1856 553 2051 595 ecclesia-

217 622 309 663 stici
330 621 488 663 ordinis
516 619 777 678 dignitatem,
801 630 841 660 et
869 619 1189 660 sanctimoniam
1216 616 1482 659 retincndam
1509 627 1549 656 et
1575 615 1908 658 conservandam
1934 618 2052 674 pium

216 688 493 744 spiritualium
505 684 800 727 exercitiorum
814 684 1047 725 institutum
1056 682 1121 724 vel
1134 683 1316 723 maxime
1330 681 1581 731 conducere,
1592 697 1669 738 pro
1681 680 1907 739 episcopali
1915 691 2052 724 vestro

217 752 307 793 zelo
323 751 500 792 salutare
519 766 625 808 opus
643 765 804 807 urgere,
825 763 1056 805 omnesque
1074 746 1118 788 in
1135 758 1293 788 sortem
1309 746 1482 787 Domini
1501 757 1670 786 vocatos
1686 761 1876 798 monere,
1893 746 2052 788 hortari

218 832 270 858 ne
285 817 580 866 intermittatis,
600 826 645 855 ut
661 830 769 872 saepe
784 816 826 854 in
843 825 1131 871 opportunum
1149 812 1329 869 aliquem
1348 812 1490 852 locum
1507 810 1654 851 iisdem
1671 810 1925 868 peragendis
1938 827 2054 852 exer-

217 881 323 922 citiis
340 880 554 934 secedant,
573 895 671 936 quo,
698 879 977 920 exterioribus
1000 878 1108 918 curis
1131 877 1336 934 sepositis,
1363 892 1410 917 ac
1435 876 1739 917 vehementiori
1768 875 1906 917 studio
1934 886 2052 918 aeter-

217 961 368 987 narum
387 946 705 1001 divinarumque
728 958 871 984 rerum
895 941 1163 983 meditationi
1187 952 1397 991 vacantes,
1433 951 1474 981 et
1510 951 1747 981 contractas
1763 940 1815 981 de
1831 939 2050 982 mundano

218 1011 385 1068 pulvere
405 1010 550 1051 sordes
573 1009 805 1066 detergere,
829 1018 870 1048 ct
902 1005 1227 1048 ecclesiasticum
1256 1005 1447 1064 spiritum
1482 1021 1684 1047 renovare
1721 1005 1900 1063 possint,
1929 1016 2054 1062 atque

217 1075 473 1132 expoliantes
512 1085 697 1114 veterem
716 1071 935 1112 hominem
956 1086 1054 1111 cum
1077 1070 1239 1111 actibus
1275 1069 1372 1122 suis,
1398 1086 1556 1111 novum
1578 1070 1772 1123 induant,
1801 1070 1871 1128 qui
1889 1080 2054 1111 creatus

217 1151 279 1181 est
292 1139 503 1195 injustitia
520 1151 561 1180 et
575 1137 810 1179 sanctitate.
834 1137 982 1192 Neque
997 1151 1069 1177 vos
1086 1135 1229 1193 pigeat
1249 1137 1282 1176 si
1301 1135 1345 1176 in
1364 1135 1473 1177 Cleri
1491 1135 1755 1177 institutione
1773 1147 1814 1177 et
1834 1133 2055 1193 disciplina

215 1205 343 1262 paulo
366 1203 522 1245 diutius
546 1201 758 1244 immorati
782 1217 937 1243 sumus.
963 1200 1133 1242 Etenim
1156 1200 1329 1241 minime
1354 1199 1555 1258 ignoratis
1583 1201 1741 1242 multos
1761 1199 1952 1250 existere,
1981 1197 2053 1256 qui

215 1286 405 1311 errorum
426 1267 687 1319 varietatem,
719 1267 1058 1315 inconstantiam,
1092 1265 1503 1322 mutabilitatemque
1535 1265 1722 1323 pertaesi,
1761 1280 1809 1305 ac
1847 1263 2055 1305 sanctissi-

214 1351 327 1376 mam
349 1346 536 1376 nostram
555 1333 807 1391 religionem
835 1331 1064 1390 profitendi
1092 1331 1383 1372 necessitatem
1400 1331 1641 1380 sentientes,
1667 1329 1721 1370 ad
1740 1329 1866 1386 ipsius
1882 1328 2054 1385 religio-

214 1401 275 1441 nis
299 1399 550 1449 doctrinam,
574 1409 782 1456 praecepta
807 1398 994 1438 instituta
1018 1412 1070 1437 eo
1096 1395 1271 1446 facilius,
1300 1397 1392 1437 Deo
1409 1396 1520 1437 bene
1541 1396 1728 1450 juvante,
1762 1391 2054 1450 amplectenda

213 1464 390 1506 colenda
414 1463 694 1514 adducentur,
709 1478 792 1520 quo
809 1462 958 1516 majori
972 1461 1142 1502 Clerum
1161 1461 1344 1518 pietatis,
1372 1459 1638 1518 integritatis,
1662 1459 1878 1516 sapientiae
1908 1455 2049 1508 laude,

214 1544 262 1569 ac
284 1530 481 1570 virtutum
503 1529 692 1569 omnium
710 1526 919 1584 exemplo,
939 1537 979 1568 et
1000 1525 1225 1583 splendore
1249 1525 1397 1568 ceteris
1420 1524 1671 1567 antecellere
1692 1523 2002 1581 conspexerint.

273 2354 482 2402 Ceterum,
505 2354 672 2393 Fratres
697 2352 921 2404 Carissimi,
951 2368 1039 2394 non
1062 2352 1319 2401 dubitamus,
1349 2350 1453 2407 quin
1478 2350 1567 2390 Vos
1594 2363 1746 2389 omnes
1773 2346 1937 2388 ardenti
1955 2362 2055 2405 erga

216 2419 351 2459 Deum
366 2428 406 2458 et
424 2417 616 2458 homines
635 2418 807 2458 caritate
824 2418 995 2468 incensi,
1024 2433 1190 2458 summo
1210 2417 1254 2457 in
1271 2416 1501 2459 Ecclesiam
1517 2429 1666 2455 amore
1691 2410 1955 2464 inflammati,
1981 2428 2055 2453 an-

217 2481 358 2539 gelicis
379 2497 486 2539 pene
507 2480 727 2522 virtutibus
751 2482 958 2536 instructi,
983 2482 1208 2540 episcopali
1232 2479 1497 2529 fortitudine,
1527 2478 1755 2536 prudentia
1778 2478 1947 2530 muniti,
1967 2493 2053 2519 uno

218 2547 456 2603 eodemque
475 2558 624 2587 sancta}
646 2547 871 2589 voluntatis
889 2547 1097 2589 desiderio
1112 2546 1300 2597 animati,
1322 2545 1627 2602 Apostolorum
1641 2543 1810 2602 vestigia
1829 2553 2049 2593 sectantes,

218 2624 260 2655 et
280 2614 492 2653 Christum
511 2613 530 2653 J
534 2627 649 2652 esum
667 2613 886 2654 Pastorum
906 2613 1095 2654 omnium
1116 2612 1342 2669 exemplar,
1368 2625 1447 2668 pro
1471 2625 1557 2666 quo
1579 2609 1790 2667 legatione
1812 2606 2049 2665 fungimini,

218 2679 446 2728 imitantes,
478 2676 836 2734 quemadmodum
862 2677 982 2719 decet
1003 2678 1247 2735 Episcopos,
1276 2674 1617 2717 concordissimis
1642 2675 1787 2716 studiis
1804 2673 1902 2714 facti
1919 2673 2054 2713 forma

219 2744 357 2801 gregis
378 2759 429 2784 ex
449 2743 607 2793 animo,
629 2743 854 2782 sanctitatis
871 2754 1017 2783 vestrae
1034 2741 1257 2799 splendore
1275 2740 1445 2781 Clerum
1465 2739 1752 2797 populumque
1769 2737 1938 2780 fidelem
1955 2736 2050 2776 illu-

220 2808 442 2858 minantes,
466 2818 589 2863 atque
611 2805 748 2846 induti
767 2807 922 2847 viscera
945 2806 1240 2848 misericordiae
1268 2816 1310 2846 et
1331 2804 1607 2846 condolentes
1632 2804 1679 2845 iis
1702 2805 1772 2861 qui
1797 2804 1991 2861 ignorant
2010 2811 2052 2842 et

222 2884 376 2923 errant,
399 2872 538 2913 devias
561 2886 608 2911 ac
623 2881 847 2928 pereuntes
867 2886 964 2912 oves
980 2870 1207 2928 evangelici
1225 2870 1407 2911 Pastoris
1425 2868 1620 2926 exemplo
1642 2878 1831 2909 amanter
1847 2880 2050 2923 quaerere,

222 2937 415 2995 persequi
432 2952 479 2978 ac
498 2946 671 2993 paterno
687 2933 839 2976 affectu
858 2935 1001 2976 vestris
1012 2936 1196 2976 humeris
1214 2934 1447 2992 imponere,
1463 2933 1516 2974 ad
1536 2933 1644 2974 ovile
1663 2932 1880 2980 reducere,
1901 2943 1948 2969 ac
1960 2928 2051 2970 nul-

224 3001 273 3044 lis
299 3018 436 3059 neque
456 3001 579 3052 curis,
606 3016 741 3057 neque
771 3000 967 3050 consiliis,
991 3015 1127 3056 neque
1149 2999 1365 3040 laboribus
1384 3014 1554 3056 parcere
1578 3012 1766 3054 unquam
1786 2994 1936 3044 velitis,
1965 3008 2049 3049 quo

224 3068 366 3108 omnia
388 3065 604 3124 pastoralis
630 3066 813 3106 muneris
838 3064 977 3106 officia
998 3064 1302 3122 religiosissime
1332 3064 1466 3116 obire,
1492 3079 1540 3104 ac
1561 3077 1708 3103 omnes
1727 3059 1896 3101 dilectas
1915 3057 2048 3098 Nobis

225 3148 321 3173 oves
338 3131 634 3190 pretiosissimo
655 3129 807 3172 Christi
826 3131 1028 3188 sanguine
1050 3129 1304 3186 redemptas,
1326 3139 1367 3169 et
1387 3143 1496 3169 curae
1516 3138 1662 3169 vestrae
1681 3124 1920 3167 commissas
1936 3136 1960 3162 a
1975 3136 2046 3162 ra·-

226 3198 390 3253 pacium
417 3198 613 3254 luporum
634 3196 766 3247 rabie,
787 3195 960 3253 impetu,
992 3193 1151 3236 insidiis
1179 3192 1424 3245 defendere,
1450 3208 1602 3249 easque
1632 3191 1685 3232 ab
1708 3187 1923 3231 venenatis
1947 3200 2044 3243 pas—
