2135 3442
183 176 259 211 412
859 171 1048 206 LETTRE
1076 171 1143 205 DE
1169 170 1248 206 PIE
1275 170 1347 206 IX.

183 270 435 308 revocasset,
469 258 585 300 Sitne
614 257 784 315 corpori
816 256 910 298 vitre
941 256 1199 315 principium
1230 255 1456 314 proprium
1488 256 1542 296 ab
1576 255 1716 297 anima
1748 256 1945 297 rationali
1975 246 2042 298 re*

182 326 273 382 ipsa
297 324 541 374 discretum,
569 339 619 364 eo
650 321 898 364 temeritatis
924 337 1197 378 progressum
1232 337 1335 371 esse,
1361 331 1407 361 ut
1436 319 1677 378 appositam
1704 320 1960 362 sententiam
1982 331 2025 362 et

181 389 413 446 appellaiet
434 387 676 429 haereticam
693 398 734 428 et
755 403 832 444 pro
853 386 926 428 tali
944 385 1187 427 habendam
1205 401 1295 428 esse
1322 384 1465 426 multis
1488 385 1630 426 verbis
1654 396 1864 443 argueret.
1897 385 2024 439 Quod

181 454 357 511 quidem
379 469 468 494 non
487 468 712 511 possumus
730 468 817 492 non
842 451 1117 492 vehementer
1137 451 1397 509 improbare,
1425 450 1621 491 consider
1624 462 1758 501 antes,
1784 451 1893 492 hanc
1922 466 2022 492 sen-

176 518 369 571 tentiam,
393 534 485 576 quae
505 534 639 558 unum
661 517 703 557 in
718 515 892 557 homine
912 515 1034 572 ponit
1055 515 1148 557 vitae
1171 515 1435 574 plincipium
1451 515 1638 556 animam
1660 516 1818 556 scilicet
1835 514 2025 557 rationa-

174 583 275 635 lem,
298 600 320 624 a
341 600 423 640 qua
448 599 601 640 corpus
623 597 794 638 quoque
815 591 856 621 et
878 591 1044 621 motum
1067 591 1109 621 et
1126 580 1258 622 vitam
1291 596 1467 621 omnem
1497 590 1539 620 et
1563 595 1733 621 sensum
1756 579 1950 638 accipiat,
1979 579 2023 620 in

172 648 250 689 Dei
274 648 460 689 Ecclesia
480 663 570 688 esse
600 644 993 687 communissimam
1023 656 1148 702 atque
1168 646 1419 687 doctoribus
1442 644 1669 703 plerisque,
1703 656 1746 686 et
1771 645 2024 703 probatissi-

172 712 250 754 mis
273 713 449 769 quidem
469 713 668 762 maxime,
688 727 785 752 cum
808 710 1004 751 Ecclesiae
1026 710 1226 769 dogmate
1250 710 1309 751 ita
1343 709 1479 752 videri
1500 711 1787 765 conjunctam,
1821 721 1867 751 ut
1896 710 2024 765 hujus

172 777 225 818 sit
244 777 433 834 legitima
455 777 628 833 solaque
649 792 747 818 vera
766 775 1072 833 interpretatio,
1112 792 1188 816 nec
1208 775 1386 833 proinde
1413 775 1504 817 sine
1533 790 1675 817 errore
1704 774 1748 816 in
1777 774 1861 817 fide
1891 774 2025 833 possit

177 843 338 899 negari.

233 908 336 960 Quse
378 923 474 947 cum
509 905 606 955 tibi,
638 904 901 945 Venerabilis
932 905 1095 955 Frater,
1129 920 1179 945 ex
1217 916 1331 946 certa
1363 905 1539 947 scientia
1585 917 1625 946 et
1655 916 1775 946 motu
1820 904 2014 962 proprio,

170 971 459 1020 rescribimus,
478 970 681 1012 ardenter
700 970 911 1027 cupimus,
932 970 1019 1010 imo
1038 969 1219 1010 fidenter
1249 985 1469 1026 speramus
1503 969 1607 1021 sore,
1635 981 1679 1011 ut
1704 970 1881 1011 dilectus
1902 969 2020 1010 filius

172 1038 356 1078 Joannes
389 1036 553 1077 Baltzer
581 1046 624 1076 et
650 1036 805 1085 caeteri,
839 1035 910 1091 qui
948 1035 1045 1076 huic
1079 1034 1222 1075 aliisve
1251 1035 1476 1076 Guntherii
1510 1036 1785 1093 opinionibus
1824 1051 1847 1076 a
1880 1034 2018 1076 Nobis

172 1101 412 1159 reprobatis
443 1116 712 1157 quocumque
732 1099 863 1141 modo
888 1099 1161 1150 adhoesmint,
1181 1100 1273 1154 jam
1293 1116 1340 1140 se
1364 1116 1464 1157 erga
1485 1101 1594 1141 hanc
1614 1100 1864 1150 Ecclesiam,
1889 1114 2020 1157 quam

172 1166 362 1207 Christus
382 1165 591 1207 Dominus
610 1165 872 1221 reliquarum
890 1165 1084 1206 omnium
1110 1166 1291 1206 Matrem
1313 1175 1354 1205 et
1373 1165 1624 1222 Magistram
1648 1180 1739 1206 esse
1759 1165 1910 1215 voluit,
1936 1164 2017 1206 do-

174 1231 274 1272 ciles
305 1242 347 1272 et
368 1231 603 1289 morigeros
624 1230 870 1280 exhibeant,
900 1229 1271 1287 quemadmodum
1305 1240 1345 1270 et
1374 1229 1539 1271 Baltzer
1569 1230 1658 1287 ipse
1692 1241 1734 1270 et
1760 1229 1830 1270 alii
1860 1229 2024 1271 dudum

171 1295 442 1337 laudabiliter
477 1306 574 1336 sunt
608 1295 800 1353 polliciti.
833 1298 891 1337 Te
920 1311 1038 1345 vero,
1064 1294 1330 1336 Venerabilis
1362 1296 1527 1345 Frater,
1552 1295 1788 1345 hortamur,
1824 1305 1868 1335 ut
1903 1297 2023 1352 Apo-

173 1361 269 1402 stoli
303 1361 499 1418 exemplo
546 1362 589 1402 in
626 1360 913 1419 captivitatem
951 1360 1147 1418 redigens
1186 1375 1360 1401 omnem
1392 1359 1653 1402 intellectum
1674 1360 1722 1401 -in
1759 1360 2015 1417 obsequium

171 1426 326 1467 Christi
353 1427 463 1467 hanc
484 1427 656 1484 plenam
674 1425 1003 1467 submissionem
1024 1426 1076 1466 ab
1106 1425 1155 1466 iis
1180 1425 1438 1482 praesertim,
1462 1424 1531 1483 qui
1552 1425 1657 1467 alios
1678 1424 1851 1476 docent,
1872 1436 2023 1466 aucto-

172 1490 298 1533 ritate
321 1502 392 1532 tua
418 1492 623 1549 postules,
646 1491 863 1533 licentiam
890 1502 1031 1532 autem
1055 1506 1226 1543 eorum,
1251 1490 1324 1548 qui
1352 1490 1463 1532 forte
1488 1490 1634 1532 audire
1661 1490 1916 1544 detrectant,
1939 1505 2017 1547 po-

181 1566 343 1607 testate,
375 1573 504 1613 quam
526 1556 642 1597 dedit
662 1556 739 1597 tibi
764 1558 893 1609 Deus,
918 1571 1131 1598 coerceas.

241 1675 457 1731 Superest,
493 1684 540 1714 ut
571 1675 663 1724 tibi,
692 1673 959 1714 Venerabilis
990 1674 1152 1720 Frater,
1187 1689 1234 1713 ac
1268 1672 1384 1730 gregi
1412 1673 1610 1714 universo
1643 1673 1725 1713 tuis
1758 1672 1869 1714 curis
1904 1687 2026 1713 com·-

181 1738 308 1780 misso
329 1738 608 1796 apostolicam
633 1737 978 1780 benedictionem
998 1749 1089 1778 toto
1113 1736 1254 1778 cordis
1278 1736 1430 1778 affectu
1454 1737 1764 1795 impertiamur.

239 1824 395 1863 Datum
427 1824 573 1863 Romae
604 1822 717 1880 apud
744 1822 944 1862 Sanctum
973 1822 1147 1862 Petrum
1191 1819 1259 1861 die
1300 1825 1354 1862 30
1385 1819 1530 1878 aprilis
1550 1836 1662 1861 anno
1688 1824 1815 1869 1860,
1846 1818 2027 1859 Pontifi-

183 1899 299 1929 catus
318 1887 452 1929 nostri
479 1903 594 1928 anno
615 1887 782 1929 decimo
807 1897 976 1944 quarto·

1439 1945 1564 1985 PIUS
1594 1944 1679 1986 ΡΡ.
1715 1946 1791 1986 ΙΧ.
