2135 3442
147 139 223 175 536
755 136 919 173 BULLE
948 138 1014 172 DE
1043 138 1392 176 RATIFICATION

146 224 278 274 gitimo
299 223 430 274 capiti,
455 231 532 260 tota
554 222 608 260 vis
629 222 693 260 illa
714 237 757 259 ac
780 221 1029 274 pulchritudo
1049 233 1119 271 est,
1142 239 1216 275 qna
1240 226 1353 273 hujus
1377 227 1579 277 mysticum
1602 240 1741 278 corpus
1769 226 1996 265 nobilitatur

146 297 190 321 ac
209 291 379 334 praestat.
399 282 510 328 Quod
531 281 646 319 decus
669 280 750 333 ejus
776 281 1015 333 praecipuum
1035 295 1078 319 ac
1096 283 1304 334 singulare,
1324 287 1561 337 Redemptor
1583 294 1728 330 noster,
1750 299 1837 322 cum
1859 294 1896 323 et
1914 287 1997 334 ejus

146 340 349 393 proprium
375 354 455 377 esse
484 348 521 377 et
554 339 770 377 conservari
800 353 920 389 usque
948 341 996 377 ad
1022 343 1390 380 consummationem
1420 344 1546 382 saeculi
1576 344 1741 380 maxime
1767 343 1932 382 voluerit
1955 344 1995 381 in

148 402 280 438 eadem
302 398 489 451 Ecclesia,
511 413 625 449 quam
655 398 855 449 acquisivit
885 399 1071 448 sanguine
1091 414 1173 453 suo,
1195 411 1399 452 antequam
1419 404 1467 440 ad
1483 406 1633 440 Patrem
1655 404 1891 450 ascenderet,
1913 417 1997 441 me-

148 458 348 496 morandis
370 458 443 496 illis
467 457 594 496 verbis
615 458 667 495 sic
694 471 766 509 pro
796 471 840 494 ea
864 458 989 494 oravit
1010 474 1019 495 z
1054 478 1069 492 «
1093 463 1206 498 Pater
1225 470 1369 510 sancte,
1391 475 1501 499 serva
1523 475 1587 499 eos
1614 475 1709 512 quos
1729 461 1867 499 dedisti
1886 461 1994 509 mihi,

153 536 169 551 «
202 526 244 554 ut
271 517 347 555 sint
374 531 508 564 unum,
533 516 632 554 sicut
659 525 695 554 et
724 530 863 555 nosm.
888 525 931 553 ut
958 531 1092 555 omnes
1114 533 1232 557 unum
1256 520 1345 568 sint,
1371 520 1468 558 sicut
1495 529 1550 570 tu,
1577 523 1704 568 Pater,
1727 520 1767 557 in
1786 534 1846 558 me
1870 529 1907 558 et
1927 534 1999 571 ego

153 595 170 611 ι(
202 576 241 614 in
264 585 314 622 te,
335 585 377 614 ut
396 585 433 614 et
453 575 525 627 ipsi
546 576 584 613 in
606 575 715 612 nobis
733 589 851 612 unum
870 575 958 615 sint.
981 595 997 610 »

202 887 294 922 Haec
314 899 384 922 nos
402 886 530 922 animo
552 884 771 934 cogitantes
793 884 908 921 simul
926 897 969 921 ac
991 883 1231 922 inscrutabili
1252 883 1390 921 divinae
1410 884 1666 921 Providentiae
1686 884 1862 932 consilio,
1884 886 1932 922 ad
1943 899 2004 922 su-

150 958 327 997 premum
349 944 601 995 Apostolatus
626 942 791 994 apicem,
816 942 907 980 licet
925 942 1088 993 indigni,
1117 942 1243 979 vocati
1267 943 1419 990 fuimus,
1440 942 1564 980 statim
1590 944 1849 981 convertimus
1873 943 2004 981 oculos

150 1012 303 1041 nostros
322 1005 377 1039 acl
388 1007 568 1052 populum
592 1004 870 1051 acquisitionis,
891 1005 1044 1038 solliciti
1062 1016 1209 1038 servare
1230 1007 1408 1038 unitatem
1428 1006 1465 1037 in
1490 1004 1631 1038 vinculo
1645 1009 1771 1052 pacis,
1784 1003 2004 1054 Galliasque

150 1062 392 1114 potissimum
423 1061 629 1108 intuentes,
666 1060 931 1110 magnitudine
968 1060 1184 1110 regionum,
1223 1061 1455 1112 populorum
1488 1061 1715 1111 frequentia,
1738 1076 1780 1100 ac
1807 1061 2004 1114 religionis

151 1120 275 1171 gloria
296 1120 424 1158 multis
436 1120 517 1172 jam
537 1119 684 1157 saeculis
699 1119 1109 1167 commendatissimas,
1132 1119 1300 1157 maximo
1320 1120 1454 1157 dolore
1473 1119 1599 1157 affecti
1619 1134 1762 1172 sumus,
1785 1121 2004 1158 cumanim-

152 1179 434 1217 adverterimus
453 1180 637 1229 regiones
663 1178 764 1230 ipsas
782 1192 865 1228 quae
879 1178 1026 1215 tamdiu
1044 1179 1224 1216 Ecclesiae
1246 1180 1364 1216 decus
1386 1193 1428 1216 ac
1446 1178 1591 1216 deliciae
1611 1179 1837 1228 extitissent,
1857 1189 2005 1231 postre—

153 1239 223 1275 mis
244 1238 349 1276 hisce
380 1237 842 1289 temporibus,intestinis
862 1237 1219 1289 perturbationibus
1240 1239 1337 1275 adeo
1359 1237 1569 1288 exagitatas
1590 1237 1719 1286 fuisse,
1737 1247 1779 1275 ut
1796 1238 2005 1275 maximum

153 1297 289 1347 religio
311 1297 586 1335 detrimentum
608 1296 751 1334 exinde
773 1297 978 1348 acceperit,
1008 1297 1116 1345 cujus
1136 1311 1264 1348 causa,
1297 1297 1512 1334 recolendae
1533 1296 1728 1334 memoriae
1756 1297 1844 1334 Pius
1864 1300 1916 1335 VI
1934 1299 2005 1335 de-

153 1370 281 1393 cessor
301 1365 430 1393 noster
451 1365 507 1393 tot
528 1365 731 1406 tantasque
752 1370 862 1393 curas
883 1355 1086 1408 impendit.
1113 1356 1301 1394 Nolumus
1322 1370 1392 1394 nos
1413 1356 1474 1393 hic
1503 1357 1869 1394 commemoratione
1887 1355 2007 1393 malo-

154 1429 239 1452 rum
257 1429 301 1452 ea
320 1415 481 1453 vulnera
501 1415 702 1466 refricare,
726 1430 812 1466 quae
834 1415 963 1452 divina
986 1415 1235 1453 Providentia
1256 1430 1357 1453 nunc
1385 1429 1520 1452 sanare
1541 1424 1740 1467 properat.
1765 1415 1912 1463 Quibus
1937 1428 2007 1452 nos

155 1473 283 1511 divina
304 1488 378 1526 ope
398 1473 533 1526 adjuti,
555 1489 642 1511 cum
662 1483 887 1526 opportuna
908 1474 1076 1512 remedia
1098 1474 1282 1512 adhibere
1312 1475 1475 1511 maxime
1511 1488 1755 1526 cuperemus,
1788 1474 1883 1512 illud
1905 1475 2008 1521 jam-

154 1533 305 1584 pridem
324 1533 544 1585 apostolicis
565 1534 707 1571 nostris
727 1533 883 1571 Litteris
894 1533 957 1570 die
980 1533 1128 1571 decima
1149 1534 1282 1584 quinta
1302 1533 1392 1571 Maii
1406 1533 1616 1584 superioris
1638 1534 1726 1570 anni
1746 1534 1794 1570 ad
1807 1532 2008 1570 universos

156 1591 366 1643 Episcopos
395 1593 513 1643 datis,
536 1592 702 1643 professi
722 1606 868 1637 sumus,
895 1610 912 1626 ι(
935 1592 1039 1629 Nihil
1058 1593 1224 1644 optatius
1245 1592 1468 1643 contingere
1488 1592 1605 1630 Nobis
1625 1606 1736 1644 posse
1753 1606 1868 1643 quam
1889 1591 2007 1628 vitam

163 1669 178 1683 «
211 1665 282 1702 pro
300 1651 387 1688 filiis
404 1651 559 1701 nostris,
583 1652 649 1701 qui
668 1661 759 1689 sunt
781 1650 916 1689 Galliae
934 1651 1084 1703 populi,
1106 1653 1355 1703 profundere,
1376 1652 1406 1689 si
1427 1665 1560 1688 eorum
1579 1651 1679 1689 salus
1702 1660 1831 1703 posset
1853 1649 2007 1688 interitu

162 1727 177 1741 «
211 1718 342 1748 nostro
365 1710 648 1761 repraesentari.
671 1728 688 1743 n

213 1944 272 1979 Ad
292 1956 335 1980 ea
355 1955 375 1978 a
394 1945 507 1979 Patre
525 1940 881 1978 misericordiarum
899 1941 1140 1992 impetranda
1163 1955 1250 1978 cum
1270 1941 1534 1978 indesinenter
1558 1953 1691 1991 preces
1710 1948 1863 1991 nostrae,
1886 1939 2010 1990 lacry-

160 2015 306 2052 maeque
326 2001 365 2038 in
383 2000 553 2037 maxima
571 2000 690 2037 animi
710 1999 937 2049 aegritudine
959 2000 1302 2050 profunderentur,
1330 2017 1346 2033 α
1370 2003 1473 2037 Deus
1494 1998 1609 2036 totius
1634 1998 1920 2046 consolationis,
1943 1998 2009 2049 qui

164 2079 181 2095 α
204 2059 424 2098 consolatur
439 2073 508 2096 nos
526 2059 565 2095 in
589 2058 693 2096 omni
709 2058 958 2096 tribulatione
975 2068 1120 2105 nostra,
1144 2075 1159 2093 »
1182 2059 1404 2096 recordatus
1417 2057 1691 2095 misericordiae
1708 2071 1800 2105 suae,
1819 2056 2009 2108 respicere

160 2121 338 2169 dignatus
360 2127 415 2156 est
431 2118 605 2155 dolorem
626 2127 815 2169 nostrum,
839 2132 882 2155 ae
904 2118 1132 2155 admirando
1151 2118 1403 2169 providentiae
1423 2130 1499 2154 suae
1519 2116 1700 2163 consilio,
1723 2129 1793 2153 nec.
1815 2115 2010 2167 opinanti-

160 2179 230 2216 bus
249 2178 375 2225 nobis,
399 2178 546 2214 aditum
569 2177 735 2229 aperuit,
759 2192 836 2228 quo
848 2191 932 2224 nos,
957 2185 994 2214 et
1011 2176 1123 2214 tantis
1141 2177 1250 2214 malis
1272 2190 1492 2223 occurrere,
1516 2185 1553 2213 et
1569 2176 1745 2213 Ecclesiae
1767 2174 1953 2212 unitatem
1974 2183 2011 2212 et

162 2237 405 2285 charitatem,
421 2250 536 2286 quam
557 2254 575 2270 <c
599 2236 780 2287 antiquus
800 2235 958 2273 humani
977 2235 1128 2286 generis
1149 2235 1268 2273 hostis
1292 2234 1598 2287 superseminans
1621 2233 1760 2271 zizania
1779 2247 1893 2284 super
1912 2246 2012 2282 mys-

165 2314 182 2331 «
205 2299 322 2333 ticum
339 2295 517 2333 Ecclesiae
540 2308 675 2345 agrum
700 2312 715 2329 >›
741 2294 951 2332 dissolvere
973 2303 1085 2345 atque
1112 2295 1337 2345 extinguere
1364 2302 1522 2332 conatus
1543 2302 1637 2340 erat,
1668 2292 1911 2330 constabilire
1937 2291 2012 2329 ite-

162 2369 248 2393 rum
269 2369 311 2392 ac
332 2368 512 2392 revocare
534 2368 745 2406 possemus.

216 2413 413 2464 Siquidem
431 2414 494 2452 ille
512 2413 718 2461 Dominus,
748 2431 764 2447 «
785 2413 850 2463 qui
871 2413 976 2450 dives
995 2422 1051 2450 est
1071 2413 1110 2450 in
1134 2412 1413 2459 misericordia,
1436 2412 1577 2462 cogitat
1591 2410 1749 2447 consilia
1762 2409 1868 2462 pacis
1881 2418 1918 2447 et
1934 2423 2012 2446 non

167 2492 184 2508 «
210 2473 441 2524 afflictionis,
458 2490 474 2506 υ
497 2473 682 2511 illustrem
704 2473 828 2509 virum
846 2486 963 2523 penes
980 2486 1095 2522 quem
1117 2486 1263 2509 summa
1284 2486 1384 2509 nunc
1404 2470 1608 2509 Gallicanae
1623 2468 1858 2521 Reipublicae
1875 2477 1931 2506 est
1950 2469 2015 2505 ad-

165 2531 412 2578 ministratio,
441 2532 575 2568 eadem
597 2531 808 2583 cupiditate
828 2533 945 2569 finem
968 2540 1022 2568 tot
1041 2530 1150 2569 malis
1180 2531 1403 2582 imponendi
1432 2529 1696 2575 inflammavit,
1717 2537 1760 2565 ut
1779 2527 1859 2580 ejus
1876 2541 1948 2578 ope
1972 2527 2012 2564 in

165 2590 402 2628 abundantia
428 2591 534 2641 pacis
556 2591 744 2640 religione
762 2590 951 2637 restituta,
974 2589 1259 2627 bellicosissima
1276 2590 1339 2627 illa
1353 2589 1464 2628 “Natio
1480 2589 1526 2626 ad
1547 2587 1703 2625 unicum
1731 2587 1821 2624 fidei
1839 2594 2012 2624 centrum

166 2658 429 2688 revocaretur.

219 2770 291 2808 Vix
312 2769 528 2807 carissimus
549 2768 587 2805 in
608 2769 760 2806 Christo
782 2768 898 2806 Filius
918 2767 1282 2818 nosterNeapoleon
1302 2764 1685 2817 Bonaparte,Consul
1701 2762 1846 2815 primus
1865 2761 2014 2813 Reipu-

169 2829 277 2866 blicae
299 2829 515 2874 Gallicanae,
536 2827 608 2865 sibi
625 2836 777 2877 gratum
797 2829 878 2864 fore
900 2827 1118 2864 testificatus
1137 2834 1205 2872 est,
1220 2835 1261 2863 ut
1279 2824 1454 2862 tractatio
1474 2824 1649 2874 iniretur,
1671 2822 1709 2859 vi
1726 2821 1833 2873 cujus
1856 2820 2014 2870 religio-

167 2890 225 2926 nis
244 2889 366 2926 cultus
384 2888 423 2925 in
445 2886 584 2934 Gallia,
610 2889 692 2923 Deo
719 2887 937 2936 adjuvante,
968 2886 1127 2923 feliciter
1154 2884 1432 2933 restitueretur,
1461 2883 1600 2933 gratias
1617 2882 1762 2931 egimus
1781 2884 1879 2928 Deo,
1907 2880 2014 2926 cujus

165 2948 279 2985 unius
296 2946 573 2985 misericordiae
596 2946 670 2983 hoc
690 2958 761 2981 nos
785 2945 1013 2982 beneficium
1034 2953 1233 2995 acceptum
1262 2943 1533 2980 referebamus.
1557 2945 1691 2991 Itaque
1711 2953 1760 2977 ne
1778 2947 1910 2976 nostro
1926 2951 2015 2975 mu-

168 3007 266 3053 neri,
291 3021 334 3044 ac
367 3006 499 3043 studiis
519 3005 692 3057 ejusdem
712 3003 827 3055 primi
843 3005 1014 3041 Consulis
1032 3005 1263 3051 deessemus,
1286 3001 1411 3038 statim
1433 2999 1701 3038 venerabilem
1728 3001 1915 3043 Fratrem,
1935 2999 2012 3060 Ar-

170 3065 458 3117 cliiepiscopum
485 3064 680 3115 Corinthi,
704 3064 752 3100 ad
779 3062 986 3099 ineundam
1019 3062 1115 3099 tanti
1133 3061 1247 3113 liujus
1267 3060 1410 3110 negotii
1433 3058 1695 3097 tractationem
1714 3056 1899 3094 misimus.
1921 3057 2008 3102 Qui,

171 3139 259 3161 cum
279 3124 447 3161 Parisios
464 3123 646 3171 venisset,
671 3121 800 3159 multis
819 3120 907 3158 hinc
927 3120 1015 3158 inde
1036 3120 1210 3158 discussis
1231 3128 1343 3169 atque
1363 3118 1651 3164 animadversis,
1678 3117 1829 3154 tandem
1849 3113 1950 3151 misit
1961 3111 2008 3148 ad

171 3197 240 3220 nos
265 3183 444 3221 articulos
468 3183 653 3234 quosdam
673 3181 744 3219 sibi
765 3180 997 3231 propositos.
