2135 3442
197 169 272 206 186
700 168 885 205 LETTRE
913 168 1226 214 ENCYCLIQUE
1255 168 1318 204 DE
1349 169 1428 204 PIE
1455 168 1523 203 IX.

264 1053 424 1094 Verum
446 1069 544 1093 cum
572 1074 589 1089 «
616 1052 723 1093 nihil
742 1052 810 1105 sit,
827 1053 942 1109 quod
960 1053 1063 1095 alios
1081 1053 1217 1112 magis
1235 1053 1286 1095 ad
1302 1054 1517 1112 pietatem,
1541 1066 1582 1096 et
1597 1054 1675 1096 Dei
1698 1055 1858 1097 cultum
1875 1054 2037 1098 assidue

205 1140 222 1155 «
253 1119 436 1159 instruat
453 1133 579 1174 quam
604 1133 750 1159 eorum
774 1117 858 1158 vita
879 1129 921 1159 et
948 1118 1206 1175 exemplum,
1230 1121 1302 1176 qui
1333 1135 1374 1160 se
1407 1119 1551 1161 divino
1585 1119 1818 1162 ministerio
1860 1121 2035 1163 dedica-

201 1204 219 1219 «
243 1183 402 1233 runt¹,»
424 1193 467 1223 et
483 1181 721 1237 cujusmodi
743 1192 841 1223 sunt
862 1181 1128 1234 Sacerdotes,
1148 1183 1353 1238 ejusmodi
1367 1184 1616 1241 plerumque
1640 1200 1728 1227 esse
1753 1186 1886 1228 soleat
1902 1197 1943 1228 et
1955 1202 2035 1244 po-

194 1248 330 1305 pulus,
357 1263 435 1304 pro
453 1258 589 1288 vestra
612 1246 820 1303 singulari
847 1247 1052 1305 sapientia
1078 1248 1329 1307 perspicitis,
1356 1250 1632 1292 venerabiles
1660 1253 1842 1304 Fratres,
1873 1268 2037 1294 summa

194 1328 295 1353 cura
324 1322 364 1352 et
391 1311 529 1353 studio
558 1311 677 1353 vobis
715 1327 805 1353 esse
839 1312 1174 1366 elaborandum,
1201 1324 1249 1354 ut
1276 1313 1321 1354 in
1346 1314 1469 1355 Clero
1494 1331 1663 1356 morum
1700 1315 1902 1373 gravitas,
1938 1316 2034 1358 vitae

194 1376 428 1434 integritas,
449 1376 666 1426 sanctitas,
693 1388 823 1433 atque
845 1376 1038 1418 doctrina
1061 1377 1237 1428 eluceat,
1265 1389 1307 1420 et
1331 1379 1607 1421 ecclesiastica
1629 1379 1849 1438 disciplina
1875 1396 1928 1422 ex
1958 1381 2035 1422 Sa-

195 1457 365 1483 crorum
392 1442 615 1482 Canonum
645 1441 895 1499 prtescripto
930 1442 1251 1499 diligentissime
1273 1455 1477 1495 servetur,
1510 1456 1551 1485 et
1573 1444 1647 1485 ubi
1673 1445 1856 1503 collapsa
1887 1445 2031 1497 fuerit,

196 1507 239 1546 in
255 1506 482 1564 pristinum
500 1506 771 1564 splendorem
792 1506 1058 1549 restituatur.
1079 1509 1172 1560 Qua
1185 1519 1376 1566 propter,
1399 1509 1527 1551 veluti
1548 1509 1753 1567 praeclare
1773 1509 1900 1563 scitis,
1916 1510 2037 1552 vobis

195 1586 462 1628 summopere
489 1570 750 1621 cavendum,
777 1587 832 1612 ne
859 1571 1066 1629 cuipiam,
1095 1573 1215 1627 juxta
1236 1573 1432 1631 Apostoli
1459 1586 1732 1632 praeceptum,
1767 1574 1851 1616 cito
1889 1590 2038 1617 manus

194 1635 444 1693 imponatis,
475 1634 549 1676 sed
577 1651 648 1676 eos
679 1646 848 1677 tantum
874 1636 1004 1678 sacris
1030 1637 1204 1678 initietis
1226 1637 1448 1680 ordinibus
1471 1655 1518 1680 ac
1539 1639 1690 1680 sanctis
1707 1638 1938 1681 tractandis
1957 1639 2036 1680 ad-

193 1701 400 1742 moveatis
416 1700 643 1758 mysteriis,
677 1700 749 1758 qui
770 1712 964 1743 accurate
994 1701 1284 1759 exquisiteque
1305 1703 1526 1760 explorati,
1552 1720 1598 1745 ac
1617 1703 1822 1745 virtutum
1845 1703 2038 1745 omnium

197 1777 347 1807 ornatu
366 1776 406 1806 et
426 1765 643 1823 sapientiae
666 1766 791 1807 laude
817 1766 1011 1824 spectati,
1041 1766 1193 1807 vestris
1218 1766 1469 1808 dioecesibus
1498 1769 1588 1808 usui
1609 1780 1650 1809 et
1670 1779 1929 1809 ornamento
1947 1783 2037 1809 esse.

194 1831 374 1887 possint,
395 1841 522 1887 atque
546 1831 600 1871 ab
631 1829 682 1871 iis
712 1832 910 1872 omnibus
934 1831 1208 1883 declinantes,
1233 1849 1325 1890 quae
1345 1832 1517 1874 Clericis
1537 1834 1679 1885 vetita,
1707 1844 1750 1875 et
1771 1833 2038 1875 attendentes

194 1895 382 1948 lectioni,
410 1895 715 1945 exhortationi,
738 1895 957 1947 doctrinae,
989 1917 1003 1933 «
1022 1896 1263 1954 exemplum
1280 1897 1362 1938 sint
1375 1897 1562 1938 fidelium
1579 1899 1624 1938 in
1637 1898 1844 1950 verbo,in
1866 1913 2040 1939 conver-

195 1961 375 2011 satione,
395 1961 440 2000 in
454 1959 645 2010 caritate,
669 1959 713 2000 in
738 1959 837 2011 fide,
862 1960 906 2002 in
924 1962 1114 2002 castitate
1131 1961 1190 2014 ²3»
1222 1962 1466 2019 cunctisque
1482 1961 1664 2004 afferant
1688 1962 2026 2016 venerationem,

196 2035 238 2066 et
257 2024 464 2082 populum
483 2024 537 2065 ad
563 2024 807 2065 christianae
825 2025 1043 2083 religionis
1062 2025 1372 2068 institutionem
1398 2026 1576 2085 fingant,
1601 2026 1800 2078 excitent,
1821 2039 1946 2084 atque
1967 2028 2036 2068 in-

195 2087 430 2129 flamment.
469 2109 487 2124 «
513 2089 666 2130 Melius
704 2091 816 2130 enim
849 2090 1042 2148 profecto
1085 2102 1160 2142 est,
1192 2102 1238 2132 ut
1273 2091 1576 2149 sapientissime
1607 2102 1757 2133 monet
1787 2091 2037 2132 immortalis

203 2173 220 2189 «
255 2153 472 2194 memoria>
507 2153 759 2195 Benedictus
792 2156 894 2196 XIV
919 2157 1126 2197 Decessor
1152 2157 1325 2209 Noster,
1348 2157 1569 2215 pauciores
1606 2158 1765 2198 habere
1799 2156 2032 2207 ministros,

203 2238 221 2254 «
249 2217 322 2259 sed
353 2219 526 2275 probos,
564 2219 638 2260 sed
667 2218 847 2261 idoncos
879 2231 1004 2277 atque
1039 2220 1176 2272 utiles,
1203 2237 1329 2278 quam
1360 2222 1499 2280 plures
1529 2221 1600 2280 qui
1635 2222 1679 2262 in
1711 2220 2038 2263 aedificationem

204 2303 220 2318 ε
245 2283 442 2356 Corporis
465 2283 633 2334 Clnisti,
657 2284 772 2341 quod
793 2296 854 2326 est
867 2284 1067 2337 Ecclesia,
1096 2285 1385 2344 nequidquam
1401 2298 1485 2328 sint
1500 2286 1692 2329 x‘tllturi
1720 2307 1737 2322 »
1762 2287 1912 2344 Neque
1934 2302 2034 2329 vero

197 2347 425 2405 ignotatis,
453 2349 604 2403 majori
638 2349 854 2406 diligentia
879 2349 1000 2391 vobis
1040 2350 1083 2392 in
1115 2351 1285 2394 illorum
1313 2351 1524 2409 praecipue
1554 2366 1708 2401 mores,
1745 2362 1788 2392 et
1819 2351 2037 2393 scientiam

199 2428 284 2452 esse
302 2411 622 2469 inquirendum,
640 2413 793 2469 quibus
814 2413 1051 2456 animarum
1077 2432 1177 2457 eura
1193 2427 1234 2457 et
1250 2417 1441 2474 regimen
1457 2415 1752 2467 committitur,
1774 2427 1822 2457 ut
1833 2432 1911 2474 1p51
1934 2426 2038 2457 tam-

199 2491 325 2532 quam
344 2477 487 2518 fideles
509 2477 782 2519 multilolmis
812 2479 955 2535 g1atiae
988 2479 1067 2521 Dei
1095 2480 1420 2538 dispensatores
1444 2480 1614 2538 plebem
1649 2480 1728 2521 sibi
1747 2480 2037 2522 concreditam

198 2553 559 2582 sacramentorum
583 2542 955 2584 administratione
970 2576 980 2596 ,
1004 2544 1134 2585 divini
1164 2544 1282 2586 verbi
1305 2544 1604 2602 praedicatione
1627 2561 1674 2586 ae
1697 2546 1783 2586 bon
1793 2561 1917 2587 orum
1936 2560 2037 2603 ope-

199 2620 295 2646 rum
318 2606 514 2663 exemplo
537 2606 803 2648 continenter
826 2624 1012 2665 pascere,
1042 2610 1204 2665 jux-are,
1232 2624 1409 2665 eamque
1430 2609 1483 2650 ad
1507 2611 1648 2650 omnia
1675 2610 1895 2669 religionis
1919 2609 2040 2651 insti-

200 2681 289 2710 tuta
303 2703 312 2719 ,
341 2686 387 2711 ac
402 2670 657 2712 documenta
690 2672 945 2723 informare,
970 2684 1097 2729 atque
1118 2674 1171 2715 ad
1191 2674 1334 2715 salutis
1353 2674 1545 2715 semitam
1568 2675 1802 2732 perducere
1824 2675 2037 2716 studeant.

199 2735 435 2794 Intelligitis
456 2736 657 2777 nimirum
677 2737 880 2778 Parochis
899 2737 1029 2779 officii
1055 2738 1116 2779 sui
1141 2738 1309 2796 ignaris,
1334 2739 1402 2780 vel
1420 2739 1748 2797 negligentibus,
1775 2739 1975 2781 continuo
1999 2749 2040 2780 et

198 2801 455 2858 populorum
492 2817 630 2843 mores
658 2802 857 2859 prolabi,
891 2813 931 2842 et
964 2803 1233 2844 christianam
1256 2803 1387 2844 laxari
1422 2803 1700 2861 disciplinam,
1747 2815 1789 2846 et
1825 2802 2040 2861 religionis

201 2865 359 2907 cultum
380 2865 537 2906 exsolvi
555 2877 680 2923 atque
698 2866 894 2920 convelli,
920 2883 968 2908 ac
984 2867 1084 2908 vitia
1104 2868 1246 2908 omnia
1267 2879 1307 2908 et
1325 2869 1584 2927 corruptelas
1603 2871 1647 2910 in
1666 2869 1899 2911 Ecclesiam
1915 2867 2038 2909 facile

200 2929 356 2973 invehi.
373 2932 436 2973 Ne
457 2942 598 2973 autem
618 2930 697 2972 Dei
710 2947 865 2981 sermo,
886 2932 984 2988 «qni
1004 2933 1136 2987 vivus,
1149 2944 1191 2974 et
1209 2932 1372 2984 efficax,
1387 2945 1428 2975 et
1444 2934 1747 2991 penetrabilior
1766 2932 1881 2976 omni
1898 2931 2038 2990 gladio

249 3118 280 3149 1.
310 3114 447 3149 Concil.
470 3113 571 3147 Trid.
589 3115 678 3148 Sess.
697 3115 819 3156 XXII,
842 3127 918 3161 cap.
949 3117 983 3156 1,
1004 3114 1046 3147 de
1063 3116 1219 3152 Reform.

248 3164 281 3196 2.
309 3161 366 3195 Ad
380 3162 538 3196 Timoth.
557 3174 607 3195 1v.
632 3164 687 3196 12.

248 3212 281 3243 3.
310 3209 440 3243 Bened.
463 3209 565 3252 XIV,
585 3209 620 3242 in
637 3208 747 3255 Epist.
768 3209 914 3256 Encycl.
933 3209 978 3243 ad
996 3222 1116 3244 omnes
1131 3209 1337 3256 Episcopos,
1360 3212 1413 3257 cuj
1420 3223 1458 3245 us
1480 3211 1620 3246 initium
1639 3209 1697 3242 Ubi
1709 3209 1858 3256 primum.
