2135 3442
196 173 269 209 306
805 172 1115 208 ALLOCUTION
1144 174 1209 208 DE
1238 173 1316 208 PIE
1345 173 1416 208 IX.

191 270 305 300 tratae
334 258 519 299 maximo
542 259 626 299 sint
645 258 854 307 Ecclesiae,
875 270 917 300 et
937 259 1045 300 civili
1066 259 1255 301 societati
1280 260 1387 309 usui,
1412 270 1453 300 et
1476 270 1739 310 ornamento,
1759 271 1962 317 quantum
1982 261 2027 302 in

188 322 322 364 Nobis
350 321 428 364 fuit
450 322 561 364 haud
587 323 804 364 omisimus
828 323 943 373 eniti,
976 334 1023 364 ut
1051 323 1133 365 illic
1160 324 1387 382 Regulares
1413 322 1591 364 Ordines
1619 335 1932 376 conserventur,
1956 341 2026 367 re-

189 388 427 440 stituantur,
449 399 690 446 augeantur.
721 389 858 444 Atque
888 388 932 428 in
955 403 1048 429 eam
1076 389 1268 446 profecto
1299 404 1416 446 spem
1435 388 1633 446 erigimur
1660 388 1767 439 fore,
1792 399 1838 429 ut
1855 401 2028 447 propter

188 453 342 495 avitam
366 452 551 524 ejusdem
576 453 800 494 carissimae
828 452 869 493 in
892 452 1057 494 Christo
1078 453 1195 494 Filiae
1213 454 1380 494 Nostiae
1403 452 1626 525 pietatem,
1655 464 1697 494 et
1720 453 1919 494 eximiam
1949 454 2026 495 Hi-

187 518 343 576 spaniae
364 518 546 560 nationis
578 518 825 575 religionem
859 516 935 574 ipsi
962 518 1190 576 Regulares
1213 518 1394 559 Ordines
1431 516 1490 557 ibi
1518 516 1693 574 pristina
1726 517 1948 575 dignitate,
1977 533 2026 559 ac

186 583 409 641 splendore
439 584 641 624 fruantur.
655 553 743 622 DNe
772 581 873 639 quid
903 592 1044 623 autem
1078 581 1310 640 Religionis
1343 583 1459 623 bono
1493 581 1635 638 quavis
1665 582 1829 623 ratione
1858 580 2027 623 officere

185 647 329 707 possit,
359 665 445 689 non
466 649 601 690 solum
626 646 900 689 constitutum
924 658 1001 698 est,
1026 648 1171 705 Leges,
1195 647 1515 697 Ordinationes,
1541 657 1583 687 et
1609 647 1787 687 Decreta
1809 661 2024 704 quaecum-

184 730 263 772 que
291 713 571 755 Conventioni
592 711 855 754 adversantia
880 711 932 752 de
955 711 1098 753 medio
1129 712 1291 753 sublata
1313 711 1488 754 omnino
1514 726 1601 752 esse
1631 727 1678 752 ac
1699 712 1868 769 penitus
1896 710 2024 752 abro-

184 790 292 837 gata,
316 795 465 820 verum
488 779 615 819 etiam
646 776 868 827 sancitum,
892 787 938 817 ut
961 787 1100 817 cetera
1131 776 1289 828 omnia,
1325 792 1417 833 quae
1452 774 1506 816 ad
1538 774 1842 817 ecclesiasticas
1872 791 1954 830 res,
1985 786 2027 817 et

183 858 384 900 personas
411 859 487 901 pei
491 844 638 892 tinent,
671 841 723 882 de
751 842 901 898 quibus
933 840 978 882 in
1000 841 1292 882 Conventione
1314 840 1430 882 nulla
1454 851 1513 882 est
1535 840 1682 881 habita
1709 839 1885 892 mentio,
1905 841 2026 897 juxta

183 908 456 958 canonicam,
488 918 530 948 et
564 908 778 964 vigentem
808 905 1003 947 Ecclesiae
1040 905 1303 964 disciplinam
1340 904 1477 963 exigi,
1513 916 1555 947 et
1586 905 1870 947 administrari
1898 904 2024 963 plane

184 971 382 1014 debeant.

237 1142 326 1183 Nec
345 1155 445 1182 vero
477 1155 524 1181 ea
553 1139 924 1198 praetermisimus,
958 1154 1051 1197 quae
1081 1139 1135 1180 ad
1165 1139 1397 1197 temporale
1424 1139 1618 1181 Ecclesiae
1649 1140 1812 1182 honum
1843 1151 2022 1197 possunt

178 1211 406 1265 pertinere.
426 1204 554 1247 Omni
573 1206 687 1246 enim
717 1205 874 1256 studio,
899 1215 940 1246 et
965 1204 1239 1246 contentione
1261 1203 1580 1255 vindicandum,
1605 1220 1652 1245 ac
1675 1204 1880 1246 tuendum
1901 1220 2021 1246 cura-

177 1273 309 1313 vimus
325 1273 408 1327 jus,
440 1287 524 1327 quo
547 1270 734 1311 Ecclesia
754 1269 902 1328 pollet,
927 1269 1175 1326 acquirendi
1200 1267 1379 1319 scilicet,
1410 1280 1451 1310 et
1473 1268 1724 1326 possidendi
1747 1284 2020 1327 quaecumque

176 1337 288 1377 bona
313 1335 492 1385 stabilia,
518 1346 559 1376 et
577 1333 790 1393 frugifera,
812 1335 942 1376 veluti
959 1335 1179 1375 innumera
1201 1349 1334 1392 prope
1354 1333 1642 1375 Conciliorum
1666 1344 1758 1375 acta
1789 1345 1831 1375 et
1851 1345 2019 1376 sancto-

175 1417 271 1442 rum
289 1401 461 1440 Patrum
488 1400 700 1441 sententiae
721 1411 762 1441 et
781 1399 990 1457 exempla,
1012 1411 1053 1440 et
1074 1398 1441 1440 Praedecessorum
1464 1399 1717 1440 Nostrorum
1737 1398 2017 1441 Constitutio-

174 1481 246 1507 nes
270 1465 531 1523 apertissime
559 1465 805 1521 loquuntur,
828 1463 1134 1522 sapientissime
1165 1463 1336 1516 docent,
1362 1479 1410 1505 ac
1437 1463 1746 1505 demonstrant.
1773 1465 1913 1521 Atque
1933 1463 2017 1504 uti-

173 1545 272 1570 nam
308 1528 463 1586 ubique
495 1530 704 1586 gentium,
741 1529 898 1585 ubique
939 1539 1147 1570 terrarum
1181 1529 1468 1586 possessiones
1502 1530 1613 1579 Deo,
1649 1530 1821 1585 ejusque
1855 1529 2018 1570 Sanctae

174 1593 368 1636 Ecclesiae
399 1593 545 1634 dicatae
569 1608 735 1650 semper
758 1592 970 1633 inviolatae
993 1592 1185 1642 fuissent,
1211 1603 1252 1633 et
1273 1592 1469 1633 homines
1496 1592 1640 1633 debita
1662 1592 1754 1634 illas
1783 1592 2016 1634 reverentia

172 1669 311 1700 essent
342 1659 578 1716 prosecuti!
620 1656 829 1714 Equidem
856 1657 970 1698 haud
1010 1672 1262 1714 cogeremur
1305 1656 1458 1698 deflere
1496 1657 1697 1714 plurima,
1733 1657 2016 1714 omnibusque

172 1724 391 1764 notissima
423 1722 553 1772 mala,
589 1733 629 1763 et
658 1723 813 1763 damna
845 1720 888 1761 in
922 1721 1086 1762 civilem
1117 1721 1252 1778 ipsam
1286 1721 1529 1762 societatem
1563 1721 1750 1762 derivata
1779 1736 1831 1762 ex
1862 1722 2015 1776 injusta

172 1803 365 1845 prorsus,
389 1799 431 1828 et
454 1786 653 1844 sacrilega
677 1785 1051 1827 ecclesiasticarum
1067 1801 1223 1835 rerum,
1247 1801 1294 1827 ac
1310 1786 1526 1827 bonorum
1545 1785 1807 1843 spoliatione,
1834 1795 1874 1826 et
1897 1785 2011 1828 dire-

167 1853 329 1909 ptione,
358 1868 450 1908 quae
474 1852 529 1893 ad
549 1850 850 1892 funestissimos
873 1867 1040 1908 quoque
1064 1866 1111 1892 ac
1133 1851 1507 1908 perniciosissimos
1529 1850 1794 1899 Socialismi,
1821 1860 1863 1890 et
1887 1849 2015 1891 Com-

167 1923 366 1957 mnm'smz'
386 1931 545 1957 errores
572 1915 777 1956 fovendos
800 1931 953 1973 magna
977 1931 1028 1956 ex
1052 1927 1169 1972 parte
1190 1914 1301 1955 viam
1332 1916 1526 1956 munivit.
1549 1916 1642 1956 Jam
1669 1930 1795 1972 porro
1825 1915 1871 1956 in
1898 1916 2013 1957 Con-

167 1981 365 2022 ventione
379 1980 706 2030 constabilitum,
725 1979 1021 2036 firmatumque
1039 1979 1304 2038 conspicietis
1318 1980 1512 2022 Ecclesiae
1532 1981 1599 2035 jus
1619 1995 1749 2020 novas
1767 1980 2013 2037 acquirendi

166 2047 461 2103 possessiones,
488 2061 535 2087 ac
566 2046 685 2086 simul
715 2045 938 2095 sancitum,
963 2055 1010 2084 ut
1032 2045 1268 2102 proprietas
1292 2044 1509 2086 bonorum
1538 2045 1745 2095 omnium,
1767 2059 1858 2100 quae
1878 2043 1947 2085 vel
1966 2045 2011 2086 in

166 2112 388 2167 praesentia
410 2109 612 2168 possidet,
634 2109 699 2150 vel
727 2110 771 2150 in
794 2121 1011 2167 posterum
1041 2110 1242 2166 acquiret,
1276 2109 1455 2167 integra,
1487 2119 1529 2150 et
1557 2107 1808 2149 inviolabilis
1832 2107 2008 2152 omnino

166 2175 372 2216 habeatur
405 2186 528 2231 atque
552 2175 760 2232 persistat.
794 2175 904 2214 Hinc
936 2174 1209 2214 constitutum
1242 2173 1366 2214 etiam
1400 2173 1492 2224 fuit,
1520 2183 1581 2227 ut,
1617 2171 1733 2212 nulla
1761 2173 2007 2230 interposita

165 2254 301 2293 mora,
328 2239 520 2280 Ecclesiae
548 2238 617 2279 illa
647 2238 791 2279 onmia
823 2238 963 2278 statim
994 2237 1266 2278 restituantur
1294 2239 1425 2290 bona,
1456 2252 1547 2294 quae
1569 2236 1761 2277 nondum
1790 2235 2006 2279 divendita

166 2303 294 2344 suere.
313 2303 471 2344 Verum
497 2319 595 2344 cum
618 2319 668 2344 ex
692 2302 904 2360 gravibus,
934 2318 982 2343 ac
1013 2301 1096 2342 fide
1129 2301 1263 2360 dignis
1286 2302 1534 2343 testimoniis
1566 2301 1863 2358 acceperimus,
1889 2317 2002 2343 non-

163 2368 278 2409 nulla
298 2383 348 2409 ex
371 2368 518 2408 iisdem
541 2367 664 2408 bonis
687 2368 877 2409 nondum
900 2367 1088 2408 alienatis
1111 2367 1169 2408 ita
1191 2368 1235 2407 in
1258 2366 1441 2408 deterius
1459 2381 1545 2408 esse
1568 2365 1779 2423 prolapsa,
1801 2376 1843 2406 et
1862 2366 2001 2407 admi-

164 2431 423 2473 nistrationis
444 2431 725 2472 incommodis
749 2432 953 2482 obnoxia,
979 2442 1027 2472 ut
1049 2431 1220 2473 evidens
1243 2442 1404 2473 constet
1433 2430 1626 2471 Ecclesiae
1649 2429 1819 2484 utilitas,
1845 2430 1879 2471 si
1899 2430 1997 2471 illo-

163 2513 259 2537 rum
297 2498 478 2554 pretium
518 2497 561 2536 in
599 2496 758 2553 publici
797 2497 887 2537 aeris
923 2495 1046 2537 alieni
1086 2495 1244 2537 reditus
1276 2511 1511 2552 numquam
1545 2496 1686 2552 quavis
1721 2495 1802 2536 alia
1834 2496 1997 2538 ratione

162 2561 474 2602 transferendos
507 2572 787 2615 convertatur,
818 2561 1025 2617 ejusmodi
1056 2560 1355 2618 permutationi
1383 2560 1688 2619 indulgendum
1716 2575 1802 2602 esse
1829 2559 1994 2602 censui-

163 2640 271 2677 mus,
297 2636 518 2683 postquam
540 2641 640 2667 vero
662 2626 776 2666 bona
798 2625 888 2682 ipsa
908 2626 1063 2666 fuerint
1079 2625 1272 2666 Ecclesiae
1288 2626 1491 2667 restituta.

221 2691 403 2732 Omnem
420 2690 589 2747 quidem
614 2690 805 2731 dedimus
825 2705 1013 2747 operam,
1027 2701 1074 2731 ut
1093 2689 1303 2747 Episcopi,
1319 2690 1525 2748 Capitula,
1545 2690 1793 2740 Seminaria,
1814 2689 1994 2731 Parochi

162 2756 371 2813 congruis,
400 2770 447 2795 ac
471 2754 688 2795 stabilibus
716 2755 932 2812 potiantur
949 2754 1165 2804 reditibus,
1194 2754 1264 2812 qui
1288 2755 1482 2796 Ecclesiae
1505 2766 1711 2813 perpetuo
1742 2753 1917 2806 addicti,
1939 2755 1993 2795 ab

162 2836 209 2861 ea
231 2820 362 2861 libere
385 2831 507 2861 erunt
530 2819 864 2860 administrandi.
892 2821 944 2860 Et
970 2820 1001 2860 si
1021 2834 1119 2860 vero
1139 2820 1183 2860 hi
1202 2819 1359 2861 reditus
1377 2837 1473 2862 cum
1493 2821 1662 2877 antiqua
1684 2819 1860 2877 Hispani
1881 2819 1992 2860 Cleri

162 2884 261 2926 dote
282 2883 463 2926 conferri
490 2899 577 2924 non
598 2883 774 2941 possint,
803 2894 843 2924 et
872 2884 927 2924 ob
958 2894 1197 2940 temporum
1227 2885 1494 2942 asperitatem
1514 2884 1714 2936 minores,
1747 2898 1874 2940 quam
1902 2882 1989 2923 Nos

161 2950 482 3008 optavissemus,
507 2949 705 3001 existant3
741 2959 881 2988 tamen
913 2947 1045 3005 probe
1075 2959 1315 3001 noscentes,
1353 2966 1434 3007 qua
1466 2948 1666 3007 singulari
1695 2947 1916 3005 religione,
1946 2957 1988 2988 et

160 3015 315 3070 pietate
345 3013 459 3055 idem
489 3011 786 3070 Hispaniarum
806 3011 948 3052 Clerus
966 3027 1234 3070 summopere
1258 3025 1439 3071 praestet,
1466 3014 1592 3072 plane
1612 3028 1700 3053 non
1727 3010 1982 3059 dubitamus,

160 3079 261 3134 quin
285 3080 374 3137 ipse
399 3079 442 3119 in
464 3076 602 3120 divina
621 3076 837 3118 voluntate
859 3077 1172 3132 conquiescens,
1194 3088 1235 3119 et
1257 3079 1374 3120 omni
1394 3079 1596 3120 virtutum
1618 3091 1769 3136 genere
1791 3072 1923 3131 magis
1940 3073 1985 3113 in

160 3143 249 3184 dies
272 3143 459 3200 undique
480 3142 706 3199 refulgens,
736 3142 781 3181 in
806 3141 975 3181 vineam
1002 3140 1177 3182 Domini
1208 3143 1386 3197 naviter,
1418 3143 1680 3198 scienterque
1710 3137 1984 3182 excolendam

161 3207 350 3250 alacriori
373 3223 502 3265 usque
532 3207 720 3260 solertia,
743 3217 785 3247 et
813 3204 952 3248 studio
980 3205 1219 3259 incumbat,
1250 3224 1346 3249 cum
1376 3206 1605 3266 praesertim
1632 3220 1708 3263 per
1733 3201 1981 3245 eeclesiasti-
