2135 3442
196 185 272 222 194
698 179 884 216 LETTRE
912 179 1226 225 ENCYCLIQUE
1255 179 1320 214 DE
1349 178 1427 214 PIE
1456 178 1526 214 IX.

261 271 365 323 Quae
388 267 530 309 omnia
555 278 601 308 ut
625 282 843 324 prospere,
868 265 1126 322 feliciterque
1147 280 1198 306 ex
1223 264 1431 305 sententia
1455 261 1697 315 succedant,
1721 263 1921 306 adeamus
1944 281 2042 307 cum

204 335 370 387 fiducia,
389 332 662 377 venerabiles
686 334 864 383 Fratres,
888 331 942 372 ad
963 330 1166 371 thronum
1184 330 1343 387 gratiae,
1365 339 1487 385 atque
1504 329 1723 369 unanimes
1743 329 1786 370 in
1803 329 2043 382 humilitate

204 400 340 443 cordis
355 400 487 443 nostri
503 399 671 440 Patrem
692 396 1090 446 misericordiarum,
1112 405 1154 436 et
1172 396 1311 435 Deum
1334 394 1461 434 totius
1479 392 1778 434 consolationis
1798 393 1928 435 enixis
1944 411 2043 453 pre-

204 467 321 508 cibus
340 466 429 508 sine
447 461 755 506 intermissione
777 463 1062 510 obsecremus,
1088 470 1133 500 ut
1156 474 1231 516 per
1253 457 1403 500 merita
1425 458 1642 516 Unigeniti
1665 458 1758 498 Filii
1779 458 1841 500 sui
1866 458 2043 500 infirmi-

206 541 334 573 tatem
347 542 533 573 nostram
548 528 740 570 omnium
760 526 991 567 coelestium
1003 525 1303 566 charismatum
1317 523 1438 580 copia
1457 522 1673 564 cumulare
1688 522 1901 581 dignetur,
1919 534 2044 581 atque

205 595 487 654 omnipotenti
514 609 586 635 sua
608 593 759 634 virtute
791 601 1001 648 expugnet
1029 590 1328 647 impugnantes
1354 604 1446 640 nos,
1474 600 1515 629 et
1541 587 1697 645 ubique
1723 599 1872 645 augeat
1896 587 2041 639 fidem,

206 661 422 718 pietatem,
446 659 734 707 devotionem,
766 671 930 714 pacem,
963 670 1046 711 quo
1065 654 1249 695 Ecclesia
1274 669 1348 694 sua
1371 664 1530 703 sancta,
1561 652 1760 694 omnibus
1783 652 2047 694 adversitati-

202 726 280 766 bus
297 737 339 767 et
353 725 562 767 erroribus
580 722 742 780 penitus
759 720 945 769 sublatis,
970 720 1228 777 optatissima
1245 718 1543 775 tranquillitate
1561 718 1736 768 fruatur,
1760 733 1808 759 ac
1826 717 1899 759 fiat
1912 733 2047 760 unum

208 789 332 841 ovile,
356 800 398 830 et
417 804 524 830 unus
545 798 701 845 pastor.
730 787 788 826 Ut
811 796 951 826 autem
979 783 1324 825 clementissimus
1350 782 1558 824 Dominus
1589 782 1748 824 facilius
1771 783 1943 824 inclinet
1968 798 2047 824 au-

205 870 297 896 rem
312 870 432 895 suam
450 854 492 894 in
515 867 658 910 preces
674 861 853 899 nostras,
878 860 920 890 et
939 849 1090 890 nostris
1111 859 1268 889 annuat
1286 849 1405 898 votis,
1431 847 1756 905 deprecatricem
1773 847 1883 905 apud
1903 849 2047 905 Ipsum

206 934 372 977 semper
391 918 668 959 adhibeamus
690 914 993 956 sanctissimam
1014 915 1093 956 Dei
1107 914 1366 955 Genitricem
1386 913 1706 954 Immaculatam
1723 913 1940 971 Virginem
1955 913 2050 954 Ma-

206 983 328 1036 riam,
355 999 445 1041 quae
466 992 657 1023 nostrum
681 979 872 1021 omnium
893 978 1129 1019 dulcissima
1151 989 1301 1030 mater,
1323 977 1561 1028 mediatrix,
1587 978 1807 1030 advocata,
1830 989 1871 1019 et
1891 993 1984 1036 spes
2003 977 2049 1019 fi-

208 1049 375 1091 dISSima
397 1064 444 1089 ac
463 1046 647 1088 maxima
666 1044 819 1086 fiducia
836 1054 915 1094 est,
934 1045 1051 1099 cujus
1069 1044 1304 1101 patrocinio
1326 1042 1430 1083 nihil
1445 1043 1557 1100 apud
1577 1044 1713 1085 Deum
1737 1042 1925 1095 validius,
1946 1042 2050 1083 nihil

206 1114 463 1173 praesentius.
484 1113 734 1152 Invocemus
759 1123 926 1165 quoque
947 1107 1251 1165 Apostolorum
1273 1107 1528 1165 Principem,
1558 1109 1623 1148 cui
1649 1109 1833 1149 Christus
1852 1109 1937 1166 ipse
1959 1120 2046 1148 tra-

210 1179 316 1222 didit
335 1178 469 1219 claves
492 1176 610 1234 regni
632 1174 851 1223 coelorum,
878 1188 1088 1230 quemque
1108 1171 1303 1214 Ecclesiae
1317 1187 1398 1213 suae
1418 1183 1580 1229 petram
1596 1172 2050 1226 constituit,.adversus

211 1259 337 1302 quam
353 1255 481 1301 portae
498 1242 621 1282 inseri
638 1239 862 1298 praevalere
884 1254 1117 1295 numquam
1134 1247 1350 1296 poterunt,
1370 1248 1412 1278 et
1436 1238 1726 1294 coapostolum
1743 1239 1831 1292 ejus
1850 1235 2044 1286 Paulum,

211 1320 333 1365 atque
362 1322 509 1349 omnes
533 1306 706 1347 Sanctos
726 1303 898 1353 coelites,
925 1304 995 1360 qui
1014 1304 1101 1358 jam
1125 1303 1318 1344 coronati
1339 1301 1555 1360 possident
1578 1303 1780 1359 palmam,
1805 1314 1854 1344 ut
1880 1301 2048 1343 deside-

210 1385 346 1416 ratam
380 1372 529 1414 divina)
558 1368 867 1430 propitiationis
904 1368 1210 1409 abundantiam
1242 1368 1437 1409 universo
1467 1367 1692 1408 christiano
1722 1367 1882 1424 populo
1912 1367 2049 1422 impe-

209 1449 335 1481 trent.

272 1684 465 1741 Denique
488 1681 716 1723 coelestium
731 1682 919 1722 omniurn
940 1696 1163 1722 munerum
1189 1680 1416 1737 auspicem,
1441 1692 1481 1723 et
1506 1682 1730 1739 potissima²
1746 1683 1787 1725 N
1789 1694 1908 1724 ostrae
1923 1683 1965 1722 in
1980 1698 2056 1723 vos
2074 1716 2078 1722 .

214 1749 397 1790 caritatis
421 1758 585 1797 testem,
614 1747 787 1804 accipite
812 1744 1101 1803 Apostolicam
1129 1745 1490 1797 Benedictionem‚
1517 1762 1643 1803 quam
1670 1763 1720 1788 ex
1750 1748 1902 1788 intimo
1927 1745 2056 1788 corde

215 1813 511 1871 depromptam
536 1811 656 1852 vobss
678 1810 799 1869 ipsis,
818 1810 1093 1853 Venerabiles
1118 1811 1281 1851 Fratres
1296 1843 1307 1865 ,
1332 1822 1372 1851 et
1401 1812 1597 1852 omnihus
1621 1811 1814 1864 Clericis,
1840 1810 2056 1869 Laicisque

213 1877 430 1919 Fidelibus
451 1893 558 1918 curae
573 1887 721 1918 vestrae
739 1875 989 1918 concreditis
1011 1874 1290 1917 amantissime
1317 1875 1596 1934 impertimur.

273 1979 428 2018 Datum
454 1979 601 2018 Romae
632 1975 744 2034 apud
778 1977 972 2016 Sanctam
1005 1975 1185 2016 Mariam
1218 1977 1447 2030 Majorem,
1485 1977 1551 2018 die
1584 1964 1626 2018 ix
1658 1975 1911 2018 Novembris
1942 1992 2055 2018 anno

214 2042 552 2092 MDCCCXLVI,
575 2040 846 2082 Pontificatus
867 2039 1011 2082 Nostri
1032 2056 1144 2081 anno
1169 2040 1323 2098 primO.
