2135 3442
928 162 998 197 XV
1028 163 1140 198 MAII
1167 162 1345 199 MDCCC.

507 330 573 397 S.
622 329 688 397 S.
739 331 1050 399 DOMINI
1097 330 1415 399 NOSTRI
1463 330 1585 397 PII
1629 329 1755 398 VII

776 453 1091 505 EPISTOLA
1123 452 1490 509 ENGYGLICA

640 557 1001 602 OCCASIONE
1045 559 1426 602 ELECTIONIS
1474 557 1620 601 SUAE.

207 714 536 740 VENERABiLtssus
597 715 824 741 FRATRIBUS
887 715 1159 740 PATRIARCHIS
1173 733 1182 750 7
1249 715 1348 740 PRIM
1356 713 1496 739 ATIBUS
1508 731 1517 747 ‚
1575 712 1914 738 ARCHIEPISCOPIS
1926 729 1936 749 7
2000 713 2050 738 ΕΤ

266 774 473 799 EPISCOPIS
523 774 736 800 UNIVERSIS
783 775 974 800 GRATIAM
1028 775 1077 799 ET
1129 774 1440 800 COMMUMONEM
1492 772 1601 798 SEDIS
1662 771 1916 797 APOSTOLICAE
1964 771 2049 797 HA-

264 833 477 859 BENTIBts.

915 904 1059 954 PIUS
1097 903 1194 954 PP.
1235 903 1348 952 VII.

403 999 681 1039 Venerabiles
701 1000 889 1050 Fratres,
913 1001 1092 1040 salutem
1117 1009 1155 1040 et
1179 998 1474 1056 Apostolicam
1494 998 1847 1039 Benedictionem.

260 1093 343 1134 Diu
369 1094 467 1133 satis
494 1092 688 1133 videmur
716 1093 831 1150 apud
856 1109 931 1133 vos
957 1093 1164 1146 tacuisse,
1194 1109 1307 1134 nunc
1321 1092 1476 1133 exactis
1509 1092 1675 1134 duobus
1693 1095 1782 1148 jam
1811 1092 2044 1142 mensibus,

200 1157 333 1214 iisque
354 1174 442 1198 non
463 1173 578 1207 cura,
597 1172 675 1197 nec
691 1157 836 1197 labore
857 1157 1016 1208 vacuis,
1040 1174 1090 1198 ex
1105 1173 1189 1214 quo
1210 1158 1292 1199 hoc
1312 1168 1482 1198 tantum
1503 1157 1643 1198 oneris
1661 1159 1829 1199 Nostrae
1848 1157 2043 1199 imbecil-

200 1221 311 1263 litati
328 1223 442 1262 Deus
462 1221 680 1278 imposuit,
707 1233 869 1262 cunctae
890 1233 937 1262 ut
953 1222 1153 1264 Ecclesiae
1176 1239 1261 1264 suoe
1281 1223 1369 1263 Nos
1389 1221 1634 1279 praeficeret,
1661 1222 2047 1279 obtemperandum

202 1286 341 1327 Nobis
366 1298 427 1327 est
456 1302 544 1326 non
585 1297 669 1326 tam
705 1286 1019 1337 consuetudini,
1053 1303 1147 1344 quae
1174 1288 1241 1329 vel
1271 1288 1324 1328 ab
1361 1286 1520 1328 ultimis
1550 1287 1817 1344 temporibus
1850 1287 2041 1337 invaluit,

199 1367 328 1408 quam
347 1350 482 1392 amori
504 1366 603 1407 erga
624 1366 698 1391 vos
715 1351 891 1403 Nostro,
914 1367 1042 1408 quem
1062 1351 1375 1393 necessitudine
1402 1350 1569 1408 collegii
1594 1351 1758 1392 dudum
1779 1362 2039 1409 susceptum,

197 1432 311 1457 nunc
331 1432 431 1457 vero
452 1415 608 1455 mirum
627 1414 671 1455 111
697 1416 875 1456 modum
895 1427 1085 1467 auctum,
1112 1417 1325 1474 pleneque
1359 1415 1622 1458 cumulatum
1649 1416 1867 1467 sentimus,
1895 1432 1972 1458 vos
1998 1427 2045 1458 ut

196 1496 273 1538 per
292 1481 367 1521 has
392 1480 553 1520 litteras
571 1479 721 1521 saltem
752 1481 1060 1537 adloquamur5
1085 1498 1170 1538 quo
1192 1481 1296 1522 nihil
1322 1481 1375 1522 sit
1394 1480 1530 1523 Nobis
1553 1481 1731 1532 dulcius,
1760 1481 1865 1522 nihil
1884 1482 2043 1537 jucun-

196 1546 304 1587 dius.
332 1545 400 1586 Ad
425 1545 541 1601 quod
564 1546 654 1586 Nos
675 1545 803 1586 etiam
824 1545 1103 1588 vehementer
1125 1547 1338 1597 hortatur,
1364 1558 1405 1588 et
1425 1545 1605 1603 impellit
1619 1545 1750 1587 officii
1767 1545 1895 1595 illius,
1924 1545 2040 1603 quod

195 1610 419 1668 proprium
433 1609 585 1659 Nobis,
608 1621 648 1651 et
669 1610 930 1668 praecipuum
954 1622 1031 1661 est,
1056 1611 1165 1652 ratio
1186 1611 1268 1652 illis
1284 1611 1549 1668 consignata,
1571 1622 1613 1652 et
1635 1610 1846 1652 declarata
1866 1610 2008 1652 verbis
2030 1628 2039 1650 :

198 1696 216 1711 «
241 1675 455 1716 Coufirma
488 1674 639 1715 fratres
672 1685 782 1715 tuos.
814 1696 828 1710 >›
864 1676 1013 1731 Neque
1046 1675 1160 1716 0111111
1193 1676 1275 1716 1100
1292 1674 1547 1726 1111501111110,
1586 1691 1633 1716 30
1671 1675 2036 1716 turbulentissimo

190 1752 381 1797 tempore
398 1739 538 1780 minus
560 1754 687 1795 quam
708 1754 898 1795 unquam
923 1751 1045 1781 antea
1062 1740 1190 1781 Satan
1217 1761 1232 1776 α
1258 1739 1460 1797 expetivit
1477 1755 1557 1780 1105
1577 1755 1741 1790 01111105,
1762 1751 1809 1781 ut
1828 1739 2036 1781 cribraret

197 1826 211 1839 «
235 1816 341 1845 sicut
359 1815 563 1845 triticum.
594 1825 610 1839 >›

248 1900 519 1955 Quamquam
537 1897 628 1954 quis
652 1907 714 1937 est
735 1908 821 1937 13111
844 1897 991 1948 hebes,
1016 1908 1104 1938 tam
1136 1912 1283 1938 averso
1308 1913 1331 1938 a
1348 1897 1483 1938 Nobis
1504 1897 1662 1947 animo,
1689 1898 1792 1954 quin
1812 1896 2036 1954 intelligat,

188 1963 452 2020 perindeque
476 1961 718 2020 perspiciat,
743 1972 869 2018 atque
900 1961 984 2012 illa,
1018 1978 1110 2018 quae
1133 1962 1263 2003 oculis
1284 1973 1532 2012 cernuntur,
1570 1961 1612 2002 in
1638 1961 1702 2002 his
1731 1977 1904 2019 quoque
1927 1960 2039 2003 diffi-

188 2028 431 2077 cultatibus,
465 2038 506 2068 et
525 2026 822 2084 asperitatibus
844 2042 986 2067 rerum
1005 2026 1250 2084 praestitisse
1274 2027 1515 2077 Christum,
1537 2026 1654 2083 quod
1675 2037 1785 2068 esset
1799 2026 2034 2085 professus,

188 2103 235 2134 ut
271 2112 289 2128 «
318 2102 461 2132 oraret
499 2107 577 2148 pro
608 2092 758 2142 Petro,
792 2106 846 2132 ne
885 2090 989 2132 fides
1023 2093 1112 2147 ejus
1151 2091 1355 2133 deficeret
1377 2091 1421 2131 ¹?
1470 2113 1486 2128 »
1527 2091 1842 2149 Obstupescent
1872 2091 2035 2148 posteri

188 2168 303 2199 certe
337 2156 606 2213 sapientiam,
641 2155 983 2213 magnitudinem
1015 2155 1168 2206 animi,
1198 2167 1240 2198 et
1275 2155 1559 2198 constantiam
1590 2155 1655 2196 Pii
1689 2157 1767 2206 VI,
1798 2156 1917 2211 cujus
1951 2171 2031 2213 po—

188 2221 328 2262 testati
367 2222 455 2261 Nos
486 2220 788 2273 successimus,
824 2220 989 2260 utinam
1024 2236 1123 2261 vero
1158 2220 1286 2263 etiam
1316 2220 1482 2272 virtuti,
1516 2237 1609 2278 quae
1646 2220 1764 2261 nullo
1802 2231 2033 2278 tempesta-

187 2297 280 2327 tum
309 2285 490 2342 impetu,
527 2300 662 2341 neque
696 2284 982 2325 calamitatum
1016 2301 1225 2327 concursu
1258 2286 1460 2338 convelli,
1498 2297 1570 2326 aut
1595 2284 1843 2326 labefactari
1875 2285 2028 2342 potuit.

187 2352 261 2393 Noe
297 2349 332 2390 is
352 2348 527 2390 Martini
562 2349 686 2400 illius,
720 2365 743 2389 a
764 2364 849 2405 quo
876 2349 1042 2390 Nostrae
1067 2350 1168 2391 olim
1199 2350 1297 2392 Sedi
1329 2361 1446 2392 tanta
1485 2349 1658 2392 accessit
1695 2349 1809 2400 laus,
1846 2349 2032 2406 primum

187 2415 231 2455 in
270 2413 556 2463 adfirmanda,
593 2429 640 2454 ac
680 2412 949 2454 defendenda
977 2414 1151 2455 veritate
1191 2415 1334 2466 fidem,
1362 2417 1406 2456 in
1435 2413 1703 2472 perferendis
1727 2414 1881 2456 deinde
1907 2414 2030 2456 labo-

188 2480 321 2530 ribus,
362 2491 402 2520 et
425 2478 622 2519 :erumnis
652 2494 797 2535 parem
830 2478 1125 2521 fortitudinem
1162 2480 1297 2522 Nobis
1324 2480 1482 2530 retulit,
1516 2479 1701 2529 civitate,
1739 2490 1781 2520 et
1809 2479 1918 2521 Sede
1957 2496 2031 2522 sua

188 2543 475 2585 crudelissime
496 2543 658 2600 pulsus,
682 2542 876 2600 imperio,
902 2544 1078 2595 honore,
1116 2544 1298 2586 fortunis
1326 2544 1524 2585 omnibus
1564 2544 1782 2601 spoliatus,
1817 2544 1960 2586 statim
1981 2556 2028 2587 ut

189 2610 328 2650 locum
358 2608 509 2665 quietis
546 2619 586 2649 et
625 2607 940 2664 tranquillitatis
978 2608 1162 2665 aliquem
1204 2609 1427 2650 videbatur
1461 2619 1626 2658 nactus,
1669 2608 1908 2667 demigrare
1946 2609 2027 2651 alio

189 2673 444 2731 compulsus,
466 2671 629 2713 adfecta
646 2672 836 2729 quamvis
860 2683 996 2722 aetate,
1022 2685 1064 2714 et
1083 2674 1326 2715 valetudine
1343 2684 1470 2724 esset,
1490 2684 1538 2714 ut
1558 2689 1635 2714 nec
1659 2673 1840 2731 pedibus
1860 2673 2027 2734 ingredi

188 2737 402 2795 posset,iu
414 2736 690 2793 longinquam
702 2736 808 2777 adeo
835 2748 993 2778 terram
1014 2738 1267 2788 abstractus,
1293 2755 1422 2796 quum
1444 2737 1673 2779 acerbioris
1690 2750 1896 2796 praeterea
1910 2738 2022 2782 exilii

187 2813 323 2843 terror
361 2800 593 2841 identidem
622 2801 659 2842 ei
690 2812 1018 2858 proponeretur,
1049 2818 1196 2858 quum,
1234 2803 1313 2844 nisi
1343 2802 1517 2859 alicujus
1544 2803 1693 2845 fuisset
1728 2804 1765 2845 ei
1794 2803 1951 2861 pietas,
1984 2815 2025 2845 et

185 2866 417 2908 liberalitas
439 2865 658 2922 opitulata,
686 2882 773 2906 non
802 2865 1019 2907 habuisset
1058 2883 1142 2923 quo
1171 2884 1228 2918 se,
1263 2879 1305 2909 et
1324 2884 1496 2925 paucos,
1528 2867 1599 2924 qui
1621 2884 1664 2909 se
1694 2878 2021 2918 assectarentur,

188 2932 333 2982 aleret,
358 2946 490 2987 quum
515 2932 603 2985 ejus
619 2929 856 2980 infirmitas,
882 2941 924 2970 et
946 2930 1129 2973 solitudo
1153 2931 1341 2989 quotidie
1360 2943 1610 2983 tentaretur,
1636 2948 1852 2990 nunquam
1879 2943 2022 2974 tamen

186 3013 212 3038 a
240 3012 283 3038 se
316 2996 406 3054 ipse
429 2995 631 3046 discessit,
656 3011 744 3036 non
781 2994 866 3035 ulla
890 2994 970 3036 fuit
1003 2995 1207 3054 deceptus
1228 2997 1395 3048 fraude,
1425 2997 1544 3038 nullo
1578 2998 1855 3055 perturbatus
1887 3007 2018 3046 metu,

186 3062 302 3104 nulla
324 3076 396 3118 spe
416 3059 628 3112 delinitus,
653 3060 780 3102 nullis
798 3060 1096 3111 incommodis,
1122 3078 1200 3104 nec
1223 3061 1422 3120 periculis
1441 3061 1614 3113 fractus,
1635 3062 1798 3104 nullam
1821 3061 1875 3103 ab
1897 3076 1948 3103 eo
1966 3076 2020 3101 ne

236 3196 266 3227 1.
295 3192 380 3226 Luc.
403 3203 487 3225 xxn.
