2135 3442
132 118 207 153 408
619 114 807 149 LETTRE
836 112 1182 158 APOSTOLIQUE
1210 112 1276 146 DE
1306 111 1386 146 PIE
1414 111 1485 148 IX.

132 203 264 251 nales,
298 199 423 241 etiam
456 199 508 241 de
535 201 684 241 Latere
715 202 912 271 Legatos,
951 210 992 240 et
1024 198 1144 241 Sedis
1172 197 1381 256 praedictar
1411 196 1619 246 Nuncios‚
1652 196 1807 237 aliosve
1839 213 1968 254 quos-

131 266 235 308 libet
261 280 527 322 quacumque
553 264 870 323 praeeminentia
895 275 935 305 et
962 274 1169 321 potestate
1202 262 1443 320 fungentes,
1475 272 1516 302 et
1537 260 1772 311 sunctulos,
1806 261 1972 304 sublata

130 330 206 383 eis,
242 340 282 370 et
311 345 460 371 60111111
491 329 662 372 cuilibet
697 329 842 386 quavis
877 329 996 370 aliter
1027 327 1249 384 judicandi
1283 338 1323 368 et
1357 325 1666 384 intelplctandi
1696 326 1908 377 facultate,
1932 338 1975 368 et

132 394 395 445 auctoritate,
421 394 619 450 judicari⁷
652 406 693 435 et
722 393 886 435 def1ni1i
919 393 1076 434 deb'e1e
1106 409 1153 434 ac
1186 392 1349 434 initum
1384 403 1426 433 et
1457 391 1598 442 inane,
1631 391 1665 433 si
1696 407 1814 433 sec-us
1848 404 1975 449 super

131 460 196 501 his
229 476 251 501 a
286 476 504 517 quoquam
546 459 690 516 quaxis
719 458 991 509 auctoritate,
1029 457 1225 509 scienter,
1261 457 1327 498 vel
1366 456 1613 515 ionoranter
1651 456 1878 514 contigerit
1908 467 1973 497 at-

131 536 304 566 tentam.

191 615 287 656 Non
329 612 597 655 obstantibus
632 610 876 668 praemissis,
915 621 957 651 et
989 622 1196 667 quatenus
1225 627 1331 669 opus
1352 611 1426 661 sit,
1451 613 1606 652 Nostra
1639 621 1679 652 et
1710 610 1978 652 Cancellariae

132 678 386 736 Apostolicae
416 677 559 735 regula
593 677 644 717 de
675 677 771 731 jure
806 676 980 732 quaesito
1021 692 1108 717 non
1142 677 1348 727 tollendo,
1373 676 1548 733 aliisque
1576 674 1976 726 Constitutionibus,

133 754 175 784 et
205 742 560 785 Ordinationilms
591 740 862 798 Apostolicis‚
903 756 981 781 nec
1010 756 1098 781 non
1130 741 1346 798 quibusvis
1383 741 1510 782 ctiam
1532 742 1791 797 juramento,
1824 739 1978 781 confir—

132 807 322 849 matione
352 807 621 865 Apostolica,
657 806 721 846 vel
754 805 899 862 quavis
926 805 1126 847 firmitate
1158 806 1239 847 alia
1267 806 1482 847 roboratis
1514 805 1695 860 statutis,
1723 816 1765 847 et
1797 819 1979 847 consue-

132 872 369 923 tudinibus,
402 888 449 913 ac
483 872 643 920 usibus,
680 882 722 911 et
751 870 868 928 stylis
905 872 1032 911 etiam
1069 870 1497 922 immemorabilibus,
1531 870 1762 928 privilegiis
1789 885 1976 927 quoque,

132 938 308 979 indultis
329 949 369 978 et
399 936 566 978 Litteris
596 935 854 992 Apostolicis
877 934 1101 993 praedictis,
1133 935 1309 992 aliisque
1345 936 1604 992 quibuslibet
1632 935 1824 993 personis
1853 935 1981 976 etiam

134 1018 402 1060 quacumque
436 1000 715 1043 ecclesiastica
750 1001 816 1042 vel
851 1001 1069 1041 mundana
1100 1000 1308 1058 dignitate
1342 1000 1620 1058 fulgentibus,
1659 1011 1700 1042 61
1737 999 1839 1041 31135
1871 1014 1982 1056 quo-

133 1067 373 1109 modolibet
407 1066 675 1124 qualificatis,
721 1077 763 1107 et
799 1065 1025 1123 specialem
1068 1067 1384 1124 expressionem
1415 1067 1731 1123 requirentibus
1766 1067 1844 1107 sub
1885 1064 1980 1122 qui-

134 1133 399 1188 buscumque
437 1132 664 1172 verborum
690 1131 911 1172 tenoribus
941 1143 982 1172 et
1014 1130 1179 1181 formis,
1211 1148 1259 1172 ac
1280 1148 1377 1173 cum
1398 1131 1614 1188 quibusvis
1649 1133 1777 1172 etiam
1803 1131 1984 1187 deroga-

135 1197 343 1238 toriarum
392 1196 695 1253 derogatoriis,
748 1196 923 1254 aliisque
962 1196 1296 1247 efficacioribus,
1347 1196 1670 1247 efficacissimis,
1720 1207 1762 1238 et
1804 1195 1985 1236 insolitis

137 1261 345 1312 clausulis,
382 1260 748 1317 irritantibusque,
793 1272 834 1302 et
868 1261 960 1303 aliis
990 1261 1192 1312 deoletis,
1223 1261 1351 1302 etiam
1380 1272 1515 1312 motu,
1550 1260 1740 1311 scientia,
1769 1272 1810 1302 et
1838 1270 1985 1317 potes-

137 1326 234 1367 tatis
273 1326 538 1384 plenitudine
582 1326 809 1377 similibus,
853 1338 894 1368 et
937 1326 1304 1378 consistorialiter,
1345 1337 1386 1368 et
1428 1327 1529 1368 alias
1578 1324 1904 1397 quomodolibet
1942 1324 1986 1365 in

137 1391 397 1432 contrarium
421 1391 738 1448 plaemissoium
765 1392 993 1442 concessis,
1019 1391 1156 1441 editis,
1190 1391 1312 1433 factis
1345 1408 1392 1433 ac
1413 1391 1571 1450 pluiies
1591 1390 1754 1432 iteratis
1776 1401 1817 1432 et
1845 1405 1983 1447 quan-

136 1456 372 1513 tiscumque
413 1456 575 1497 xieihus
606 1456 866 1514 approbatis,
921 1455 1193 1510 confirmatis,
1248 1468 1289 1497 et
1319 1456 1545 1498 innovatis.
1588 1455 1754 1509 Quibus
1790 1454 1988 1495 omnibus

137 1533 179 1563 et
214 1520 405 1577 singuliS,
442 1519 607 1561 etiamsi
643 1538 722 1579 pro
758 1521 930 1563 illorum
964 1490 1193 1562 sufficienti
1225 1521 1503 1579 derogatione
1534 1521 1586 1562 de
1622 1521 1719 1571 illis,
1752 1534 1988 1576 eorumque

138 1585 239 1626 totis
269 1585 488 1626 tenoribus
525 1586 731 1643 specialis,
756 1586 964 1643 specifica,
1005 1603 1217 1644 expressa,
1245 1598 1287 1627 et
1320 1586 1551 1637 individua,
1592 1602 1639 1627 ac
1678 1585 1730 1627 de
1766 1586 1896 1626 verbo
1934 1584 1987 1625 ad

138 1652 334 1701 verbum,
365 1666 454 1691 non
491 1661 631 1690 autem
662 1667 738 1708 per
764 1651 970 1691 clausulas
997 1652 1215 1708 generales
1244 1651 1360 1710 idem
1389 1651 1688 1708 importantes,
1715 1649 1892 1702 mentio,
1917 1664 1988 1691 seu

140 1716 297 1772 quaevis
327 1715 405 1755 alia
428 1717 641 1773 expressio
664 1716 878 1765 habenda,
912 1727 983 1757 aut
1012 1717 1153 1773 aliqua
1183 1716 1262 1756 alia
1297 1716 1503 1773 exquisita
1538 1715 1676 1756 forma
1702 1714 1756 1755 ad
1784 1715 1865 1756 hoc
1899 1730 1987 1755 ser-

139 1780 278 1822 vanda
313 1779 446 1830 foret,
483 1791 652 1822 tenores
688 1780 958 1836 hujusmodi,
999 1797 1046 1821 ac
1083 1781 1117 1821 si
1147 1781 1200 1822 de
1236 1783 1368 1822 verbo
1406 1781 1460 1821 ad
1492 1782 1692 1830 verbum,
1729 1780 1788 1820 nil
1820 1780 1989 1837 penitus

142 1845 315 1895 omisso,
356 1856 397 1886 et
429 1845 566 1885 forma
596 1845 639 1885 in
668 1845 747 1886 illis
782 1846 936 1886 tradita
968 1847 1191 1887 observata
1218 1846 1574 1904 exprimerentur,
1609 1856 1649 1886 et
1681 1845 1982 1894 insererentur,

142 1909 423 1967 praesentibus
452 1926 531 1966 pro
552 1910 677 1967 plene
705 1921 747 1951 et
770 1910 1028 1952 sufficienter
1048 1910 1256 1968 expressis
1277 1922 1319 1951 et
1345 1911 1514 1952 insertis
1535 1910 1759 1960 habentes,
1786 1909 1866 1950 illis
1886 1909 1988 1950 alias

142 1974 186 2015 in
211 1990 286 2015 suo
307 1975 464 2015 robore
485 1975 789 2031 permansuris,
813 1975 867 2016 ad
886 1976 1203 2033 praemissorum
1227 1975 1427 2017 effectum
1454 1976 1533 2017 hac
1553 1974 1642 2016 vice
1663 1974 1871 2015 duntaxat
1890 1989 1990 2032 spe-

143 2039 320 2089 cialiter,
349 2050 391 2081 et
414 2055 610 2097 expresse
635 2040 904 2098 derogamus,
937 2053 977 2082 et
997 2041 1249 2099 derogatum
1272 2057 1362 2083 esse
1391 2042 1601 2092 volumus,
1635 2039 1870 2097 ceterisque
1890 2055 1991 2081 con-

144 2103 283 2144 trariis
310 2104 649 2161 quibuscumque
673 2122 761 2146 non
785 2106 1069 2147 obstantibus.

203 2171 309 2210 Cum
347 2180 487 2210 autem
526 2169 685 2210 eaedem
712 2182 939 2228 praesentes
967 2171 1133 2212 Litterae
1166 2171 1340 2228 ubique,
1375 2187 1423 2212 36
1456 2169 1693 2228 praesertim
1725 2169 1769 2210 in
1794 2169 1914 2221 locis,
1948 2169 1993 2211 in

146 2232 298 2290 quibus
315 2234 497 2275 maxime
524 2250 630 2292 opus
651 2246 773 2283 esset,
800 2247 1014 2292 nequeant
1035 2247 1124 2277 tute
1146 2236 1370 2294 publicari,
1395 2236 1455 2277 uti
1477 2235 1647 2276 notorie
1667 2246 1847 2284 constat,
1866 2235 1991 2276 volu-

145 2314 240 2339 mus
280 2298 384 2349 illas,
415 2315 487 2340 seu
521 2316 665 2341 earum
694 2301 886 2358 exempla
911 2301 965 2342 ad
994 2301 1133 2343 valvas
1166 2302 1362 2343 Ecclesiae
1390 2300 1700 2354 Lateranensis,
1741 2312 1782 2341 et
1808 2299 1992 2342 Basilicae

146 2363 355 2420 Principis
369 2365 671 2420 Apostolorum
690 2382 767 2407 nec
793 2382 881 2407 non
896 2366 1163 2407 Cancellariae
1185 2365 1689 2424 Apostolicae,Curiseque
1711 2365 1929 2407 Generalis
1949 2365 1993 2406 111

146 2428 295 2469 Monte
309 2428 528 2479 Citatorio‚
542 2442 583 2471 et
605 2430 648 2470 in
672 2430 775 2471 Acie
794 2431 942 2488 Campi
962 2431 1098 2472 Flmae
1119 2431 1171 2472 de
1188 2432 1324 2487 Urbe
1343 2443 1389 2472 ut
1411 2429 1541 2472 molis
1564 2441 1640 2480 est,
1664 2430 1776 2489 affigi
1795 2442 1836 2471 et
1853 2430 1994 2488 publi-

149 2492 250 2542 cari,
266 2492 407 2549 sicque
423 2494 659 2565 publicatas
676 2506 716 2536 et
728 2495 1030 2537 affixasomnes
1042 2497 1297 2555 etsingulos,
1314 2512 1418 2554 quos
1434 2495 1513 2536 lll‘e
1526 2507 1803 2544 concelnunt,
1815 2495 1994 2553 perinde

151 2569 329 2607 3161316,
354 2573 402 2599 ac
431 2558 463 2599 si
488 2559 713 2616 unicuique
740 2576 888 2602 eorum
917 2561 1191 2612 nominatim,
1216 2573 1257 2602 et
1278 2560 1561 2619 peisonaliter
1580 2560 1783 2602 intimatae
1796 2560 1988 2602 fuissent.

208 2640 417 2680 Volumus
451 2652 590 2682 autem
631 2653 674 2682 ut
713 2643 959 2685 earumdem
1003 2644 1256 2685 Litterarum
1295 2643 1601 2699 transumptis,
1649 2659 1721 2684 seu
1760 2642 1992 2700 exemplis,

151 2703 279 2745 etiam
309 2704 539 2761 impressis,
572 2721 699 2747 manu
724 2707 895 2763 alicujus
924 2708 1078 2750 notarii
1105 2707 1263 2765 publici
1287 2707 1547 2764 sul)scriptiS‚
1582 2719 1622 2748 et
1653 2707 1792 2765 sigillo
1820 2707 1995 2762 alicujus

152 2784 341 2826 personae
370 2770 414 2809 in
444 2769 648 2826 dignitate
685 2772 965 2814 ecclesiastica
991 2773 1230 2815 constitutae
1260 2772 1460 2823 munitis,
1503 2772 1651 2814 eadem
1679 2787 1854 2830 prorsus
1890 2771 1996 2812 fides

152 2834 311 2892 ubique
339 2835 531 2876 locorum
567 2847 608 2876 et
640 2837 826 2893 gentium
862 2849 949 2879 tam
983 2839 1026 2879 in
1057 2837 1233 2894 judicio,
1256 2854 1384 2895 quam
1414 2849 1531 2879 extra
1566 2838 1670 2879 illud
1690 2838 1848 2894 ubique
1871 2836 1996 2878 adhi-

153 2902 320 2951 beatur,
345 2917 435 2957 quae
457 2899 730 2941 adhiberetur
746 2901 847 2958 ipsis
867 2903 1158 2959 praesentibus,
1184 2919 1231 2945 ac
1259 2903 1291 2944 si
1312 2902 1452 2945 forent
1478 2903 1690 2952 exhibitae,
1713 2903 1777 2944 vel
1802 2913 1991 2943 ostensae.

213 2979 371 3019 Datum
405 2980 553 3018 Romae
597 2977 708 3034 apud
754 2978 797 3018 S.
835 2980 1008 3020 Petrum
1055 2981 1132 3021 sub
1170 2980 1342 3021 Annulo
1379 2980 1604 3021 Piscatoris
1644 2979 1711 3020 die
1757 2985 1811 3021 26
1851 2976 1994 3020 Martii

157 3059 270 3084 anno
291 3044 568 3094 MDCCCLX,
595 3042 868 3084 Pontificatus
896 3045 1038 3086 Nostri
1060 3061 1171 3087 anno
1193 3045 1358 3087 decimo
1381 3057 1547 3104 quarto.
1579 3047 1691 3086 Loco
1711 3044 1859 3102 sigilli.

1421 3147 1545 3187 PIUS
1576 3146 1658 3187 PP.
1694 3146 1772 3186 IX.
