2135 3442
179 162 254 197 3524
789 158 1105 194 ALLOCUTION
1132 158 1199 193 DE
1228 157 1305 193 PIE
1333 157 1404 194 IX.

177 263 358 304 cumque
387 248 479 302 jure
515 245 731 304 percipere
764 246 1122 299 emolumentum3
1159 255 1284 302 atque
1321 243 1459 284 eidem
1501 243 1741 284 Parochiali
1781 245 2022 285 Conventui

176 312 374 354 tribuitur
393 322 578 369 potestas
603 326 680 368 pro
702 326 779 351 suo
804 310 981 351 arbitrio
1008 310 1234 359 statuendi⁷
1265 320 1306 350 et
1338 307 1589 348 immutandi
1614 318 1702 348 tam
1731 308 2023 351 Parochorum

176 378 352 427 reditus,
381 393 509 434 quam
546 376 761 434 impendia
786 375 911 416 sacris
954 375 1242 416 functionibus
1273 372 1540 415 necessaria:
1567 383 1608 414 et
1635 373 1714 413 alia
1762 383 2017 425 statuuntur,

177 443 329 500 quibus
365 441 651 483 ecclesiasticae
677 438 949 498 proprietatis
974 441 1069 494 jura
1098 440 1307 481 violantur
1342 455 1389 479 ac
1427 437 1637 479 delentur.
1666 438 1766 479 Post
1797 439 1910 489 haec,
1953 438 2023 481 die

175 509 312 566 primo
342 508 495 549 mensis
518 505 629 548 Junii
651 505 839 560 ejusdcm
859 504 959 544 anni
988 509 1093 546 1851
1137 505 1217 545 alia
1250 505 1409 545 sancita
1434 514 1495 544 est
1522 503 1606 554 lex,
1643 519 1726 560 qua
1761 514 1946 553 vetatur,
1970 520 2023 545 ne

177 572 451 613 Canonicales
471 569 787 611 Catliedralium
806 569 1091 610 Ecclesiarum
1116 569 1358 611 Praebendae
1385 568 1672 619 conferantur,
1701 567 1776 608 nisi
1797 578 2023 625 postquam

177 653 200 678 a
229 639 388 692 majore
414 634 739 677 Provincialium
774 634 978 690 cujusque
1015 634 1212 675 Dioecesis
1235 633 1517 674 Consiliorum
1556 643 1674 690 parte
1698 631 1743 673 id
1769 648 1845 690 pro
1876 648 2024 674 eorum

176 702 351 742 arbitrio
396 700 520 742 fuerit
554 710 771 740 statutum.
818 697 920 738 Aliae
961 697 1115 738 deinde
1156 698 1434 755 promulgatae
1475 708 1571 738 sunt
1609 697 1721 754 leges
1736 729 1745 747 ‚
1792 696 1944 754 quibus
1984 709 2025 739 et

176 767 375 807 omnibus
409 765 506 806 data
542 775 602 805 est
626 762 803 804 facultas
838 778 880 803 se
904 762 1115 803 liberandi
1146 763 1198 803 ab
1225 779 1355 804 onere
1382 761 1573 803 solvendi
1604 777 1770 811 census,
1798 762 1871 819 qui
1891 762 2024 820 potis-

176 831 326 873 simam
355 830 731 873 ecclesiasticorum
764 826 979 868 redituum
1017 838 1180 884 partem
1214 828 1489 878 constituunt,
1526 826 1663 867 soluta
1697 825 1872 867 dimidia
1902 825 2025 883 pretii

175 907 295 953 parte
324 895 542 937 Gubernio
565 908 576 946 ς
604 904 645 934 et
674 891 1054 950 Archiepiscopalis
1078 891 1298 933 Seminarii
1320 892 1480 933 Sancta»
1505 890 1620 932 Fidei
1657 890 1709 932 de
1730 892 1892 949 Bogota
1911 890 2025 932 bona

174 960 389 1001 Nationali
425 959 612 1015 Collegio
658 956 918 1012 adjudicata⁷
961 973 1008 997 ac
1041 972 1236 1013 suprema
1268 957 1311 997 in
1343 956 1453 997 idem
1500 956 1781 998 Seminarium
1818 955 2025 1013 inspectio

174 1025 290 1066 laicae
324 1022 520 1082 potestati
554 1021 771 1062 attributa.
814 1021 962 1078 Neque
1003 1020 1167 1061 silentio
1203 1020 1568 1078 prsetereundum,
1611 1036 1687 1078 per
1726 1036 1878 1061 novam
1915 1020 2024 1062 illius

174 1089 432 1148 Reipublicae
472 1087 828 1128 Constitutionem
859 1084 1080 1142 postremis
1115 1085 1230 1127 hisce
1268 1085 1531 1143 temporibus
1572 1086 1778 1126 sancitam
1805 1085 1914 1126 inter
1945 1084 2026 1126 alia

170 1155 239 1209 jus
262 1169 429 1212 quoque
452 1153 596 1193 liberm
617 1149 891 1192 institutionis
915 1149 1104 1200 defendi,
1133 1162 1174 1191 et
1201 1150 1494 1192 omnimodam
1531 1150 1727 1190 omnibus
1753 1148 1880 1191 tribui
1904 1150 2027 1191 liber-

175 1229 320 1268 tatem,
352 1229 398 1258 ut
437 1216 612 1275 quisque
649 1232 744 1258 suas
782 1217 1076 1273 cogitationes,
1102 1231 1149 1257 ac
1180 1227 1420 1257 monstrosa
1451 1230 1625 1273 quaeque
1649 1215 1900 1273 opinionum
1925 1232 2026 1273 por-

174 1293 289 1324 tenta
306 1281 416 1340 typis
458 1297 626 1339 quoque
656 1281 699 1322 in
722 1281 870 1338 vulgus
892 1280 1033 1331 edere,
1062 1293 1104 1322 et
1125 1280 1320 1339 privatim
1338 1279 1590 1339 publiceque
1611 1279 1842 1337 quemlibet
1862 1281 2025 1323 cultum

175 1346 365 1405 profiteri
389 1347 539 1388 valeat.

232 1413 268 1452 V
272 1412 394 1453 idetis
409 1411 618 1471 profecto,
645 1411 918 1452 Venerabiles
934 1413 1118 1462 Fratres,
1144 1426 1273 1467 quam
1296 1410 1568 1452 teterrimum
1589 1426 1637 1451 ac
1658 1410 1911 1468 sacrilegum
1931 1410 2025 1451 bel-

174 1478 263 1519 lum
292 1477 519 1519 Catholicae
544 1476 739 1517 Ecclesiae
765 1492 787 1516 a
822 1475 1181 1534 Neogranatensis
1207 1474 1465 1533 Reipublicoe
1492 1475 1841 1516 Moderatoribus
1876 1474 1928 1516 sit
1955 1475 2025 1516 in-

177 1542 354 1593 dictum,
375 1553 415 1584 et
438 1558 528 1600 qum
546 1551 799 1598 quantaeque
820 1540 981 1596 injuriae
1003 1540 1141 1582 eidem
1158 1540 1371 1589 Ecclesiae,
1393 1541 1567 1596 ejusque
1590 1539 1718 1580 sacris
1737 1539 1920 1595 juribus,
1944 1540 2026 1581 Pa-

176 1608 376 1658 storibus‚
392 1606 615 1656 Ministris‚
631 1622 677 1646 ac
693 1621 899 1663 suprema*
910 1606 1089 1656 Nostrae‚
1106 1617 1148 1647 et
1161 1606 1323 1647 Sanctae
1337 1605 1465 1659 hujus
1476 1604 1595 1646 Sedis
1610 1606 1816 1646 auctorita
1824 1606 1852 1645 ti
1869 1603 2028 1646 fuerint

175 1673 316 1714 illatae.
351 1673 458 1712 Cum
486 1682 628 1712 autem
649 1671 876 1710 enuntiatae
905 1669 1019 1727 leges
1035 1671 1125 1725 jam
1152 1668 1251 1710 inde
1272 1668 1497 1719 abeodem
1518 1683 1631 1709 anno
1654 1673 1760 1710 1851
1787 1668 2027 1710 executioni

175 1736 569 1785 fuerintmandatae,
582 1736 671 1790 jam
690 1746 778 1775 tum
798 1750 1020 1775 sacrorum
1031 1733 1269 1783 Antistites‚
1288 1744 1330 1774 et
1341 1731 1607 1774 ecclesiastici
1620 1732 1712 1783 viri,
1727 1732 1798 1791 qui
1812 1732 2028 1775 catholicis

176 1803 370 1844 sensibus
389 1817 487 1842 vere
510 1800 684 1841 animati
703 1799 876 1840 nefariis
895 1799 978 1840 illis
998 1798 1178 1840 decretis
1192 1799 1362 1848 merito,
1389 1809 1515 1854 atque
1533 1796 1697 1854 optimo
1711 1798 1807 1851 jure
1827 1797 2028 1839 reclama-

176 1869 281 1908 bant
296 1878 337 1908 et
357 1865 641 1914 obsistebant,
665 1879 832 1904 summo
850 1880 947 1905 cum
966 1863 1153 1904 fidelium
1171 1862 1431 1920 populorum
1444 1862 1602 1903 damno
1621 1861 1846 1903 crudeliter
1868 1861 2023 1912 vexati,

177 1943 219 1974 et
237 1933 280 1972 in
301 1929 544 1990 gravissima
565 1944 742 1986 quaeque
770 1927 941 1969 adducti
964 1928 1082 1969 fuere
1109 1927 1370 1968 discrimina.
1394 1925 1612 1984 Siquidem
1644 1937 1686 1967 et
1710 1942 1828 1967 sacra
1847 1926 2026 1984 Episco-

176 2013 331 2055 porum
356 2010 558 2053 oppressa
579 1992 823 2041 auctoritas,
853 2004 895 2033 et
916 1992 1211 2034 Parochorum
1238 1990 1523 2032 ministerium
1550 1990 1730 2032 vinculis
1750 1993 2027 2033 constrictum

177 2073 303 2118 atque
323 2060 551 2109 irretitum,
570 2070 611 2100 et
622 2057 772 2116 optimi
791 2056 941 2098 divinae
952 2057 1054 2115 legis
1066 2056 1338 2114 praeconesin
1350 2071 1563 2097 carcerem
1576 2055 1752 2106 detrusi,
1770 2057 2027 2113 etcujusque

177 2126 332 2185 gradus
364 2124 512 2166 Clerici
543 2123 595 2165 ad
625 2134 857 2181 egestatem
886 2121 1061 2173 redacti,
1089 2120 1375 2177 omnibusque
1404 2120 1526 2161 malis
1548 2131 1588 2161 et
1608 2119 1807 2161 {erumnis
1831 2120 2023 2161 obnoxii.

236 2192 374 2248 Atque
392 2189 435 2230 in
458 2189 605 2247 primis
626 2187 877 2230 venerabilis
900 2189 1044 2228 Frater
1063 2186 1315 2228 Emmanuel
1331 2185 1537 2243 Josephus
1565 2184 1618 2226 de
1639 2185 1912 2242 Momquera,
1926 2186 2029 2244 vigi-

176 2254 427 2296 lantissimus
442 2255 602 2295 Sanctae
618 2252 736 2294 Fidei
756 2253 808 2294 de
821 2254 983 2310 Bogota
1000 2251 1367 2308 Archiepiscopus‚
1385 2250 1645 2308 gravioribus
1667 2249 1743 2289 fuit
1765 2249 1966 2306 angustiis
1985 2261 2028 2291 et

177 2319 395 2360 laboribus
428 2319 661 2375 exagitatus
691 2332 784 2358 eam
814 2317 971 2358 scilicet
1007 2317 1064 2357 ob
1103 2331 1288 2366 causam,
1314 2314 1429 2372 quod
1452 2313 1812 2371 praestantissimus
1837 2313 1908 2355 ille
1929 2315 2025 2355 An-

177 2385 294 2426 tistes
318 2383 518 2441 singulari
538 2382 711 2439 pietate,
739 2382 949 2432 doctrina,
973 2380 1220 2439 prudentia,
1247 2378 1424 2420 consilio
1448 2377 1706 2435 praecellens,
1728 2388 1771 2418 et
1795 2378 2025 2435 apostolico

177 2449 268 2491 zelo
288 2448 413 2506 plane
436 2448 629 2488 incensus
656 2463 733 2504 pro
762 2448 823 2487 sui
848 2446 1033 2488 muneris
1056 2445 1200 2486 debito
1226 2455 1374 2486 contra
1397 2443 1486 2484 illas
1509 2441 1658 2499 impias
1681 2442 1794 2500 leges
1817 2442 2027 2500 sapienter

175 2515 422 2570 fortiterque
446 2512 683 2568 protestari⁷
705 2527 753 2552 ac
768 2512 905 2552 saeculi
927 2510 1122 2559 licenfiae,
1142 2521 1182 2550 et
1204 2508 1341 2566 pravis
1357 2507 1584 2564 impiorum
1598 2506 1822 2547 hominum
1845 2507 2026 2549 consiliis

176 2577 329 2619 invicte
350 2577 557 2627 resistere,
583 2591 630 2615 ac
654 2575 731 2616 Dei
773 2587 813 2616 et
849 2575 1048 2617 Ecclesiae
1084 2589 1252 2614 causam
1288 2583 1454 2612 strenue
1491 2587 1759 2629 propugnare
1805 2586 2025 2628 nunquam

176 2642 412 2685 intermisit.
452 2641 548 2694 Quo
581 2651 724 2682 autem
756 2641 1023 2698 potissimum
1052 2649 1256 2697 praetextu
1290 2637 1637 2694 Neogranatense
1671 2637 1936 2678 Gubernium
1963 2639 2025 2678 uti

176 2708 358 2750 voluerit
382 2706 437 2747 ad
465 2705 741 2746 clarissimum
773 2705 893 2746 illum
922 2703 1213 2746 divexandum
1239 2700 1501 2755 Antistitem,
1535 2701 1727 2758 accipite⁷
1748 2701 2025 2744 Venerabiles

177 2775 358 2814 Fratres.
383 2772 488 2811 Cum
513 2769 625 2811 enim
652 2769 696 2809 in
732 2769 812 2811 illis
836 2769 1082 2827 regionibus
1107 2782 1198 2808 mos
1217 2766 1456 2818 invaluerit,
1483 2777 1530 2807 ut
1553 2777 1668 2807 sexto
1691 2781 1858 2823 quoque
1881 2782 2023 2808 mense

175 2839 415 2880 habeantur
427 2835 715 2892 experimenta
739 2833 793 2874 ad
811 2850 960 2875 eorum
980 2830 1304 2891 periclitandam
1323 2830 1577 2886 doctrinam,
1598 2832 1670 2888 qui
1683 2829 1932 2872 vacantibus
1949 2847 2023 2888 pa-

176 2901 431 2945 rochialibus
445 2898 638 2941 Ecclesiis
663 2910 759 2939 suut
778 2898 1052 2957 pffcfieieiidi,
1070 2898 1416 2954 Neograuatense
1432 2897 1697 2938 Gubernium
1713 2911 1790 2954 per
1810 2896 1946 2954 legem
1962 2894 2021 2935 ibi

174 2969 262 3024 jam
285 2966 358 3008 diu
386 2976 531 3007 contra
555 2964 787 3004 Canonicas
813 2964 1058 3004 Sanctiones
1083 2962 1284 3002 sancitam
1314 2961 1392 3002 sibi
1422 2973 1581 3003 temere
1608 2962 1673 3016 jus
1705 2960 1913 3018 arrogavit
1934 2974 2019 2999 non

177 3033 314 3074 solum
337 3029 519 3088 cogendi
540 3028 770 3086 Episcopos
802 3027 856 3068 ad
886 3026 930 3067 id
956 3038 1075 3067 sexto
1100 3041 1269 3083 quoque
1309 3042 1452 3067 mense
1475 3026 1680 3067 redeunte
1709 3023 2013 3082 peragendum,

177 3113 325 3139 verum
349 3095 474 3137 etiam
491 3092 775 3150 compellendi
798 3091 1196 3149 Metropolitanum,
1224 3102 1295 3131 aut
1308 3091 1556 3133 viciniorem
1572 3088 1808 3130 Antistitem
1827 3087 1882 3128 ad
1901 3086 2016 3128 idem

177 3160 463 3219 praestandum
492 3159 526 3201 si
562 3159 652 3216 quis
687 3156 874 3197 Antistcs
907 3165 1242 3196 commemorato
1275 3166 1466 3213 tempore
1493 3152 1699 3210 ejusmodi
1729 3150 2018 3209 experimenta

179 3227 350 3268 minime
376 3225 610 3267 habuisset.
639 3223 772 3278 Hujus
798 3221 923 3280 igitur
945 3220 1046 3278 legis
1075 3221 1115 3261 vi
1141 3219 1276 3277 ipsum
1309 3219 1573 3262 Gubernium
1598 3233 1709 3259 anno
1736 3218 1842 3258 1851
1878 3215 2018 3258 eidem
