<?xml version="1.0" encoding="UTF-8"?>
<!DOCTYPE html PUBLIC "-//W3C//DTD XHTML 1.0 Transitional//EN"
    "http://www.w3.org/TR/xhtml1/DTD/xhtml1-transitional.dtd">
<html xmlns="http://www.w3.org/1999/xhtml" xml:lang="en" lang="en">
 <head>
  <title>
</title>
<meta http-equiv="Content-Type" content="text/html;charset=utf-8" />
  <meta name='ocr-system' content='tesseract 3.04.00' />
  <meta name='ocr-capabilities' content='ocr_page ocr_carea ocr_par ocr_line ocrx_word'/>
</head>
<body>
  <div class='ocr_page' id='page_1' title='image "./recueildesallocu00cath_0488.png"; bbox 0 0 2135 3442; ppageno 0'>
   <div class='ocr_carea' id='block_1_1' title="bbox 807 254 1422 292">
    <p class='ocr_par' dir='ltr' id='par_1_1' title="bbox 807 254 1422 292">
     <span class='ocr_line' id='line_1_1' title="bbox 807 254 1422 292; baseline 0.005 -3"><span class='ocrx_word' id='word_1_1' title='bbox 807 254 845 290; x_wconf 93' lang='lat' dir='ltr'>X</span> <span class='ocrx_word' id='word_1_2' title='bbox 872 254 1090 289; x_wconf 86' lang='lat' dir='ltr'><strong>AUGUSTI</strong></span> <span class='ocrx_word' id='word_1_3' title='bbox 1117 254 1422 292; x_wconf 85' lang='lat' dir='ltr'>MDCCCLXIII.</span> 
     </span>
    </p>
   </div>
   <div class='ocr_carea' id='block_1_2' title="bbox 538 458 1683 649">
    <p class='ocr_par' dir='ltr' id='par_1_2' title="bbox 538 458 1683 649">
     <span class='ocr_line' id='line_1_2' title="bbox 538 458 1683 526; baseline -0.003 0"><span class='ocrx_word' id='word_1_4' title='bbox 538 458 648 526; x_wconf 88' lang='lat' dir='ltr'>SS.</span> <span class='ocrx_word' id='word_1_5' title='bbox 702 458 1011 524; x_wconf 86' lang='lat' dir='ltr'>DOMINI</span> <span class='ocrx_word' id='word_1_6' title='bbox 1059 458 1373 525; x_wconf 87' lang='lat' dir='ltr'>NOSTRI</span> <span class='ocrx_word' id='word_1_7' title='bbox 1422 458 1543 524; x_wconf 92' lang='lat' dir='ltr'>PII</span> <span class='ocrx_word' id='word_1_8' title='bbox 1594 459 1683 524; x_wconf 91' lang='lat' dir='ltr'>IX</span> 
     </span>
     <span class='ocr_line' id='line_1_3' title="bbox 757 597 1478 649; baseline 0.001 -3"><span class='ocrx_word' id='word_1_9' title='bbox 757 597 1075 647; x_wconf 77' lang='lat' dir='ltr'><strong>EPISTOLA</strong></span> <span class='ocrx_word' id='word_1_10' title='bbox 1114 599 1478 649; x_wconf 53' lang='lat' dir='ltr'>ENcchci</span> 
     </span>
    </p>
   </div>
   <div class='ocr_carea' id='block_1_3' title="bbox 195 728 2038 814">
    <p class='ocr_par' dir='ltr' id='par_1_3' title="bbox 195 728 2038 814">
     <span class='ocr_line' id='line_1_4' title="bbox 195 728 2038 756; baseline 0 -1"><span class='ocrx_word' id='word_1_11' title='bbox 195 729 382 755; x_wconf 80' lang='lat' dir='ltr'><strong>DILECTIS</strong></span> <span class='ocrx_word' id='word_1_12' title='bbox 422 729 543 755; x_wconf 86' lang='lat' dir='ltr'>FILIIS</span> <span class='ocrx_word' id='word_1_13' title='bbox 582 728 749 754; x_wconf 81' lang='lat' dir='ltr'>NOSTRIS</span> <span class='ocrx_word' id='word_1_14' title='bbox 789 728 822 753; x_wconf 84' lang='lat' dir='ltr'>S.</span> <span class='ocrx_word' id='word_1_15' title='bbox 860 728 900 753; x_wconf 80' lang='lat' dir='ltr'>R.</span> <span class='ocrx_word' id='word_1_16' title='bbox 937 728 978 754; x_wconf 81' lang='lat' dir='ltr'>E.</span> <span class='ocrx_word' id='word_1_17' title='bbox 1015 728 1317 754; x_wconf 77' lang='lat' dir='ltr'><strong>CARDINALIBUS</strong></span> <span class='ocrx_word' id='word_1_18' title='bbox 1357 729 1408 754; x_wconf 79' lang='lat' dir='ltr'>AC</span> <span class='ocrx_word' id='word_1_19' title='bbox 1441 729 1770 755; x_wconf 70' lang='lat' dir='ltr'>VENERABILIBUS</span> <span class='ocrx_word' id='word_1_20' title='bbox 1811 729 2038 756; x_wconf 77' lang='lat' dir='ltr'>FRATRIBUS</span> 
     </span>
     <span class='ocr_line' id='line_1_5' title="bbox 682 787 1547 814; baseline 0.002 -3"><span class='ocrx_word' id='word_1_21' title='bbox 682 787 1024 812; x_wconf 78' lang='lat' dir='ltr'>ARCHIEPISCOPIS</span> <span class='ocrx_word' id='word_1_22' title='bbox 1056 788 1104 812; x_wconf 82' lang='lat' dir='ltr'>Er</span> <span class='ocrx_word' id='word_1_23' title='bbox 1141 788 1349 813; x_wconf 88' lang='lat' dir='ltr'>EPISCOPIS</span> <span class='ocrx_word' id='word_1_24' title='bbox 1384 788 1547 814; x_wconf 73' lang='lat' dir='ltr'>lTALIAE.</span> 
     </span>
    </p>
   </div>
   <div class='ocr_carea' id='block_1_4' title="bbox 898 893 1342 943">
    <p class='ocr_par' dir='ltr' id='par_1_4' title="bbox 898 893 1342 943">
     <span class='ocr_line' id='line_1_6' title="bbox 898 893 1342 943; baseline 0 0"><span class='ocrx_word' id='word_1_25' title='bbox 898 893 1044 943; x_wconf 92' lang='lat' dir='ltr'>PIUS</span> <span class='ocrx_word' id='word_1_26' title='bbox 1078 894 1242 943; x_wconf 78' lang='lat' dir='ltr'>PAPA</span> <span class='ocrx_word' id='word_1_27' title='bbox 1271 893 1342 943; x_wconf 89' lang='lat' dir='ltr'>IX</span> 
     </span>
    </p>
   </div>
   <div class='ocr_carea' id='block_1_5' title="bbox 309 1030 1924 1131">
    <p class='ocr_par' dir='ltr' id='par_1_5' title="bbox 309 1030 1924 1131">
     <span class='ocr_line' id='line_1_7' title="bbox 309 1030 1924 1088; baseline -0.001 -17"><span class='ocrx_word' id='word_1_28' title='bbox 309 1031 466 1072; x_wconf 66' lang='lat' dir='ltr'>Dilecta·</span> <span class='ocrx_word' id='word_1_29' title='bbox 487 1031 596 1071; x_wconf 66' lang='lat' dir='ltr'>Filii</span> <span class='ocrx_word' id='word_1_30' title='bbox 619 1036 754 1071; x_wconf 77' lang='lat' dir='ltr'><em>nostri</em></span> <span class='ocrx_word' id='word_1_31' title='bbox 777 1047 826 1071; x_wconf 80' lang='lat' dir='ltr'>ac</span> <span class='ocrx_word' id='word_1_32' title='bbox 851 1031 1131 1072; x_wconf 76' lang='lat' dir='ltr'>Venerabiles</span> <span class='ocrx_word' id='word_1_33' title='bbox 1154 1033 1346 1081; x_wconf 72' lang='lat' dir='ltr'>Fratres,</span> <span class='ocrx_word' id='word_1_34' title='bbox 1372 1030 1551 1071; x_wconf 75' lang='lat' dir='ltr'>salutem</span> <span class='ocrx_word' id='word_1_35' title='bbox 1577 1041 1617 1072; x_wconf 80' lang='lat' dir='ltr'>et</span> <span class='ocrx_word' id='word_1_36' title='bbox 1632 1030 1924 1088; x_wconf 73' lang='lat' dir='ltr'>Apostolicam</span> 
     </span>
     <span class='ocr_line' id='line_1_8' title="bbox 947 1090 1301 1131; baseline 0.003 -1"><span class='ocrx_word' id='word_1_37' title='bbox 947 1090 1282 1131; x_wconf 70' lang='lat' dir='ltr'>Beneclz&#39;ctionem</span> <span class='ocrx_word' id='word_1_38' title='bbox 1293 1124 1301 1131; x_wconf 90' lang='lat'>.</span> 
     </span>
    </p>
   </div>
   <div class='ocr_carea' id='block_1_6' title="bbox 199 1201 2050 2621">
    <p class='ocr_par' dir='ltr' id='par_1_6' title="bbox 199 1201 2050 2621">
     <span class='ocr_line' id='line_1_9' title="bbox 259 1201 2042 1259; baseline -0.001 -15"><span class='ocrx_word' id='word_1_39' title='bbox 259 1203 430 1256; x_wconf 88' lang='lat' dir='ltr'>Quanto</span> <span class='ocrx_word' id='word_1_40' title='bbox 456 1201 736 1244; x_wconf 86' lang='lat' dir='ltr'>conficiamur</span> <span class='ocrx_word' id='word_1_41' title='bbox 755 1218 939 1243; x_wconf 86' lang='lat' dir='ltr'>moerore</span> <span class='ocrx_word' id='word_1_42' title='bbox 961 1203 1017 1242; x_wconf 92' lang='lat' dir='ltr'>ob</span> <span class='ocrx_word' id='word_1_43' title='bbox 1040 1201 1312 1243; x_wconf 69' lang='lat' dir='ltr'>saevissimum</span> <span class='ocrx_word' id='word_1_44' title='bbox 1335 1201 1672 1259; x_wconf 84' lang='lat' dir='ltr'>sacrilegumque</span> <span class='ocrx_word' id='word_1_45' title='bbox 1693 1202 1853 1244; x_wconf 90' lang='lat' dir='ltr'>bellum</span> <span class='ocrx_word' id='word_1_46' title='bbox 1876 1203 1920 1243; x_wconf 91' lang='lat' dir='ltr'>in</span> <span class='ocrx_word' id='word_1_47' title='bbox 1946 1218 2042 1243; x_wconf 89' lang='lat' dir='ltr'>om-</span> 
     </span>
     <span class='ocr_line' id='line_1_10' title="bbox 200 1266 2044 1326; baseline 0.001 -18"><span class='ocrx_word' id='word_1_48' title='bbox 200 1268 324 1309; x_wconf 87' lang='lat' dir='ltr'>nibus</span> <span class='ocrx_word' id='word_1_49' title='bbox 360 1268 447 1309; x_wconf 81' lang='lat' dir='ltr'>fere</span> <span class='ocrx_word' id='word_1_50' title='bbox 481 1279 693 1309; x_wconf 85' lang='lat' dir='ltr'>terrarum</span> <span class='ocrx_word' id='word_1_51' title='bbox 728 1267 845 1309; x_wconf 90' lang='lat' dir='ltr'>orbis</span> <span class='ocrx_word' id='word_1_52' title='bbox 886 1267 1133 1326; x_wconf 82' lang='lat' dir='ltr'>regionibus</span> <span class='ocrx_word' id='word_1_53' title='bbox 1170 1267 1386 1309; x_wconf 80' lang='lat' dir='ltr'>catholicae</span> <span class='ocrx_word' id='word_1_54' title='bbox 1423 1266 1620 1309; x_wconf 76' lang='lat' dir='ltr'><strong>Ecclesiae</strong></span> <span class='ocrx_word' id='word_1_55' title='bbox 1653 1267 1768 1309; x_wconf 88' lang='lat' dir='ltr'>hisce</span> <span class='ocrx_word' id='word_1_56' title='bbox 1802 1267 2044 1326; x_wconf 86' lang='lat' dir='ltr'>asperrimis</span> 
     </span>
     <span class='ocr_line' id='line_1_11' title="bbox 201 1332 2045 1391; baseline -0.001 -17"><span class='ocrx_word' id='word_1_57' title='bbox 201 1332 465 1391; x_wconf 83' lang='lat' dir='ltr'>temporibus</span> <span class='ocrx_word' id='word_1_58' title='bbox 499 1333 688 1385; x_wconf 86' lang='lat' dir='ltr'>allatum,</span> <span class='ocrx_word' id='word_1_59' title='bbox 731 1349 779 1374; x_wconf 89' lang='lat' dir='ltr'>ac</span> <span class='ocrx_word' id='word_1_60' title='bbox 815 1333 1051 1390; x_wconf 79' lang='lat' dir='ltr'>praesertim</span> <span class='ocrx_word' id='word_1_61' title='bbox 1086 1334 1127 1374; x_wconf 89' lang='lat' dir='ltr'>in</span> <span class='ocrx_word' id='word_1_62' title='bbox 1159 1332 1316 1374; x_wconf 82' lang='lat' dir='ltr'>infelici</span> <span class='ocrx_word' id='word_1_63' title='bbox 1354 1333 1475 1374; x_wconf 89' lang='lat' dir='ltr'>Italia</span> <span class='ocrx_word' id='word_1_64' title='bbox 1507 1343 1604 1374; x_wconf 90' lang='lat' dir='ltr'>ante</span> <span class='ocrx_word' id='word_1_65' title='bbox 1635 1333 1815 1374; x_wconf 88' lang='lat' dir='ltr'><strong>Nostros</strong></span> <span class='ocrx_word' id='word_1_66' title='bbox 1843 1332 1989 1374; x_wconf 86' lang='lat' dir='ltr'>oculos</span> <span class='ocrx_word' id='word_1_67' title='bbox 2022 1347 2045 1373; x_wconf 88' lang='lat' dir='ltr'>a</span> 
     </span>
     <span class='ocr_line' id='line_1_12' title="bbox 201 1396 2046 1456; baseline -0.002 -16"><span class='ocrx_word' id='word_1_68' title='bbox 201 1398 433 1455; x_wconf 85' lang='lat' dir='ltr'>Subalpino</span> <span class='ocrx_word' id='word_1_69' title='bbox 458 1398 677 1440; x_wconf 87' lang='lat' dir='ltr'>Gubernio</span> <span class='ocrx_word' id='word_1_70' title='bbox 703 1398 846 1456; x_wconf 90' lang='lat' dir='ltr'>plures</span> <span class='ocrx_word' id='word_1_71' title='bbox 881 1398 1035 1440; x_wconf 83' lang='lat' dir='ltr'>abhinc</span> <span class='ocrx_word' id='word_1_72' title='bbox 1062 1414 1197 1439; x_wconf 89' lang='lat' dir='ltr'>annos</span> <span class='ocrx_word' id='word_1_73' title='bbox 1217 1397 1443 1450; x_wconf 89' lang='lat' dir='ltr'>indictum,</span> <span class='ocrx_word' id='word_1_74' title='bbox 1472 1408 1513 1439; x_wconf 92' lang='lat' dir='ltr'>et</span> <span class='ocrx_word' id='word_1_75' title='bbox 1533 1397 1666 1455; x_wconf 85' lang='lat' dir='ltr'>magis</span> <span class='ocrx_word' id='word_1_76' title='bbox 1693 1397 1737 1438; x_wconf 92' lang='lat' dir='ltr'>in</span> <span class='ocrx_word' id='word_1_77' title='bbox 1770 1396 1859 1438; x_wconf 86' lang='lat' dir='ltr'>dies</span> <span class='ocrx_word' id='word_1_78' title='bbox 1887 1396 2046 1438; x_wconf 88' lang='lat' dir='ltr'>excita-</span> 
     </span>
     <span class='ocr_line' id='line_1_13' title="bbox 200 1461 2046 1521; baseline -0.001 -17"><span class='ocrx_word' id='word_1_79' title='bbox 200 1474 305 1513; x_wconf 91' lang='lat' dir='ltr'>tum,</span> <span class='ocrx_word' id='word_1_80' title='bbox 332 1463 510 1519; x_wconf 90' lang='lat' dir='ltr'>quisque</span> <span class='ocrx_word' id='word_1_81' title='bbox 541 1474 725 1504; x_wconf 83' lang='lat' dir='ltr'>vestrum</span> <span class='ocrx_word' id='word_1_82' title='bbox 752 1464 816 1504; x_wconf 89' lang='lat' dir='ltr'>vel</span> <span class='ocrx_word' id='word_1_83' title='bbox 844 1463 966 1504; x_wconf 85' lang='lat' dir='ltr'>facile</span> <span class='ocrx_word' id='word_1_84' title='bbox 991 1463 1250 1521; x_wconf 80' lang='lat' dir='ltr'>cogitatione</span> <span class='ocrx_word' id='word_1_85' title='bbox 1280 1462 1447 1520; x_wconf 81' lang='lat' dir='ltr'>assequi</span> <span class='ocrx_word' id='word_1_86' title='bbox 1467 1473 1622 1520; x_wconf 89' lang='lat' dir='ltr'>potest,</span> <span class='ocrx_word' id='word_1_87' title='bbox 1654 1462 1794 1504; x_wconf 89' lang='lat' dir='ltr'>dilecti</span> <span class='ocrx_word' id='word_1_88' title='bbox 1815 1461 1909 1503; x_wconf 87' lang='lat' dir='ltr'>Filii</span> <span class='ocrx_word' id='word_1_89' title='bbox 1924 1462 2046 1503; x_wconf 49' lang='lat' dir='ltr'>*Nos-</span> 
     </span>
     <span class='ocr_line' id='line_1_14' title="bbox 201 1526 2045 1584; baseline -0.001 -15"><span class='ocrx_word' id='word_1_90' title='bbox 201 1528 269 1579; x_wconf 90' lang='lat' dir='ltr'>tri,</span> <span class='ocrx_word' id='word_1_91' title='bbox 295 1545 342 1570; x_wconf 92' lang='lat' dir='ltr'>ac</span> <span class='ocrx_word' id='word_1_92' title='bbox 365 1527 639 1570; x_wconf 87' lang='lat' dir='ltr'>Venerabiles</span> <span class='ocrx_word' id='word_1_93' title='bbox 660 1529 842 1569; x_wconf 82' lang='lat' dir='ltr'>Fratres.</span> <span class='ocrx_word' id='word_1_94' title='bbox 867 1529 1029 1569; x_wconf 78' lang='lat' dir='ltr'>Verum</span> <span class='ocrx_word' id='word_1_95' title='bbox 1055 1527 1167 1569; x_wconf 84' lang='lat' dir='ltr'>inter</span> <span class='ocrx_word' id='word_1_96' title='bbox 1191 1527 1460 1584; x_wconf 70' lang='lat' dir='ltr'>gravissimas</span> <span class='ocrx_word' id='word_1_97' title='bbox 1483 1528 1660 1568; x_wconf 83' lang='lat' dir='ltr'>Nostras</span> <span class='ocrx_word' id='word_1_98' title='bbox 1686 1527 1916 1584; x_wconf 83' lang='lat' dir='ltr'>angustias,</span> <span class='ocrx_word' id='word_1_99' title='bbox 1944 1526 2045 1568; x_wconf 90' lang='lat' dir='ltr'>dum</span> 
     </span>
     <span class='ocr_line' id='line_1_15' title="bbox 202 1591 2047 1648; baseline -0.002 -14"><span class='ocrx_word' id='word_1_100' title='bbox 202 1608 277 1633; x_wconf 87' lang='lat' dir='ltr'>vos</span> <span class='ocrx_word' id='word_1_101' title='bbox 315 1595 549 1643; x_wconf 88' lang='lat' dir='ltr'>intuemur,</span> <span class='ocrx_word' id='word_1_102' title='bbox 596 1592 782 1633; x_wconf 87' lang='lat' dir='ltr'>maximo</span> <span class='ocrx_word' id='word_1_103' title='bbox 827 1592 1037 1633; x_wconf 79' lang='lat' dir='ltr'>afficimur</span> <span class='ocrx_word' id='word_1_104' title='bbox 1079 1592 1230 1633; x_wconf 88' lang='lat' dir='ltr'>solatio</span> <span class='ocrx_word' id='word_1_105' title='bbox 1274 1602 1315 1632; x_wconf 91' lang='lat' dir='ltr'>et</span> <span class='ocrx_word' id='word_1_106' title='bbox 1363 1591 1671 1633; x_wconf 83' lang='lat' dir='ltr'>consolatione.</span> <span class='ocrx_word' id='word_1_107' title='bbox 1713 1591 1933 1648; x_wconf 87' lang='lat' dir='ltr'>Siquidem</span> <span class='ocrx_word' id='word_1_108' title='bbox 1972 1606 2047 1631; x_wconf 71' lang='lat' dir='ltr'>vos</span> 
     </span>
     <span class='ocr_line' id='line_1_16' title="bbox 202 1655 2047 1714; baseline -0.001 -16"><span class='ocrx_word' id='word_1_109' title='bbox 202 1657 394 1713; x_wconf 87' lang='lat' dir='ltr'>quamvis</span> <span class='ocrx_word' id='word_1_110' title='bbox 420 1656 619 1698; x_wconf 89' lang='lat' dir='ltr'>omnibus</span> <span class='ocrx_word' id='word_1_111' title='bbox 657 1656 964 1712; x_wconf 84' lang='lat' dir='ltr'>injustissimis,</span> <span class='ocrx_word' id='word_1_112' title='bbox 1000 1657 1282 1713; x_wconf 71' lang='lat' dir='ltr'>violentisque</span> <span class='ocrx_word' id='word_1_113' title='bbox 1313 1656 1452 1714; x_wconf 85' lang='lat' dir='ltr'>modis</span> <span class='ocrx_word' id='word_1_114' title='bbox 1488 1655 1776 1697; x_wconf 89' lang='lat' dir='ltr'>miserandum</span> <span class='ocrx_word' id='word_1_115' title='bbox 1802 1655 1845 1696; x_wconf 88' lang='lat' dir='ltr'>in</span> <span class='ocrx_word' id='word_1_116' title='bbox 1870 1655 2047 1696; x_wconf 83' lang='lat' dir='ltr'>modum</span> 
     </span>
     <span class='ocr_line' id='line_1_17' title="bbox 201 1719 2048 1779; baseline -0.001 -16"><span class='ocrx_word' id='word_1_117' title='bbox 201 1722 351 1772; x_wconf 81' lang='lat' dir='ltr'>vexati,</span> <span class='ocrx_word' id='word_1_118' title='bbox 377 1734 418 1763; x_wconf 86' lang='lat' dir='ltr'>et</span> <span class='ocrx_word' id='word_1_119' title='bbox 447 1738 469 1763; x_wconf 91' lang='lat' dir='ltr'>a</span> <span class='ocrx_word' id='word_1_120' title='bbox 494 1720 670 1779; x_wconf 86' lang='lat' dir='ltr'>proprio</span> <span class='ocrx_word' id='word_1_121' title='bbox 701 1736 829 1779; x_wconf 81' lang='lat' dir='ltr'>grege</span> <span class='ocrx_word' id='word_1_122' title='bbox 850 1721 998 1770; x_wconf 82' lang='lat' dir='ltr'>avulsi,</span> <span class='ocrx_word' id='word_1_123' title='bbox 1034 1721 1076 1761; x_wconf 80' lang='lat' dir='ltr'>iu</span> <span class='ocrx_word' id='word_1_124' title='bbox 1107 1720 1277 1761; x_wconf 76' lang='lat' dir='ltr'>exilium</span> <span class='ocrx_word' id='word_1_125' title='bbox 1307 1720 1445 1775; x_wconf 85' lang='lat' dir='ltr'>ejecti,</span> <span class='ocrx_word' id='word_1_126' title='bbox 1473 1732 1598 1777; x_wconf 87' lang='lat' dir='ltr'>atque</span> <span class='ocrx_word' id='word_1_127' title='bbox 1624 1720 1750 1761; x_wconf 86' lang='lat' dir='ltr'>etiam</span> <span class='ocrx_word' id='word_1_128' title='bbox 1772 1719 1816 1761; x_wconf 90' lang='lat' dir='ltr'>in</span> <span class='ocrx_word' id='word_1_129' title='bbox 1836 1736 2048 1762; x_wconf 84' lang='lat' dir='ltr'>carcerem</span> 
     </span>
     <span class='ocr_line' id='line_1_18' title="bbox 204 1785 2047 1842; baseline -0.001 -15"><span class='ocrx_word' id='word_1_130' title='bbox 204 1787 391 1837; x_wconf 82' lang='lat' dir='ltr'>detrusi,</span> <span class='ocrx_word' id='word_1_131' title='bbox 426 1798 571 1828; x_wconf 87' lang='lat' dir='ltr'>tamen</span> <span class='ocrx_word' id='word_1_132' title='bbox 597 1786 751 1827; x_wconf 78' lang='lat' dir='ltr'>virtute</span> <span class='ocrx_word' id='word_1_133' title='bbox 785 1802 834 1827; x_wconf 88' lang='lat' dir='ltr'>ex</span> <span class='ocrx_word' id='word_1_134' title='bbox 867 1786 953 1827; x_wconf 90' lang='lat' dir='ltr'>alto</span> <span class='ocrx_word' id='word_1_135' title='bbox 977 1785 1115 1826; x_wconf 80' lang='lat' dir='ltr'>induti</span> <span class='ocrx_word' id='word_1_136' title='bbox 1149 1801 1369 1842; x_wconf 88' lang='lat' dir='ltr'>nunquam</span> <span class='ocrx_word' id='word_1_137' title='bbox 1397 1785 1680 1826; x_wconf 83' lang='lat' dir='ltr'>intermisistis</span> <span class='ocrx_word' id='word_1_138' title='bbox 1713 1801 1796 1842; x_wconf 89' lang='lat' dir='ltr'>qua</span> <span class='ocrx_word' id='word_1_139' title='bbox 1813 1800 1932 1835; x_wconf 88' lang='lat' dir='ltr'>voce,</span> <span class='ocrx_word' id='word_1_140' title='bbox 1964 1800 2047 1842; x_wconf 89' lang='lat' dir='ltr'>qua</span> 
     </span>
     <span class='ocr_line' id='line_1_19' title="bbox 203 1849 2043 1908; baseline -0.001 -16"><span class='ocrx_word' id='word_1_141' title='bbox 203 1851 455 1892; x_wconf 83' lang='lat' dir='ltr'>salutaribus</span> <span class='ocrx_word' id='word_1_142' title='bbox 477 1850 642 1908; x_wconf 86' lang='lat' dir='ltr'>scriptis</span> <span class='ocrx_word' id='word_1_143' title='bbox 662 1851 754 1901; x_wconf 82' lang='lat' dir='ltr'>Dei,</span> <span class='ocrx_word' id='word_1_144' title='bbox 782 1853 955 1908; x_wconf 88' lang='lat' dir='ltr'>ejusque</span> <span class='ocrx_word' id='word_1_145' title='bbox 981 1850 1196 1900; x_wconf 71' lang='lat' dir='ltr'>Ecclesiae,</span> <span class='ocrx_word' id='word_1_146' title='bbox 1222 1862 1263 1891; x_wconf 90' lang='lat' dir='ltr'>et</span> <span class='ocrx_word' id='word_1_147' title='bbox 1284 1849 1539 1907; x_wconf 73' lang='lat' dir='ltr'>Apostolicae</span> <span class='ocrx_word' id='word_1_148' title='bbox 1565 1852 1689 1905; x_wconf 86' lang='lat' dir='ltr'>hujus</span> <span class='ocrx_word' id='word_1_149' title='bbox 1710 1849 1830 1890; x_wconf 87' lang='lat' dir='ltr'>Sedis</span> <span class='ocrx_word' id='word_1_150' title='bbox 1850 1865 2043 1901; x_wconf 85' lang='lat' dir='ltr'>causam,</span> 
     </span>
     <span class='ocr_line' id='line_1_20' title="bbox 199 1914 2048 1974; baseline -0.001 -17"><span class='ocrx_word' id='word_1_151' title='bbox 199 1917 310 1972; x_wconf 83' lang='lat' dir='ltr'>jura,</span> <span class='ocrx_word' id='word_1_152' title='bbox 335 1916 574 1958; x_wconf 87' lang='lat' dir='ltr'>doctrinam</span> <span class='ocrx_word' id='word_1_153' title='bbox 603 1928 773 1957; x_wconf 87' lang='lat' dir='ltr'>strenue</span> <span class='ocrx_word' id='word_1_154' title='bbox 793 1916 916 1967; x_wconf 89' lang='lat' dir='ltr'>tueri,</span> <span class='ocrx_word' id='word_1_155' title='bbox 938 1916 1153 1972; x_wconf 74' lang='lat' dir='ltr'>vestrique</span> <span class='ocrx_word' id='word_1_156' title='bbox 1176 1915 1311 1974; x_wconf 81' lang='lat' dir='ltr'>gregis</span> <span class='ocrx_word' id='word_1_157' title='bbox 1331 1914 1613 1956; x_wconf 83' lang='lat' dir='ltr'>incolumitati</span> <span class='ocrx_word' id='word_1_158' title='bbox 1638 1914 1874 1956; x_wconf 83' lang='lat' dir='ltr'>consulere.</span> <span class='ocrx_word' id='word_1_159' title='bbox 1898 1915 2048 1972; x_wconf 89' lang='lat' dir='ltr'>Itaque</span> 
     </span>
     <span class='ocr_line' id='line_1_21' title="bbox 203 1979 2048 2039; baseline -0.001 -17"><span class='ocrx_word' id='word_1_160' title='bbox 203 1981 324 2023; x_wconf 62' lang='lat' dir='ltr'>vobis</span> <span class='ocrx_word' id='word_1_161' title='bbox 347 1998 396 2022; x_wconf 87' lang='lat' dir='ltr'>ex</span> <span class='ocrx_word' id='word_1_162' title='bbox 418 1981 558 2023; x_wconf 88' lang='lat' dir='ltr'>animo</span> <span class='ocrx_word' id='word_1_163' title='bbox 581 1981 861 2039; x_wconf 82' lang='lat' dir='ltr'>gratulamur,</span> <span class='ocrx_word' id='word_1_164' title='bbox 883 1981 999 2037; x_wconf 88' lang='lat' dir='ltr'>quod</span> <span class='ocrx_word' id='word_1_165' title='bbox 1021 1982 1297 2023; x_wconf 81' lang='lat' dir='ltr'>vehementer</span> <span class='ocrx_word' id='word_1_166' title='bbox 1314 1980 1519 2022; x_wconf 69' lang='lat' dir='ltr'>laetamini</span> <span class='ocrx_word' id='word_1_167' title='bbox 1540 1996 1619 2038; x_wconf 89' lang='lat' dir='ltr'>pro</span> <span class='ocrx_word' id='word_1_168' title='bbox 1639 1979 1814 2021; x_wconf 88' lang='lat' dir='ltr'>nomine</span> <span class='ocrx_word' id='word_1_169' title='bbox 1833 1980 1853 2019; x_wconf 84' lang='lat' dir='ltr'>J</span> <span class='ocrx_word' id='word_1_170' title='bbox 1858 1995 1930 2021; x_wconf 89' lang='lat' dir='ltr'>esu</span> <span class='ocrx_word' id='word_1_171' title='bbox 1947 1995 2048 2021; x_wconf 91' lang='lat' dir='ltr'>con-</span> 
     </span>
     <span class='ocr_line' id='line_1_22' title="bbox 206 2043 2040 2104; baseline -0.002 -17"><span class='ocrx_word' id='word_1_172' title='bbox 206 2047 424 2087; x_wconf 86' lang='lat' dir='ltr'>tumeliam</span> <span class='ocrx_word' id='word_1_173' title='bbox 453 2046 565 2104; x_wconf 90' lang='lat' dir='ltr'>pati,</span> <span class='ocrx_word' id='word_1_174' title='bbox 592 2062 639 2088; x_wconf 90' lang='lat' dir='ltr'>ac</span> <span class='ocrx_word' id='word_1_175' title='bbox 674 2046 836 2087; x_wconf 89' lang='lat' dir='ltr'>meritis</span> <span class='ocrx_word' id='word_1_176' title='bbox 867 2062 940 2087; x_wconf 74' lang='lat' dir='ltr'>vos</span> <span class='ocrx_word' id='word_1_177' title='bbox 968 2046 1166 2087; x_wconf 84' lang='lat' dir='ltr'>laudibus</span> <span class='ocrx_word' id='word_1_178' title='bbox 1194 2044 1410 2088; x_wconf 84' lang='lat' dir='ltr'>efferimus</span> <span class='ocrx_word' id='word_1_179' title='bbox 1441 2056 1607 2086; x_wconf 87' lang='lat' dir='ltr'>utentes</span> <span class='ocrx_word' id='word_1_180' title='bbox 1630 2043 1882 2086; x_wconf 85' lang='lat' dir='ltr'>sanctissimi</span> <span class='ocrx_word' id='word_1_181' title='bbox 1907 2045 2040 2085; x_wconf 89' lang='lat' dir='ltr'>Nostr</span> 
     </span>
     <span class='ocr_line' id='line_1_23' title="bbox 206 2109 2047 2166; baseline -0.002 -14"><span class='ocrx_word' id='word_1_182' title='bbox 206 2111 448 2152; x_wconf 89' lang='lat' dir='ltr'>Decessoris</span> <span class='ocrx_word' id='word_1_183' title='bbox 468 2112 621 2152; x_wconf 87' lang='lat' dir='ltr'>Leonis</span> <span class='ocrx_word' id='word_1_184' title='bbox 646 2111 787 2152; x_wconf 87' lang='lat' dir='ltr'>verbis</span> <span class='ocrx_word' id='word_1_185' title='bbox 811 2129 820 2152; x_wconf 73' lang='grc' dir='ltr'>ε</span> <span class='ocrx_word' id='word_1_186' title='bbox 854 2132 871 2147; x_wconf 86' lang='lat'>«</span> <span class='ocrx_word' id='word_1_187' title='bbox 894 2110 1011 2152; x_wconf 86' lang='lat' dir='ltr'>Licet</span> <span class='ocrx_word' id='word_1_188' title='bbox 1032 2111 1250 2152; x_wconf 83' lang='lat' dir='ltr'>laboribus</span> <span class='ocrx_word' id='word_1_189' title='bbox 1278 2110 1515 2152; x_wconf 87' lang='lat' dir='ltr'>dilectionis</span> <span class='ocrx_word' id='word_1_190' title='bbox 1537 2120 1703 2161; x_wconf 83' lang='lat' dir='ltr'>vestrae,</span> <span class='ocrx_word' id='word_1_191' title='bbox 1739 2125 1844 2166; x_wconf 88' lang='lat' dir='ltr'>quos</span> <span class='ocrx_word' id='word_1_192' title='bbox 1866 2124 1945 2166; x_wconf 89' lang='lat' dir='ltr'>pro</span> <span class='ocrx_word' id='word_1_193' title='bbox 1966 2109 2047 2150; x_wconf 93' lang='lat' dir='ltr'>ob-</span> 
     </span>
     <span class='ocr_line' id='line_1_24' title="bbox 212 2174 2048 2233; baseline -0.001 -17"><span class='ocrx_word' id='word_1_194' title='bbox 212 2196 228 2211; x_wconf 91' lang='lat'>«</span> <span class='ocrx_word' id='word_1_195' title='bbox 265 2175 474 2216; x_wconf 87' lang='lat' dir='ltr'>servantia</span> <span class='ocrx_word' id='word_1_196' title='bbox 510 2175 728 2217; x_wconf 85' lang='lat' dir='ltr'>catholicae</span> <span class='ocrx_word' id='word_1_197' title='bbox 762 2175 861 2217; x_wconf 81' lang='lat' dir='ltr'>fidei</span> <span class='ocrx_word' id='word_1_198' title='bbox 901 2175 1168 2233; x_wconf 79' lang='lat' dir='ltr'>suscepistis,</span> <span class='ocrx_word' id='word_1_199' title='bbox 1207 2186 1298 2216; x_wconf 92' lang='lat' dir='ltr'>toto</span> <span class='ocrx_word' id='word_1_200' title='bbox 1337 2175 1464 2216; x_wconf 89' lang='lat' dir='ltr'>corde</span> <span class='ocrx_word' id='word_1_201' title='bbox 1500 2174 1745 2232; x_wconf 86' lang='lat' dir='ltr'>compatiar,</span> <span class='ocrx_word' id='word_1_202' title='bbox 1791 2184 1834 2215; x_wconf 86' lang='lat' dir='ltr'>et</span> <span class='ocrx_word' id='word_1_203' title='bbox 1870 2189 1918 2214; x_wconf 90' lang='lat' dir='ltr'>ea</span> <span class='ocrx_word' id='word_1_204' title='bbox 1956 2188 2048 2229; x_wconf 85' lang='lat' dir='ltr'>quae</span> 
     </span>
     <span class='ocr_line' id='line_1_25' title="bbox 214 2237 2048 2297; baseline -0.002 -16"><span class='ocrx_word' id='word_1_205' title='bbox 214 2262 231 2276; x_wconf 87' lang='lat'><strong><em>«</em></strong></span> <span class='ocrx_word' id='word_1_206' title='bbox 266 2239 459 2281; x_wconf 86' lang='lat' dir='ltr'>vobis....</span> <span class='ocrx_word' id='word_1_207' title='bbox 487 2240 602 2281; x_wconf 88' lang='lat' dir='ltr'>illata</span> <span class='ocrx_word' id='word_1_208' title='bbox 632 2251 756 2291; x_wconf 87' lang='lat' dir='ltr'>sunt,</span> <span class='ocrx_word' id='word_1_209' title='bbox 794 2256 882 2281; x_wconf 88' lang='lat' dir='ltr'>non</span> <span class='ocrx_word' id='word_1_210' title='bbox 904 2240 1025 2281; x_wconf 85' lang='lat' dir='ltr'>aliter</span> <span class='ocrx_word' id='word_1_211' title='bbox 1052 2240 1271 2297; x_wconf 77' lang='lat' dir='ltr'>accipiam,</span> <span class='ocrx_word' id='word_1_212' title='bbox 1296 2256 1425 2296; x_wconf 84' lang='lat' dir='ltr'>quam</span> <span class='ocrx_word' id='word_1_213' title='bbox 1456 2238 1489 2280; x_wconf 87' lang='lat' dir='ltr'>si</span> <span class='ocrx_word' id='word_1_214' title='bbox 1519 2239 1607 2296; x_wconf 89' lang='lat' dir='ltr'>ipse</span> <span class='ocrx_word' id='word_1_215' title='bbox 1633 2237 1895 2296; x_wconf 86' lang='lat' dir='ltr'>pertulerim,</span> <span class='ocrx_word' id='word_1_216' title='bbox 1919 2238 2048 2279; x_wconf 90' lang='lat' dir='ltr'>intel-</span> 
     </span>
     <span class='ocr_line' id='line_1_26' title="bbox 213 2303 2049 2363; baseline -0.001 -19"><span class='ocrx_word' id='word_1_217' title='bbox 213 2325 230 2340; x_wconf 92' lang='lat'>«</span> <span class='ocrx_word' id='word_1_218' title='bbox 268 2303 353 2361; x_wconf 82' lang='lat' dir='ltr'>ligo</span> <span class='ocrx_word' id='word_1_219' title='bbox 387 2316 528 2346; x_wconf 89' lang='lat' dir='ltr'>tamen</span> <span class='ocrx_word' id='word_1_220' title='bbox 553 2306 687 2362; x_wconf 80' lang='lat' dir='ltr'>magis</span> <span class='ocrx_word' id='word_1_221' title='bbox 712 2321 799 2347; x_wconf 90' lang='lat' dir='ltr'>esse</span> <span class='ocrx_word' id='word_1_222' title='bbox 828 2304 993 2363; x_wconf 83' lang='lat' dir='ltr'>gaudii,</span> <span class='ocrx_word' id='word_1_223' title='bbox 1025 2321 1152 2362; x_wconf 89' lang='lat' dir='ltr'>quam</span> <span class='ocrx_word' id='word_1_224' title='bbox 1173 2307 1383 2357; x_wconf 86' lang='lat' dir='ltr'>moeroris,</span> <span class='ocrx_word' id='word_1_225' title='bbox 1409 2304 1540 2361; x_wconf 87' lang='lat' dir='ltr'>quod,</span> <span class='ocrx_word' id='word_1_226' title='bbox 1567 2303 1835 2345; x_wconf 87' lang='lat' dir='ltr'>confortante</span> <span class='ocrx_word' id='word_1_227' title='bbox 1860 2317 1934 2344; x_wconf 91' lang='lat' dir='ltr'>vos</span> <span class='ocrx_word' id='word_1_228' title='bbox 1956 2304 2049 2344; x_wconf 93' lang='lat' dir='ltr'>Do-</span> 
     </span>
     <span class='ocr_line' id='line_1_27' title="bbox 214 2367 2048 2427; baseline -0.001 -19"><span class='ocrx_word' id='word_1_229' title='bbox 214 2389 232 2404; x_wconf 92' lang='lat'>«</span> <span class='ocrx_word' id='word_1_230' title='bbox 267 2368 384 2409; x_wconf 89' lang='lat' dir='ltr'>mino</span> <span class='ocrx_word' id='word_1_231' title='bbox 407 2370 503 2410; x_wconf 89' lang='lat' dir='ltr'>Jesu</span> <span class='ocrx_word' id='word_1_232' title='bbox 527 2369 712 2420; x_wconf 91' lang='lat' dir='ltr'>Christo,</span> <span class='ocrx_word' id='word_1_233' title='bbox 739 2369 782 2410; x_wconf 89' lang='lat' dir='ltr'>in</span> <span class='ocrx_word' id='word_1_234' title='bbox 804 2369 1043 2427; x_wconf 85' lang='lat' dir='ltr'>evangelica</span> <span class='ocrx_word' id='word_1_235' title='bbox 1071 2370 1388 2427; x_wconf 87' lang='lat' dir='ltr'>apostolicaque</span> <span class='ocrx_word' id='word_1_236' title='bbox 1409 2370 1601 2411; x_wconf 87' lang='lat' dir='ltr'>doctrina</span> <span class='ocrx_word' id='word_1_237' title='bbox 1623 2367 1929 2425; x_wconf 87' lang='lat' dir='ltr'>insuperabiles</span> <span class='ocrx_word' id='word_1_238' title='bbox 1948 2381 2048 2424; x_wconf 90' lang='lat' dir='ltr'>per-</span> 
     </span>
     <span class='ocr_line' id='line_1_28' title="bbox 218 2432 2050 2476; baseline -0.001 -2"><span class='ocrx_word' id='word_1_239' title='bbox 218 2454 233 2468; x_wconf 72' lang='grc' dir='ltr'>α</span> <span class='ocrx_word' id='word_1_240' title='bbox 271 2432 507 2475; x_wconf 86' lang='lat' dir='ltr'>stitistis....</span> <span class='ocrx_word' id='word_1_241' title='bbox 534 2435 587 2475; x_wconf 90' lang='lat' dir='ltr'>Et</span> <span class='ocrx_word' id='word_1_242' title='bbox 611 2450 708 2475; x_wconf 91' lang='lat' dir='ltr'>cum</span> <span class='ocrx_word' id='word_1_243' title='bbox 736 2450 812 2475; x_wconf 84' lang='lat' dir='ltr'>vos</span> <span class='ocrx_word' id='word_1_244' title='bbox 846 2433 1005 2475; x_wconf 75' lang='lat' dir='ltr'>inimIci</span> <span class='ocrx_word' id='word_1_245' title='bbox 1032 2433 1131 2475; x_wconf 88' lang='lat' dir='ltr'>fidei</span> <span class='ocrx_word' id='word_1_246' title='bbox 1157 2434 1396 2476; x_wconf 80' lang='lat' dir='ltr'>christianae</span> <span class='ocrx_word' id='word_1_247' title='bbox 1427 2435 1479 2474; x_wconf 88' lang='lat' dir='ltr'>ab</span> <span class='ocrx_word' id='word_1_248' title='bbox 1504 2432 1787 2474; x_wconf 85' lang='lat' dir='ltr'>Ecclesiarum</span> <span class='ocrx_word' id='word_1_249' title='bbox 1814 2443 2050 2474; x_wconf 90' lang='lat' dir='ltr'>vestrarum</span> 
     </span>
     <span class='ocr_line' id='line_1_29' title="bbox 217 2495 2047 2556; baseline -0.001 -17"><span class='ocrx_word' id='word_1_250' title='bbox 217 2520 234 2534; x_wconf 87' lang='lat'>«</span> <span class='ocrx_word' id='word_1_251' title='bbox 272 2497 370 2539; x_wconf 90' lang='lat' dir='ltr'>sede</span> <span class='ocrx_word' id='word_1_252' title='bbox 398 2497 659 2549; x_wconf 85' lang='lat' dir='ltr'>divellerent,</span> <span class='ocrx_word' id='word_1_253' title='bbox 684 2498 892 2540; x_wconf 86' lang='lat' dir='ltr'>maluistis</span> <span class='ocrx_word' id='word_1_254' title='bbox 910 2499 1266 2556; x_wconf 81' lang='lat' dir='ltr'>peregrinationis</span> <span class='ocrx_word' id='word_1_255' title='bbox 1285 2498 1485 2555; x_wconf 86' lang='lat' dir='ltr'>injuriam</span> <span class='ocrx_word' id='word_1_256' title='bbox 1506 2497 1607 2556; x_wconf 87' lang='lat' dir='ltr'>pati,</span> <span class='ocrx_word' id='word_1_257' title='bbox 1637 2513 1765 2555; x_wconf 86' lang='lat' dir='ltr'>quam</span> <span class='ocrx_word' id='word_1_258' title='bbox 1789 2496 1874 2539; x_wconf 87' lang='lat' dir='ltr'>ulla</span> <span class='ocrx_word' id='word_1_259' title='bbox 1894 2495 2047 2554; x_wconf 87' lang='lat' dir='ltr'>impie-</span> 
     </span>
     <span class='ocr_line' id='line_1_30' title="bbox 219 2561 1094 2621; baseline 0.001 -19"><span class='ocrx_word' id='word_1_260' title='bbox 219 2582 236 2598; x_wconf 91' lang='lat'>«</span> <span class='ocrx_word' id='word_1_261' title='bbox 273 2561 372 2603; x_wconf 89' lang='lat' dir='ltr'>tatis</span> <span class='ocrx_word' id='word_1_262' title='bbox 392 2563 584 2619; x_wconf 88' lang='lat' dir='ltr'>ipsorum</span> <span class='ocrx_word' id='word_1_263' title='bbox 603 2563 860 2621; x_wconf 84' lang='lat' dir='ltr'>contagione</span> <span class='ocrx_word' id='word_1_264' title='bbox 881 2563 1047 2605; x_wconf 83' lang='lat' dir='ltr'>violari.</span> <span class='ocrx_word' id='word_1_265' title='bbox 1078 2584 1094 2598; x_wconf 72' lang='grc' dir='ltr'>»ι</span> 
     </span>
    </p>
   </div>
   <div class='ocr_carea' id='block_1_7' title="bbox 217 2766 2052 3278">
    <p class='ocr_par' dir='ltr' id='par_1_7' title="bbox 217 2766 2052 3278">
     <span class='ocr_line' id='line_1_31' title="bbox 275 2766 2049 2824; baseline -0.001 -15"><span class='ocrx_word' id='word_1_266' title='bbox 275 2769 417 2824; x_wconf 87' lang='lat' dir='ltr'>Atque</span> <span class='ocrx_word' id='word_1_267' title='bbox 452 2766 615 2808; x_wconf 86' lang='lat' dir='ltr'>utinam</span> <span class='ocrx_word' id='word_1_268' title='bbox 651 2768 769 2809; x_wconf 87' lang='lat' dir='ltr'>vobis</span> <span class='ocrx_word' id='word_1_269' title='bbox 801 2780 1016 2810; x_wconf 84' lang='lat' dir='ltr'>tantarum</span> <span class='ocrx_word' id='word_1_270' title='bbox 1034 2767 1229 2810; x_wconf 70' lang='lat' dir='ltr'>Ecclesiae</span> <span class='ocrx_word' id='word_1_271' title='bbox 1265 2767 1554 2809; x_wconf 88' lang='lat' dir='ltr'>calamitatum</span> <span class='ocrx_word' id='word_1_272' title='bbox 1584 2767 1714 2809; x_wconf 89' lang='lat' dir='ltr'>finem</span> <span class='ocrx_word' id='word_1_273' title='bbox 1738 2767 1933 2809; x_wconf 86' lang='lat' dir='ltr'>nuntiare</span> <span class='ocrx_word' id='word_1_274' title='bbox 1952 2782 2049 2824; x_wconf 88' lang='lat' dir='ltr'>pos—</span> 
     </span>
     <span class='ocr_line' id='line_1_32' title="bbox 217 2831 2048 2891; baseline -0.001 -16"><span class='ocrx_word' id='word_1_275' title='bbox 217 2833 370 2875; x_wconf 84' lang='lat' dir='ltr'>simus!</span> <span class='ocrx_word' id='word_1_276' title='bbox 397 2832 478 2873; x_wconf 88' lang='lat' dir='ltr'>Sed</span> <span class='ocrx_word' id='word_1_277' title='bbox 499 2847 719 2888; x_wconf 88' lang='lat' dir='ltr'>nunquam</span> <span class='ocrx_word' id='word_1_278' title='bbox 742 2833 841 2874; x_wconf 88' lang='lat' dir='ltr'>satis</span> <span class='ocrx_word' id='word_1_279' title='bbox 867 2834 1051 2891; x_wconf 83' lang='lat' dir='ltr'>lugenda</span> <span class='ocrx_word' id='word_1_280' title='bbox 1078 2850 1247 2875; x_wconf 90' lang='lat' dir='ltr'>morum</span> <span class='ocrx_word' id='word_1_281' title='bbox 1270 2833 1511 2890; x_wconf 88' lang='lat' dir='ltr'>corruptela</span> <span class='ocrx_word' id='word_1_282' title='bbox 1530 2833 1718 2890; x_wconf 90' lang='lat' dir='ltr'>undique</span> <span class='ocrx_word' id='word_1_283' title='bbox 1738 2831 2048 2890; x_wconf 84' lang='lat' dir='ltr'>ingravescens,</span> 
     </span>
     <span class='ocr_line' id='line_1_33' title="bbox 218 2897 2050 2957; baseline -0.001 -18"><span class='ocrx_word' id='word_1_284' title='bbox 218 2909 261 2940; x_wconf 91' lang='lat' dir='ltr'>et</span> <span class='ocrx_word' id='word_1_285' title='bbox 280 2897 538 2955; x_wconf 81' lang='lat' dir='ltr'>irreligiosis,</span> <span class='ocrx_word' id='word_1_286' title='bbox 562 2897 758 2938; x_wconf 87' lang='lat' dir='ltr'>nefandis</span> <span class='ocrx_word' id='word_1_287' title='bbox 779 2899 1058 2955; x_wconf 89' lang='lat' dir='ltr'>obscenisque</span> <span class='ocrx_word' id='word_1_288' title='bbox 1085 2899 1266 2957; x_wconf 88' lang='lat' dir='ltr'>scriptis,</span> <span class='ocrx_word' id='word_1_289' title='bbox 1292 2915 1339 2940; x_wconf 89' lang='lat' dir='ltr'>ac</span> <span class='ocrx_word' id='word_1_290' title='bbox 1364 2898 1537 2940; x_wconf 88' lang='lat' dir='ltr'>scenicis</span> <span class='ocrx_word' id='word_1_291' title='bbox 1559 2897 1822 2956; x_wconf 88' lang='lat' dir='ltr'>spectaculis,</span> <span class='ocrx_word' id='word_1_292' title='bbox 1845 2909 1886 2938; x_wconf 87' lang='lat' dir='ltr'>et</span> <span class='ocrx_word' id='word_1_293' title='bbox 1910 2912 2050 2939; x_wconf 88' lang='lat' dir='ltr'>mere-</span> 
     </span>
     <span class='ocr_line' id='line_1_34' title="bbox 218 2962 2052 3021; baseline -0.001 -17"><span class='ocrx_word' id='word_1_294' title='bbox 218 2962 349 3004; x_wconf 86' lang='lat' dir='ltr'>triciis</span> <span class='ocrx_word' id='word_1_295' title='bbox 378 2962 578 3004; x_wconf 91' lang='lat' dir='ltr'>domibus</span> <span class='ocrx_word' id='word_1_296' title='bbox 604 2962 690 3003; x_wconf 84' lang='lat' dir='ltr'>sere</span> <span class='ocrx_word' id='word_1_297' title='bbox 725 2962 884 3019; x_wconf 90' lang='lat' dir='ltr'>ubique</span> <span class='ocrx_word' id='word_1_298' title='bbox 911 2964 1167 3016; x_wconf 87' lang='lat' dir='ltr'>constitutis,</span> <span class='ocrx_word' id='word_1_299' title='bbox 1203 2980 1251 3006; x_wconf 89' lang='lat' dir='ltr'>ac</span> <span class='ocrx_word' id='word_1_300' title='bbox 1282 2963 1374 3005; x_wconf 87' lang='lat' dir='ltr'>aliis</span> <span class='ocrx_word' id='word_1_301' title='bbox 1400 2965 1540 3021; x_wconf 86' lang='lat' dir='ltr'>pravis</span> <span class='ocrx_word' id='word_1_302' title='bbox 1571 2963 1734 3004; x_wconf 86' lang='lat' dir='ltr'>artibus</span> <span class='ocrx_word' id='word_1_303' title='bbox 1760 2972 1974 3020; x_wconf 86' lang='lat' dir='ltr'>promota,</span> <span class='ocrx_word' id='word_1_304' title='bbox 2010 2971 2052 3004; x_wconf 88' lang='lat' dir='ltr'>et</span> 
     </span>
     <span class='ocr_line' id='line_1_35' title="bbox 218 3024 2051 3086; baseline -0.002 -18"><span class='ocrx_word' id='word_1_305' title='bbox 218 3038 458 3069; x_wconf 85' lang='lat' dir='ltr'>monstrosa</span> <span class='ocrx_word' id='word_1_306' title='bbox 493 3027 685 3069; x_wconf 88' lang='lat' dir='ltr'>omnium</span> <span class='ocrx_word' id='word_1_307' title='bbox 717 3043 910 3069; x_wconf 90' lang='lat' dir='ltr'>errorum</span> <span class='ocrx_word' id='word_1_308' title='bbox 939 3039 1137 3085; x_wconf 88' lang='lat' dir='ltr'>portenta</span> <span class='ocrx_word' id='word_1_309' title='bbox 1167 3044 1481 3086; x_wconf 82' lang='lat' dir='ltr'>quaquaversus</span> <span class='ocrx_word' id='word_1_310' title='bbox 1511 3026 1797 3078; x_wconf 88' lang='lat' dir='ltr'>disseminata,</span> <span class='ocrx_word' id='word_1_311' title='bbox 1821 3037 1863 3068; x_wconf 89' lang='lat' dir='ltr'>et</span> <span class='ocrx_word' id='word_1_312' title='bbox 1885 3024 2051 3067; x_wconf 89' lang='lat' dir='ltr'>abomi-</span> 
     </span>
     <span class='ocr_line' id='line_1_36' title="bbox 219 3089 2050 3148; baseline -0.002 -15"><span class='ocrx_word' id='word_1_313' title='bbox 219 3092 361 3133; x_wconf 88' lang='lat' dir='ltr'>nanda</span> <span class='ocrx_word' id='word_1_314' title='bbox 400 3092 601 3134; x_wconf 84' lang='lat' dir='ltr'>vitiorum</span> <span class='ocrx_word' id='word_1_315' title='bbox 641 3091 917 3148; x_wconf 82' lang='lat' dir='ltr'>omniumque</span> <span class='ocrx_word' id='word_1_316' title='bbox 961 3092 1165 3133; x_wconf 86' lang='lat' dir='ltr'>scelerum</span> <span class='ocrx_word' id='word_1_317' title='bbox 1206 3093 1445 3134; x_wconf 90' lang='lat' dir='ltr'>increscens</span> <span class='ocrx_word' id='word_1_318' title='bbox 1479 3091 1677 3143; x_wconf 82' lang='lat' dir='ltr'>colluvio,</span> <span class='ocrx_word' id='word_1_319' title='bbox 1713 3102 1755 3132; x_wconf 91' lang='lat' dir='ltr'>et</span> <span class='ocrx_word' id='word_1_320' title='bbox 1784 3089 2050 3133; x_wconf 89' lang='lat' dir='ltr'>mortiferum</span> 
     </span>
     <span class='ocr_line' id='line_1_37' title="bbox 223 3153 2050 3214; baseline -0.002 -18"><span class='ocrx_word' id='word_1_321' title='bbox 223 3157 536 3198; x_wconf 72' lang='lat' dir='ltr'>incredulitatis</span> <span class='ocrx_word' id='word_1_322' title='bbox 559 3173 606 3198; x_wconf 87' lang='lat' dir='ltr'>ac</span> <span class='ocrx_word' id='word_1_323' title='bbox 637 3156 981 3212; x_wconf 55' lang='lat' dir='ltr'>indifferenti-§mi</span> <span class='ocrx_word' id='word_1_324' title='bbox 1008 3157 1120 3197; x_wconf 80' lang='lat' dir='ltr'>virus</span> <span class='ocrx_word' id='word_1_325' title='bbox 1152 3157 1278 3213; x_wconf 86' lang='lat' dir='ltr'>longe</span> <span class='ocrx_word' id='word_1_326' title='bbox 1308 3157 1477 3214; x_wconf 85' lang='lat' dir='ltr'>lateque</span> <span class='ocrx_word' id='word_1_327' title='bbox 1509 3156 1729 3207; x_wconf 85' lang='lat' dir='ltr'>diffusum,</span> <span class='ocrx_word' id='word_1_328' title='bbox 1762 3166 1804 3196; x_wconf 88' lang='lat' dir='ltr'>et</span> <span class='ocrx_word' id='word_1_329' title='bbox 1831 3153 2050 3196; x_wconf 84' lang='lat' dir='ltr'>ecclesias-</span> 
     </span>
     <span class='ocr_line' id='line_1_38' title="bbox 222 3217 2051 3278; baseline -0.001 -17"><span class='ocrx_word' id='word_1_330' title='bbox 222 3219 316 3262; x_wconf 82' lang='lat' dir='ltr'>ticae</span> <span class='ocrx_word' id='word_1_331' title='bbox 343 3221 579 3278; x_wconf 84' lang='lat' dir='ltr'>potestatis,</span> <span class='ocrx_word' id='word_1_332' title='bbox 614 3236 661 3263; x_wconf 91' lang='lat' dir='ltr'>ac</span> <span class='ocrx_word' id='word_1_333' title='bbox 688 3236 902 3263; x_wconf 87' lang='lat' dir='ltr'>sacrarum</span> <span class='ocrx_word' id='word_1_334' title='bbox 931 3236 1095 3271; x_wconf 89' lang='lat' dir='ltr'>rerum,</span> <span class='ocrx_word' id='word_1_335' title='bbox 1126 3220 1352 3278; x_wconf 82' lang='lat' dir='ltr'>legumque</span> <span class='ocrx_word' id='word_1_336' title='bbox 1382 3220 1643 3278; x_wconf 86' lang='lat' dir='ltr'>contemptio</span> <span class='ocrx_word' id='word_1_337' title='bbox 1681 3217 1974 3278; x_wconf 87' lang='lat' dir='ltr'>despicientia,</span> <span class='ocrx_word' id='word_1_338' title='bbox 2010 3228 2051 3259; x_wconf 83' lang='lat' dir='ltr'>et</span> 
     </span>
    </p>
   </div>
  </div>
 </body>
</html>
