2135 3442
179 164 254 200 200
793 158 1106 195 ALLOCUTION
1135 158 1200 193 DE
1229 158 1307 193 PIE
1338 157 1407 192 IX.

238 251 377 306 Atque
399 248 483 299 hic,
507 245 773 289 Venerabiles
796 246 977 296 Fratres,
1005 246 1115 286 clare
1135 256 1358 303 aperteque
1380 243 1659 293 declaramus,
1688 253 1779 284 tum
1795 244 1837 284 in
1855 245 1934 286 hac
1954 261 2014 297 re,

182 327 269 357 tum
282 313 324 354 in
345 312 434 354 aliis
447 312 682 370 quibusque
700 311 874 353 Nostras
897 326 1046 352 omnes
1065 326 1200 360 curas,
1220 309 1510 368 cogitationes,
1534 306 1668 349 studia
1681 308 1734 348 ab
1753 310 1868 349 omni
1891 325 2019 367 pror-

179 395 247 421 sus
280 377 498 434 cujuslibet
526 379 720 418 humanae
751 374 944 433 politices
977 374 1140 416 ratione
1176 375 1241 416 vel
1275 374 1459 414 maxime
1489 372 1622 413 aliena
1654 387 1705 413 eo
1741 384 1940 429 spectare,
1972 385 2019 416 ut

180 442 439 486 sanctissima
462 441 612 483 Christi
641 440 806 497 religio,
835 450 876 480 et
900 438 1093 480 doctrina
1115 439 1271 496 ubique
1292 450 1499 480 terrarum
1523 437 1683 478 cunctis
1700 436 1866 494 populis
1887 440 2018 497 magis

179 508 398 566 magisque
417 506 627 566 affulgeat.
655 504 741 546 Etsi
770 504 883 545 enim
905 515 1168 562 exoptemus,
1194 515 1239 545 ut
1262 504 1337 545 viri
1362 502 1585 561 principes,
1611 500 1761 558 quibus
1789 517 1810 542 a
1831 503 2016 544 Domino

180 573 277 615 data
304 584 365 614 est
391 584 585 630 potestas,
623 580 857 611 avertentes
881 584 998 609 aures
1028 584 1122 609 suas
1143 584 1164 609 a
1188 568 1465 609 fraudulentis
1489 578 1530 608 et
1548 565 1790 625 perniciosis
1819 566 2014 617 consiliis,

181 649 222 679 et
241 637 523 679 custodientes
542 635 709 692 justitiae
733 634 884 692 legem,
915 648 962 674 ac
980 632 1210 674 secundum
1232 635 1308 675 Dei
1328 633 1587 674 voluntatem
1602 631 1880 681 ambulantes,
1901 633 2021 688 Ejus-

181 718 261 761 que
288 714 438 744 sanctae
454 701 648 743 Ecclesiae
663 702 773 755 jura,
795 710 835 739 et
855 698 1094 739 libertatem
1123 709 1300 747 tuentes,
1326 714 1402 755 pro
1425 713 1570 738 eorum
1595 696 1813 754 religione,
1835 712 1882 738 ac
1900 697 2018 738 beni-

181 768 338 826 gnitate
374 783 545 808 suorum
569 765 822 824 populorum
846 761 1090 803 felicitatem
1117 762 1520 820 prosperitatemque
1544 776 1768 820 procurare
1792 777 1879 802 non
1904 760 2018 802 desi-

180 842 302 881 stant,
330 842 471 873 tamen
487 832 756 872 vehementer
775 828 969 869 dolemus
994 826 1035 867 in
1057 826 1228 868 diversis
1246 826 1346 867 locis
1364 827 1587 867 nonnullos
1605 842 1627 866 e
1644 826 1803 884 populo
1820 827 2012 874 existere,

181 896 253 953 qui
271 896 425 937 Nostro
448 894 619 937 nomine
643 905 801 934 temere
823 893 1056 941 abutentes,
1081 903 1121 932 et
1146 890 1431 948 gravissimam
1451 907 1638 949 personae
1660 891 1836 941 Nostrae,
1865 906 1912 932 ac
1943 906 2016 932 su-

179 975 335 1018 premae
365 959 557 1020 dignitati
591 958 786 1014 injuriam
821 955 1072 1005 inserentes,
1110 956 1298 997 debitam
1328 972 1426 1013 erga
1468 955 1681 1014 Principes
1712 956 2017 1011 subjectionem

182 1025 412 1084 denegare,
446 1037 487 1067 et
518 1034 665 1065 contra
699 1022 794 1062 illos
825 1021 984 1069 turbas,
1018 1035 1254 1077 pravosque
1282 1031 1421 1061 motus
1447 1019 1655 1062 concitare
1685 1019 1854 1061 audent.
1888 1020 2017 1073 Quod

182 1102 293 1132 certe
317 1108 339 1132 a
362 1090 524 1133 Nostris
542 1087 724 1130 consiliis
749 1086 855 1126 adeo
880 1084 1107 1125 abhorrere
1128 1096 1305 1134 constat,
1333 1096 1393 1134 ut,
1418 1086 1460 1125 in
1486 1084 1648 1126 Nostris
1670 1084 1902 1142 Encyclicis
1926 1085 2014 1126 Lit—

181 1155 278 1196 teris
311 1155 366 1197 ad
396 1150 544 1196 omnes
572 1150 846 1193 Venerabiles
877 1151 1041 1190 Fratres
1074 1148 1307 1207 Episcopos
1337 1150 1404 1191 die
1438 1166 1551 1191 nona
1580 1151 1733 1191 mensis
1761 1151 2017 1197 Novembris

181 1219 384 1278 superiori
407 1235 519 1260 anno
547 1217 670 1267 datis,
690 1215 806 1257 haud
838 1214 1100 1255 omiserimus
1129 1213 1340 1255 inculcare
1376 1213 1561 1255 debitam
1588 1231 1685 1272 erga
1712 1214 1946 1272 Principes,
1977 1226 2018 1256 et

178 1285 409 1326 Potestates
435 1282 737 1331 obedientiam,
765 1297 787 1321 a
814 1295 896 1336 qua
913 1280 1037 1333 juxta
1066 1279 1302 1320 christianae
1328 1279 1430 1336 legis
1456 1291 1726 1337 prseceptum,
1762 1295 1888 1320 nemo
1913 1279 2018 1321 citra

178 1349 388 1405 piaculum
410 1348 633 1390 deflectere
659 1360 862 1402 umquam
881 1354 1035 1401 potest,
1063 1355 1347 1402 praeterquam
1368 1342 1521 1385 scilicet
1546 1344 1619 1385 ubi
1643 1344 1752 1385 ferte
1776 1343 2017 1400 aliquidju-

178 1414 343 1464 beatur,
366 1414 482 1471 quod
501 1413 594 1461 Dei,
617 1424 657 1453 et
676 1408 869 1453 Ecclesiae
887 1407 1047 1465 legibus
1072 1409 1326 1450 adversetur.

236 1485 349 1538 Quid
372 1484 490 1526 vobis
503 1483 693 1526 videtur?

235 1550 496 1591 Auctoritate
523 1546 836 1605 Omnipotentis
860 1544 958 1594 Dei,
992 1555 1232 1585 sanctorum
1258 1545 1560 1602 Apostolorum
1594 1544 1708 1586 Petri
1738 1556 1780 1586 et
1807 1545 1941 1590 Pauli,
1970 1561 2018 1586 ae

177 1615 344 1665 Nostra,
381 1615 583 1656 dilectum
617 1614 769 1654 Filium
798 1609 1095 1668 presbyterum
1128 1610 1357 1666 Josephum
1387 1609 1565 1666 Valerga
1599 1610 1652 1650 ad
1683 1610 2018 1650 patriarchatum

176 1679 370 1720 Latinum
395 1679 827 1736 Hierosolymitanum
847 1673 1077 1723 evehimus,
1108 1689 1289 1730 eumque
1311 1673 1353 1714 in
1378 1673 1484 1714 illius
1507 1673 1700 1714 Ecclesiae
1728 1673 2017 1714 patriarcham

175 1755 216 1784 et
233 1744 449 1786 Pastorem
473 1744 734 1802 praeficimus,
768 1750 894 1799 prout
924 1738 966 1778 in
995 1738 1165 1779 decreto
1193 1750 1234 1779 et
1261 1738 1462 1780 schedula
1493 1738 1851 1780 consistorialibus
1873 1740 2014 1795 expri-

175 1820 328 1850 metur.

231 1875 280 1914 In
298 1875 471 1916 nomine
493 1873 625 1914 Patris
651 1874 748 1927 †,et
763 1869 855 1912 Filii
879 1870 929 1923 †,
955 1878 995 1909 et
1012 1866 1231 1924 Spiritus-l·
1258 1867 1413 1909 Sancti.
1442 1870 1597 1909 Amen.
