2135 3442
148 145 223 180 326
764 143 1082 180 ALLOCUTION
1110 143 1174 179 DE
1203 143 1283 178 PIE
1310 143 1383 181 IX.

148 231 375 272 clarissimo
403 230 564 270 Sanctae
589 228 709 270 Fidei
737 228 790 271 de
820 231 984 287 Bogota
1011 230 1343 287 Archiepiscopo
1377 227 1629 270 denuntiare
1656 245 1744 272 non
1769 231 1993 285 dubitavit,

147 307 195 336 ut
222 295 374 337 eadem
394 295 683 352 experimenta
707 293 927 336 indiceret.
968 295 1022 335 Et
1059 294 1262 352 quoniam
1291 293 1407 335 idem
1438 293 1787 352 Archiepiscopus
1812 296 1996 339 adversae

146 360 398 402 valetudinis
421 358 742 401 conflictabatur
761 358 1062 410 incommodis,
1088 358 1245 401 idcirco
1270 359 1380 400 illius
1402 359 1596 400 Vicarius
1610 360 1817 417 generalis
1833 361 1998 403 Guber-

146 426 218 465 nio
235 425 497 483 respondens
513 423 575 466 sui
596 424 802 465 Antistitis
815 423 985 465 nomine
1005 424 1201 478 injustam
1219 425 1326 465 hanc
1343 424 1593 482 petitionem
1607 424 1847 465 cunctando
1857 426 1999 483 repel-

147 489 319 530 lendam
340 505 426 531 esse
446 490 712 540 existimavit,
738 489 910 541 veritus,
931 488 1178 546 pra‘sertim,
1205 505 1258 530 ne
1280 489 1524 548 praedictam
1547 489 1599 530 de
1618 489 1891 532 nominandis
1913 491 1998 532 Pa-

147 555 287 596 rochis
309 555 445 612 legem
471 552 791 611 quodammodo
815 553 902 610 ipse
934 553 1118 610 probare
1142 553 1367 595 videretur.
1385 554 1452 594 Ob
1476 555 1586 595 hanc
1606 555 1750 611 itaque
1768 566 1928 596 rectam
1951 570 1999 597 ac

148 619 404 676 prudentem
425 618 577 676 agendi
595 619 823 672 rationem,
843 618 961 658 omni
978 629 1091 660 certe
1104 618 1231 660 laude
1245 618 1434 677 dignam,
1452 619 1505 659 ab
1522 618 1593 658 illo
1609 619 1997 672 Vicariohabitam,

148 683 264 725 idem
294 684 348 725 ad
371 682 533 724 laicalia
560 681 785 724 tribunalia
811 682 889 723 fuit
919 694 1152 734 accusatus,
1189 699 1212 724 a
1231 683 1392 741 proprii
1418 683 1604 725 muneris
1641 683 1841 725 exercitio
1868 685 2000 726 inter-

149 748 302 801 dictus,
325 747 466 805 palam
488 747 740 805 publiceque
765 749 1110 805 comprehensus,
1138 764 1185 789 ac
1204 748 1402 806 deinceps
1423 749 1579 789 carceri
1598 764 1674 806 per
1695 748 1802 789 duos
1819 764 1996 800 menses,

149 828 197 855 ac
216 829 294 871 per
313 829 383 854 sex
407 811 655 870 captivitati,
683 828 757 853 seu
774 812 1015 854 detentioni
1034 813 1276 864 damnatus,
1300 813 1475 870 aliisque
1499 812 1722 855 afflictatus
1743 813 1894 871 poeuis,
1921 816 2003 856 At-

149 880 289 934 quein
311 878 392 919 hae
408 893 454 919 re
471 877 576 918 illud
597 877 663 918 vel
687 878 872 919 maxime
891 877 1141 929 dolendum,
1166 878 1442 920 Venerabiles
1463 879 1646 929 Fratres,
1672 877 1791 935 quod
1812 879 2003 920 Vicarius

149 942 398 1000 Capitularis
421 943 607 984 vacantis
629 942 824 983 Ecclesiae
846 942 1161 994 Antiochensis,
1189 959 1280 1000 quae
1303 942 1480 984 vicInior
1508 954 1570 984 est
1595 945 1781 1001 Bogotae,
1806 944 2003 1002 Neogra-

148 1009 332 1049 natensis
347 1007 556 1049 Gubernii
572 1008 764 1048 sensibus
780 1018 822 1048 et
839 1006 1026 1049 consiliis
1042 1007 1223 1065 turpiter
1239 1009 1494 1064 obsequens,
1512 1007 1626 1048 haud
1643 1007 1787 1049 timuit
1797 1008 2003 1050 Kalendis

148 1072 292 1114 Martii
323 1074 448 1127 hujus
481 1073 581 1112 anni
614 1072 815 1113 Edictum
838 1072 1049 1123 emittere,
1085 1089 1170 1130 quo
1201 1084 1349 1114 contra
1376 1089 1499 1114 suum
1523 1073 1904 1131 Metropolitanum
1931 1073 2002 1113 in-

149 1153 337 1196 surgens,
349 1149 390 1178 et
408 1137 451 1178 in
468 1138 557 1193 ejus
567 1136 910 1192 jurisdictionem
928 1136 1135 1179 invadens
1154 1137 1206 1179 de
1223 1137 1332 1179 illius
1349 1136 1671 1178 Archidioecesis
1689 1137 1884 1179 Paroeciis
1902 1153 2004 1178 con-

149 1217 291 1244 cursus
309 1213 459 1243 contra
482 1201 716 1243 Canonicas
740 1201 989 1243 Sanctiones
1009 1201 1180 1243 indixit.
1204 1202 1290 1243 Ubi
1308 1202 1353 1243 id
1373 1202 1548 1243 Nostras
1566 1202 1761 1260 pervenit
1785 1202 1839 1244 ad
1865 1217 2000 1251 aures,

149 1267 264 1307 nulla
281 1268 501 1323 interjecta
520 1282 657 1317 mora,
685 1266 823 1308 eidem
838 1266 1009 1308 Vicario
1032 1267 1261 1325 Capitulari
1280 1265 1517 1325 scripsimus
1526 1268 1722 1317 Litteras,
1744 1267 1894 1324 quibus
1909 1278 2004 1307 tan-

149 1343 240 1373 tum
266 1334 353 1387 ejus
380 1331 541 1373 facinus
576 1331 775 1389 gravibus
799 1331 1057 1389 severisque,
1083 1332 1144 1373 uti
1171 1349 1250 1391 par
1275 1343 1381 1382 erat,
1406 1331 1549 1373 verbis
1576 1331 1934 1388 reprehendentes
1963 1341 2006 1372 et

150 1397 416 1449 damnantes,
433 1397 492 1438 illi
505 1397 816 1451 mandavimus,
835 1409 882 1438 ut
896 1398 949 1438 ab
964 1398 1149 1456 incoepto
1165 1397 1306 1439 statim
1323 1397 1556 1450 desisteret,
1570 1412 1624 1438 ne
1636 1397 1742 1449 Nos,
1753 1396 1852 1438 licet
1867 1395 2002 1450 inviti,

148 1462 192 1502 in
213 1461 352 1519 ipsum
372 1477 421 1504 ea
445 1477 696 1520 cogeremur
715 1462 963 1511 decernere,
986 1479 1076 1519 quse
1100 1478 1319 1504 sacrorum
1339 1463 1565 1503 Canonum
1587 1460 1800 1512 severitas,
1828 1472 1870 1502 et
1887 1462 2007 1519 Apo-

150 1526 285 1568 stolici
308 1526 450 1568 Nostri
472 1526 695 1567 ministerii
715 1528 823 1567 ratio
854 1527 1143 1584 postulabant.
1174 1527 1350 1568 Interim
1372 1543 1472 1569 vero
1502 1525 1591 1584 ipse
1617 1525 1899 1584 pientissimus
1921 1528 2006 1566 Ar-

150 1591 442 1650 chiepiscopns
458 1607 533 1632 suo
546 1607 722 1632 munere
735 1591 912 1649 provide
925 1592 1220 1649 sapienterque
1235 1593 1412 1650 fungens
1425 1591 1628 1633 continuo
1643 1591 1842 1632 Edictum
1854 1589 2005 1641 edidit,

150 1672 234 1714 quo
250 1655 476 1711 justissime
495 1656 695 1708 docebat,
720 1656 884 1696 nullum
903 1657 1156 1713 irritumque
1182 1672 1269 1697 esse
1289 1656 1486 1697 Edictum
1512 1657 1564 1696 ab
1587 1656 1658 1696 illo
1686 1655 1856 1697 Vieario
1882 1655 2009 1712 Capi-

151 1721 275 1762 tulari
305 1722 504 1763 adversus
534 1736 752 1762 sacrorum
778 1722 1003 1762 Canonum
1030 1720 1278 1778 praescripta
1305 1715 1638 1778 promulgatum,
1667 1735 1715 1761 ac
1744 1719 1868 1761 simul
1891 1719 2008 1761 omni

148 1787 242 1841 jure
260 1786 446 1835 vetabat,
474 1801 527 1826 ne
544 1786 635 1842 quis
651 1785 790 1826 eidem
808 1785 960 1827 Edicto
979 1801 1072 1827 suas
1084 1801 1203 1826 aures
1214 1785 1302 1826 ullo
1314 1785 1445 1827 modo
1456 1786 1647 1843 praebere
1657 1800 1845 1841 unquam
1862 1785 2004 1826 vellet.

210 1852 320 1891 Tum
331 1866 433 1891 vero
444 1849 551 1891 illud
560 1851 868 1907 Deputatorum
879 1851 1110 1891 Consilium
1125 1851 1169 1890 in
1178 1849 1397 1908 proprium
1412 1851 1631 1891 Pastorem
1643 1850 1774 1907 magis
1790 1850 2010 1906 magisque

152 1916 319 1956 irruens
343 1930 431 1955 non
456 1913 665 1955 dubitavit
690 1916 1045 1972 spectatissimum
1068 1916 1449 1973 Archiepiscopum
1471 1915 1576 1956 sicut
1594 1914 1844 1956 violatarum
1865 1914 2011 1973 legum

152 1996 273 2021 reum
291 1994 504 2032 accusare,
523 1991 564 2020 et
583 1979 943 2038 Neogranatensis
963 1980 1140 2021 Senatus
1160 1980 1274 2021 haud
1296 1980 1452 2020 veritus
1471 1991 1532 2021 est
1545 1990 1634 2021 tam
1656 1981 1858 2034 injustam
1872 1991 1915 2020 et
1935 1981 2009 2020 im-

152 2046 268 2103 piam
294 2044 517 2085 admittere
542 2046 868 2086 accusationem.
901 2046 1040 2101 Atque
1067 2060 1119 2086 ex
1145 2043 1320 2084 infanda
1343 2044 1413 2084 illa
1440 2044 1550 2102 lege,
1579 2060 1705 2102 quam
1727 2045 1787 2084 uti
1807 2044 1860 2084 ab
1886 2043 2007 2085 initio

154 2109 351 2159 diximus,
374 2125 457 2150 rec.
486 2125 615 2150 mem.
641 2108 872 2168 Gregorius
895 2110 998 2150 XVI
1021 2109 1310 2150 Praedecessor
1328 2109 1483 2150 Noster
1504 2110 1824 2166 reprobaverat,
1848 2107 2010 2150 denun-

154 2174 304 2215 tiatum
318 2185 380 2214 est
401 2173 539 2215 eidem
552 2173 906 2232 Archicpiscopo,
922 2185 969 2215 ut
983 2190 1104 2216 suam
1121 2173 1460 2229 jurisdictionem
1474 2173 1724 2224 remitteret,
1744 2189 1922 2230 eamque
1939 2173 2011 2215 alii

154 2237 437 2280 ecclesiastico
457 2239 545 2279 viro
569 2238 768 2281 deferret.
796 2240 887 2280 Hac
910 2250 998 2280 tam
1022 2238 1167 2296 iniqua
1190 2238 1514 2281 denuntiatione
1536 2249 1720 2295 accepta,
1740 2238 1811 2280 ille
1835 2237 2010 2295 religio-

155 2302 339 2344 sissimus
357 2303 707 2360 doctissimusque
725 2303 928 2354 Antistes,
948 2303 1141 2362 egregius
1157 2320 1204 2346 ac
1223 2314 1414 2345 strenuus
1429 2305 1490 2345 rei
1508 2302 1742 2354 catholica,
1757 2314 1798 2345 et
1813 2303 2009 2345 Ecclesiae

150 2368 310 2423 jurium
336 2379 631 2425 propugnator
653 2380 824 2426 paratus
848 2385 996 2426 aspera
1024 2384 1201 2426 quaeque
1226 2379 1404 2426 propter
1420 2367 1624 2423 justitiam
1648 2367 1754 2425 pati,
1787 2367 2008 2425 sapientis-

155 2432 308 2473 simum
328 2431 672 2489 verissimumque
695 2433 813 2474 dedit
830 2449 1097 2491 responsum,
1123 2449 1206 2490 quo
1226 2432 1381 2474 invicta
1405 2433 1652 2490 episcopalis
1673 2434 1733 2474 sui
1750 2432 1880 2474 animi
1895 2432 2010 2473 forti-

155 2496 304 2538 tudine
336 2497 445 2538 clare
475 2509 703 2555 aperteque
736 2498 980 2554 declaravit,
1019 2514 1063 2540 se
1097 2514 1314 2555 nunquam
1353 2513 1474 2555 posse
1510 2513 1603 2538 eam
1639 2498 1851 2539 dimittere
1880 2509 2008 2556 pote—

156 2572 321 2611 statem,
353 2577 480 2618 quam
509 2561 586 2603 sibi
618 2564 740 2604 unice
769 2579 793 2604 a
825 2565 932 2614 Deo,
963 2575 1087 2621 atque
1111 2564 1164 2605 ab
1185 2564 1266 2603 hac
1288 2561 1528 2620 Apostolica
1558 2562 1666 2604 Sede
1695 2562 1894 2604 collatam
1920 2578 2008 2606 esse

155 2626 291 2683 probe
308 2626 529 2666 noscebat.
550 2626 664 2667 Hinc
678 2627 1026 2685 Neogranatense
1052 2626 1319 2669 Gubernium
1347 2626 1461 2668 haud
1479 2627 1685 2678 extimuit,
1704 2627 1893 2669 maximo
1911 2644 2009 2669 cum

158 2689 351 2731 omnium
376 2691 593 2731 bonorum
613 2691 731 2733 luctu
763 2703 805 2734 et
825 2692 1135 2751 indignatione,
1165 2707 1253 2732 non
1278 2691 1415 2732 solum
1442 2691 1826 2751 Archiepiscopalis
1852 2708 2007 2734 mensae

156 2754 316 2796 reditus
337 2766 553 2811 sequestro
582 2772 756 2812 ponere,
783 2773 931 2798 verum
954 2757 1083 2798 etiam
1112 2756 1330 2814 proprium
1353 2758 1735 2815 Archiepiscopum
1762 2757 1814 2798 de
1832 2757 1904 2800 illa
1925 2759 2008 2799 Ar-

158 2817 396 2861 chidioecesi
428 2834 702 2877 summopere
734 2823 949 2872 meritum,
984 2837 1031 2863 ac
1052 2832 1115 2863 tot
1143 2836 1244 2863 sane
1272 2821 1516 2863 nominibus
1543 2822 1750 2864 illustrem
1783 2822 1938 2880 pellere
1962 2822 2006 2862 in

159 2883 349 2926 exilium.
373 2884 454 2937 Qui
476 2884 652 2941 quidem
672 2885 860 2927 Antistes
883 2887 1127 2944 gravissimo
1152 2885 1306 2927 deinde
1320 2887 1472 2928 morbo
1486 2898 1716 2945 correptus,
1736 2903 1835 2929 cum
1850 2902 1874 2927 e
1893 2886 2007 2928 Neo-

159 2950 421 3007 granatensis
431 2948 696 3007 Reipublicae
712 2950 926 2992 territorio
948 2951 1140 3008 protinus
1155 2949 1359 2992 decedere
1370 2951 1486 2993 haud
1504 2953 1706 3009 potuerit,
1719 2950 1761 2993 in
1775 2949 2004 3008 quamdam

161 3013 317 3063 villam,
343 3030 434 3071 quae
457 3030 481 3055 a
502 3015 734 3072 Bogotensi
764 3013 931 3055 civitate
961 3016 1039 3056 iter
1065 3015 1251 3056 duorum
1284 3015 1451 3057 dierum
1480 3017 1621 3067 distat,
1656 3032 1698 3058 se
1729 3015 1914 3072 recipere
1938 3023 2005 3054 est

160 3089 346 3120 coactus,
374 3081 481 3120 Cum
501 3090 645 3120 autem
669 3080 781 3120 inter
802 3079 1008 3136 plurimos
1037 3080 1359 3137 spectatissimos
1388 3082 1498 3123 viros
1520 3081 1714 3122 Minister
1738 3094 1906 3137 quoque
1932 3079 2002 3118 in·-

161 3142 279 3199 clytae
296 3154 450 3184 extera¹
468 3144 653 3184 nationis
675 3143 735 3183 ibi
757 3158 1024 3184 commorans
1035 3153 1123 3184 tam
1139 3142 1312 3200 indigna
1321 3161 1366 3185 re
1383 3156 1623 3187 commotus
1640 3160 1713 3186 sua
1732 3143 1870 3184 officia
1891 3141 2003 3199 apud

161 3205 265 3248 illud
286 3208 550 3251 Gubernium
570 3207 882 3266 interponenda
907 3208 1124 3259 curaverit,
1152 3207 1286 3249 visum
1310 3220 1371 3251 est
1392 3209 1660 3252 Gubernium
1679 3207 1792 3249 idem
1809 3221 2001 3264 propen-
