2135 3442
221 172 295 208 ¹126
678 167 866 203 LETTRE
896 164 1234 210 APOSTOLIQUE
1263 165 1330 199 DE
1359 154 1487 198 [ΕΘΝ
1516 162 1607 196 ΧΗ.

226 279 243 294 «
269 258 405 299 bitum
423 255 514 314 jugi
534 255 757 312 (quantum
777 269 828 295 ex
852 253 938 295 alto
957 250 1220 306 conceditur)
1249 247 1543 291 sollicitudinis
1569 246 1709 288 studio
1729 248 1776 288 iis
1806 246 2067 288 intendimus

223 343 240 359 «
272 337 347 380 per
367 336 459 378 quae
491 320 722 369 erroribus,
752 318 944 374 vitiisque
965 316 1083 358 aditu
1118 314 1346 355 intercluso
1376 311 1628 354 orthodoxae
1651 310 1865 368 religionis
1895 311 2067 368 potissi-

224 407 240 422 «
267 403 385 428 mum
407 397 594 428 servetur
616 383 848 441 integritas,
871 393 999 439 atque
1022 381 1074 421 ab
1098 378 1294 420 universo
1315 376 1524 418 catholico
1542 377 1646 419 orbe
1672 374 1932 418 difficillimis
1954 376 2068 418 hisce

224 472 242 487 «
272 451 534 509 temporibus
557 448 929 507 perturbationum
951 444 1139 503 pericula
1160 441 1467 500 propellantur.

286 566 303 581 «
332 545 441 586 Sane
458 543 524 585 vel
545 543 636 600 ipso
656 556 826 583 rumore
847 540 1018 597 publico
1039 536 1271 578 nunciante
1286 533 1423 576 Nobis
1443 533 1628 575 innotuit
1644 534 1773 592 longe
1790 533 1957 592 lateque
1974 549 2072 591 pro-

227 632 243 645 «
271 609 405 668 gredi,
434 619 560 664 atque
581 606 624 646 in
646 605 733 646 (lies
754 605 1011 645 invalescere
1033 599 1260 642 nonnullas
1278 599 1514 652 societates,
1539 608 1686 648 coetus,
1709 609 1957 648 conventus,
1980 597 2070 639 col-

226 697 244 711 «
271 674 490 725 lectiones,
522 671 855 729 aggregationes,
891 684 965 710 seu
996 664 1292 709 conventicula
1328 663 1453 721 vulgo
1490 662 1553 704 cle'
1580 663 1722 703 Liberi
1754 663 1969 703 Mat-aton·
1998 676 2073 703 seu

226 761 242 776 «
273 740 311 779 F
311 738 652 793 raneS-jllafons,
675 745 748 775 aut
767 734 846 774 alia
870 733 1016 789 quavis
1032 728 1354 771 nomenclatura
1373 744 1451 785 pro
1473 726 1728 768 idiomatum
1744 728 1942 768 varietate
1957 742 2071 768 nun-

226 825 242 839 «
269 814 438 861 cupata,
461 803 503 842 in
525 800 677 857 quibus
700 800 1001 854 cujuscumque
1020 794 1237 853 religionis
1260 804 1302 834 et
1322 803 1444 834 sectae
1461 792 1657 834 homines
1677 791 1872 833 affectata
1890 791 2075 848 quadam

229 889 246 904 «
274 867 464 909 contenti
488 862 719 906 honestatis
739 862 941 903 naturalis
965 860 1119 918 specie,
1151 869 1267 899 arcto
1290 873 1407 915 aeque
1432 873 1481 899 ac
1500 857 1705 915 impervio
1736 855 1894 898 foedere
1920 871 2073 898 secun-

227 955 243 969 «
274 932 375 973 dum
395 931 521 989 leges,
544 940 585 970 et
606 938 757 969 statuta
778 926 857 967 sibi
879 925 1053 967 condita
1073 926 1117 965 in
1138 925 1276 966 vicem
1291 923 1605 975 consociantur,
1623 936 1803 979 quaeque
1823 920 1947 962 simul
1965 920 2076 962 clam

227 1019 244 1034 «
271 1007 501 1054 operantur
523 1006 614 1034 tum
648 992 836 1034 districto
857 989 1137 1047 jurejurando
1164 989 1218 1030 ad
1241 1004 1358 1030 sacra
1381 987 1518 1029 Biblia
1552 987 1820 1045 interposito,
1854 998 1947 1028 tum
1980 1001 2076 1044 gra-

229 1084 246 1097 «
276 1062 393 1103 vium
413 1073 635 1117 poenarum
659 1058 956 1115 exageratione
976 1053 1215 1096 inviolabili
1239 1052 1405 1095 silentio
1423 1054 1627 1110 obtegere
1647 1052 1983 1109 adstringuntur.

286 1146 304 1162 «
332 1126 493 1166 Verum
509 1138 606 1164 cum
627 1137 676 1163 ea
694 1122 745 1162 sit
761 1120 926 1162 sceleris
948 1131 1118 1169 natura,
1152 1130 1200 1160 ut
1220 1134 1262 1160 se
1292 1119 1432 1176 ipsum
1452 1117 1623 1176 prodat,
1646 1128 1690 1158 et
1718 1117 1948 1158 clamorem
1977 1113 2078 1156 edat

227 1210 244 1226 «
272 1189 334 1231 sui
367 1189 567 1239 indicem,
593 1187 693 1227 hinc
716 1187 937 1227 societates
971 1200 1044 1226 seu
1068 1182 1363 1226 conventicula
1400 1182 1603 1241 praedicta
1633 1176 1929 1223 vehementem
1969 1179 2077 1221 adeo

229 1277 246 1291 «
275 1254 464 1295 fidelium
484 1252 699 1293 mentibus
720 1250 1007 1308 suspicionem
1040 1249 1323 1307 ingesserunt,
1352 1259 1398 1289 ut
1421 1247 1573 1289 iisdem
1597 1246 1972 1305 aggregationibus
1994 1260 2076 1286 no-

231 1341 247 1355 «
275 1334 374 1360 men
395 1317 495 1358 dare
512 1315 625 1373 apud
647 1314 880 1373 prudentes
903 1326 944 1356 et
956 1314 1116 1372 probos
1133 1313 1247 1354 idem
1267 1313 1445 1354 omnino
1466 1313 1519 1353 sit
1537 1328 1584 1353 ac
1603 1309 1822 1370 pravitatis
1852 1321 1895 1351 et
1915 1325 2080 1367 perver-

229 1405 247 1420 «
273 1381 401 1424 sionis
434 1392 582 1422 notam
623 1381 858 1433 incurrere,
900 1379 981 1419 nisi
1002 1379 1119 1420 enim
1147 1378 1258 1419 male
1294 1388 1480 1435 agerent,
1523 1387 1643 1417 tanto
1673 1389 1942 1433 nequaquam
1980 1374 2080 1416 odio

230 1471 245 1484 u
275 1448 414 1489 lucem
431 1445 657 1486 haberent.
684 1446 769 1497 Qui
789 1443 966 1501 quidem
987 1458 1135 1484 rumor
1152 1458 1202 1483 eo
1226 1457 1360 1499 usque
1380 1440 1638 1499 percrebuit,
1660 1451 1709 1482 ut
1727 1438 1922 1498 plurimis
1939 1438 2080 1497 regio-

231 1534 247 1548 «
276 1513 404 1553 nibus
421 1521 669 1551 memoratae
684 1510 908 1550 societates
926 1523 1002 1565 per
1023 1506 1162 1549 saeculi
1184 1517 1414 1564 potestates
1438 1517 1643 1563 tanquam
1670 1520 1904 1563 regnorum
1923 1504 2080 1545 securi-

232 1599 249 1613 «
277 1576 353 1618 tati
382 1575 652 1617 adversantes
669 1573 935 1631 proscriptae,
953 1587 1001 1613 ac
1023 1570 1200 1630 provide
1219 1571 1444 1612 eliminatae
1467 1569 1728 1628 jampridem
1751 1569 1984 1611 extiterint.

295 1750 312 1765 «
336 1729 424 1770 Nos
450 1727 590 1784 itaque
619 1727 761 1767 animo
781 1726 998 1768 volventes
1021 1726 1265 1784 gravissima
1290 1726 1462 1777 damna,
1495 1739 1586 1782 quae
1610 1734 1657 1764 ut
1675 1723 1908 1781 plurimum
1931 1737 1980 1764 ex
2004 1723 2085 1764 hu-

236 1815 252 1829 «
273 1793 461 1849 jusmodi
498 1790 769 1832 societatibus
793 1806 864 1831 seu
891 1791 1208 1840 conventiculis,
1238 1791 1397 1831 nedum
1431 1788 1679 1844 temporalis
1703 1786 1948 1844 reipublicae
1968 1797 2085 1827 tran-

234 1880 252 1894 «
279 1857 490 1915 quillitati,
514 1870 663 1897 verum
684 1855 812 1895 etiam
835 1852 1038 1912 spirituali
1072 1854 1311 1894 animarum
1335 1852 1457 1893 saluti
1482 1850 1743 1901 inferuntur,
1772 1861 1898 1907 atque
1927 1849 2085 1892 idcirco

237 1946 254 1960 «
276 1935 366 1964 tum
387 1921 591 1972 civilibus,
634 1931 727 1961 tum
751 1919 966 1960 canonicis
1000 1918 1177 1959 minime
1204 1919 1418 1959 cohaerere
1456 1915 1762 1965 sanctionibus,
1803 1930 1902 1955 cum
1941 1913 2085 1956 divino

238 2010 253 2024 ιι
281 1987 454 2043 eloquio
474 1986 704 2027 doceamur
735 1983 809 2025 diu
842 1994 1055 2040 noctuque
1085 1998 1205 2024 more
1235 1982 1341 2024 servi
1373 1981 1509 2023 fidelis
1533 1992 1574 2022 et
1605 1979 1828 2038 prudentis
1851 1978 2085 2021 Dominicae

236 2074 253 2089 «
280 2050 450 2093 familiae
469 2049 702 2107 praepositi,
741 2048 1004 2107 vigilandum
1040 2062 1146 2098 esse,
1184 2063 1238 2088 ne
1261 2045 1508 2102 hujusmodi
1542 2044 1769 2086 hominum
1804 2059 1936 2102 genus
1956 2043 2086 2087 veluti

240 2138 255 2153 «
282 2116 393 2157 fures
414 2114 590 2156 domum
606 2112 878 2172 perfodiant3
907 2113 1174 2170 atqueinstar
1195 2112 1384 2170 vulpium
1394 2110 1566 2152 vineam
1588 2109 1783 2151 demoliri
1806 2109 2010 2162 nitantur,
2031 2125 2085 2151 ne

238 2204 255 2217 «
286 2180 479 2222 videlicet
503 2178 755 2238 simplicium
780 2177 909 2219 corda
930 2189 1188 2235 pervertant,
1221 2188 1348 2234 atque
1373 2175 1573 2217 innoxios
1595 2175 1795 2232 sagittent
1821 2176 1865 2214 in
1890 2173 2079 2224 occultis,

243 2267 257 2281 «
286 2244 340 2286 ad
358 2243 620 2295 latissimam,
646 2258 738 2300 qua}
757 2242 1051 2300 iniquitatibus
1072 2243 1247 2300 impune
1265 2240 1488 2300 patrandis
1509 2240 1610 2282 inde
1634 2238 1787 2298 aperiri
1809 2249 1954 2297 posset
1974 2238 2085 2281 viam

242 2332 259 2346 α
288 2309 609 2359 obstruendam,
634 2308 810 2364 aliisque
831 2308 884 2349 de
903 2307 1024 2363 justis
1043 2324 1092 2349 ac
1123 2307 1447 2349 rationabilibus
1471 2305 1605 2348 causis
1623 2303 1758 2346 Nobis
1781 2304 1893 2346 notis
1916 2303 2085 2346 easdem

243 2395 260 2410 «
285 2375 521 2424 societates,
550 2383 696 2428 coetuS,
726 2384 977 2424 conventus,
1014 2372 1304 2424 collectiones,
1345 2369 1668 2430 aggregationes
1691 2385 1763 2411 seu
1787 2369 2083 2411 conventicula

245 2460 261 2475 «
283 2439 492 2480 de'Liberi
513 2439 727 2479 Muratori
749 2438 1211 2494 se11F7¹ancs-.Vllafotzs‚
1235 2448 1307 2478 aut
1324 2436 1407 2478 alio
1426 2451 1694 2494 quocumque
1714 2435 1888 2476 nomine
1905 2434 2086 2493 appella-

246 2526 263 2539 «
291 2515 371 2553 tas,
393 2503 445 2544 de
464 2502 767 2544 nonnullorum
786 2502 1092 2544 venerabilium
1107 2502 1288 2543 fratrum
1307 2501 1565 2542 Nostrorum
1585 2500 1628 2541 S.
1647 2501 1700 2540 R.
1726 2500 1778 2540 E.
1796 2499 2085 2541 Cardinalium

248 2591 265 2605 «
286 2567 479 2618 consilio,
504 2583 552 2608 ac
572 2566 698 2608 ctiam
716 2578 836 2608 motu
854 2568 1029 2625 proprio
1048 2578 1089 2608 et
1108 2582 1159 2607 ex
1177 2565 1417 2625 apostolicae
1438 2565 1656 2623 potestatis
1678 2555 1943 2622 plenitudine
1966 2564 2086 2606 dam-

246 2655 264 2670 «
290 2633 447 2685 nanda,
472 2643 514 2674 et
532 2631 799 2689 prohibenda
813 2647 902 2673 esse
922 2631 1159 2681 statuimus,
1180 2642 1222 2673 et
1246 2630 1526 2682 decrevimus,
1554 2641 1681 2687 prout
1713 2630 1913 2688 praesenti
1930 2629 2085 2671 Nostra

247 2719 263 2734 «
291 2708 494 2755 perpetuo
519 2696 697 2737 valitura
714 2696 1016 2737 constitutione
1037 2696 1285 2737 damnamus
1308 2707 1349 2737 et
1364 2695 1656 2753 prohibemus.

309 2783 326 2797 «
347 2761 553 2815 Quocirca
577 2760 776 2802 omnibus
800 2772 842 2801 et
864 2760 1035 2818 singulis
1052 2759 1392 2802 christifidelibus
1410 2762 1715 2816 cujuscumque
1739 2770 1884 2810 status,
1909 2757 2078 2817 gradus,

249 2849 265 2863 κ
295 2825 567 2877 conditionis,
594 2825 769 2875 ordinis,
788 2824 1013 2883 dignitatis,
1041 2836 1082 2866 et
1100 2825 1428 2882 praeeminentiae
1452 2825 1536 2866 sive
1558 2824 1678 2865 laicis
1699 2825 1784 2865 sive
1803 2823 1976 2873 clericis,
1997 2834 2084 2864 tam

250 2911 268 2927 κ
295 2891 560 2934 saecularibus
574 2906 699 2947 quam
710 2889 985 2947 regularibus,
1003 2889 1127 2930 etiam
1137 2889 1327 2947 specifica
1338 2900 1378 2930 et
1395 2889 1614 2931 individua
1625 2890 1842 2931 mentione
1853 2898 1896 2930 et
1914 2903 2085 2946 expres-

251 2979 268 2993 «
288 2958 405 2998 sione
419 2955 570 3014 dignis,
595 2955 796 3007 districte,
815 2965 857 2995 et
873 2954 916 2994 in
931 2954 1084 2995 virtute
1100 2965 1251 2996 sanctae
1262 2954 1516 2996 obedientiae
1533 2954 1810 3012 praecipimus,
1832 2953 1988 3009 nequis
2004 2952 2082 2993 sub

251 3043 268 3058 «
291 3020 437 3079 quovis
456 3031 674 3079 praetextu,
694 3031 765 3060 aut
781 3018 954 3076 quaesito
966 3018 1106 3060 colore
1129 3019 1283 3060 audeat
1301 3019 1365 3060 vel
1385 3030 1608 3076 praesumat
1627 3017 1846 3077 praedictas
1863 3015 2084 3058 societates

251 3107 269 3123 «
294 3086 358 3127 de'
382 3085 520 3126 Liberi
539 3085 756 3126 Ilffztmtori
777 3099 850 3124 seu
868 3083 904 3122 F
903 3084 1239 3140 runos-Magnus,
1259 3095 1332 3124 aut
1351 3083 1452 3125 alias
1472 3094 1735 3141 nuncupatas
1757 3082 1877 3132 inire,
1897 3080 1962 3121 vel
1982 3096 2084 3138 pro-

251 3171 270 3188 «
296 3166 467 3210 pagare,
486 3150 726 3201 confovere,
753 3164 801 3191 ac
821 3148 863 3189 in
883 3147 964 3189 suis
986 3148 1146 3189 aedibus
1170 3148 1233 3189 vel
1261 3148 1474 3202 domibus,
1503 3164 1576 3190 seu
1601 3147 1701 3189 alibi
1722 3155 1939 3204 receptare
1957 3155 2083 3202 atque

252 3236 270 3252 «
293 3215 521 3269 occultare,
539 3216 588 3257 iis
609 3212 806 3264 adscribi,
826 3212 1039 3271 aggregari
1063 3223 1134 3253 ant
1151 3212 1368 3263 interesse,
1390 3213 1455 3255 vel
1476 3222 1729 3271 potestatem
1750 3226 1823 3253 seu
1844 3208 2082 3252 commodi-
