2135 3442
181 174 254 211 472
662 168 854 204 LETTRE
882 167 1227 212 APOSTOLIQUE
1257 167 1322 201 DE
1351 166 1431 200 PIE
1458 165 1529 201 IX.

180 262 418 303 dicerentur
444 256 495 297 de
521 258 613 309 jure
636 266 816 305 tantum,
838 253 954 311 quod
990 254 1119 294 habet
1150 253 1418 310 philosophia
1449 252 1533 293 suis
1560 251 1792 309 principiis,
1822 266 1896 294 seu
1926 268 2017 295 me-

180 325 329 376 thodo,
353 339 401 364 ac
421 323 504 363 suis
528 319 884 370 conclusionibus,
916 320 991 368 uti,
1024 319 1130 359 sicut
1163 329 1204 358 et
1237 318 1326 359 aliie
1358 318 1554 369 scientiae,
1578 332 1626 357 ac
1658 318 1693 358 si
1725 320 1814 371 ejus
1851 316 2020 359 libertas

180 392 427 433 consisteret
458 388 500 428 in
532 388 612 428 hoc
642 401 716 427 suo
743 388 835 438 jure
869 383 1044 433 utendo,
1072 382 1128 424 ita
1153 394 1198 423 ut
1225 382 1328 424 nihil
1358 382 1399 422 in
1430 397 1472 423 se
1504 381 1760 433 admitteret,
1786 382 1900 438 quod
1933 397 2023 424 non

180 456 307 497 fucrit
326 455 379 495 ab
405 452 491 510 ipsa
519 453 603 493 suis
625 449 941 492 conditionibus
965 449 1232 504 acquisitum,
1254 459 1325 489 aut
1346 446 1469 488 fucrit
1492 446 1568 504 ipsi
1592 446 1794 488 alienum.
1825 446 1907 488 Sed
1936 448 2025 488 haec

178 523 287 576 justa
305 516 581 577 philosophi&=
614 516 785 556 libertas
814 530 912 554 suos
944 513 1098 554 limites
1132 529 1303 554 noscere
1336 524 1377 553 et
1399 511 1579 570 experiri
1611 511 1754 553 debet.
1790 513 2026 569 Nunquam

184 586 297 627 enim
327 600 414 625 non
443 583 578 624 solnm
610 580 882 638 philosopho,
915 594 1064 618 verum
1099 578 1227 619 etiam
1258 577 1538 636 philosophia)
1568 577 1724 627 licebit,
1760 588 1832 618 aut
1865 577 2026 634 aliquid

181 650 440 692 contrarium
461 648 599 688 dicere
623 645 686 696 iis,
710 661 800 701 quac
823 643 964 684 divina
988 643 1206 695 revelatio,
1239 655 1279 684 et
1307 642 1490 684 Ecclesia
1520 642 1660 692 docet,
1691 653 1763 683 aut
1793 641 1952 700 aliquid
1975 658 2027 684 ex

182 714 340 756 eisdem
369 713 411 754 in
442 711 619 753 dubium
649 724 817 761 vocare,
849 718 1081 765 propterea
1109 708 1226 764 quod
1258 724 1342 749 non
1375 707 1584 765 intelligit,
1606 718 1677 747 aut
1697 706 1905 762 judicium
1938 723 2027 748 non

183 780 407 836 suscipere,
435 776 552 833 quod
584 774 779 816 Ecclesiae
808 772 1033 814 auctoritas
1067 772 1117 813 de
1147 772 1285 829 aliqua
1315 773 1592 830 philosophiae
1621 772 1907 823 conclusione,
1930 788 2024 830 quae

184 844 401 899 hucusque
421 842 554 883 libera
581 851 685 889 erat,
706 838 894 896 proferre
919 836 1150 878 constituit.
1182 836 1356 878 Accedit
1378 837 1519 888 etiam,
1543 848 1590 878 ut
1616 836 1730 878 idem
1757 848 1904 879 auctor
1931 837 2029 895 phi-

188 907 389 965 losophiae
414 907 670 954 libertatem,
694 919 766 945 seu
787 903 927 961 potius
949 902 1201 944 effrenatam
1226 902 1437 943 licentiam
1457 914 1545 943 tam
1566 903 1731 954 acriter,
1756 913 1843 943 tam
1868 913 2028 944 temere

185 984 440 1033 propugnet,
469 983 514 1012 ut
536 969 709 1011 minime
726 981 918 1010 vereatur
943 983 1144 1018 asserere,
1171 967 1400 1009 Ecclesiam
1428 984 1515 1009 non
1540 967 1675 1009 solum
1696 983 1780 1008 non
1805 967 1962 1008 debere
1985 967 2029 1008 in

188 1039 505 1098 philosophiam
523 1050 712 1092 unquam
734 1034 1090 1088 animadvertere,
1111 1049 1260 1074 verum
1279 1033 1406 1073 etiam
1428 1033 1583 1074 debere
1603 1033 1731 1090 ipsius
1752 1031 2029 1090 philosophiae

187 1106 369 1146 tolerare
393 1117 569 1151 errores,
593 1099 715 1157 eique
739 1098 991 1156 relinquere,
1023 1110 1068 1139 ut
1095 1099 1185 1156 ipsa
1213 1114 1255 1139 se
1276 1099 1477 1155 corrigat3
1501 1114 1552 1138 ex
1575 1113 1658 1155 quo
1679 1098 1833 1148 evenit,
1860 1109 1906 1138 ut
1931 1095 2029 1154 phi-

187 1170 353 1227 losophi
383 1169 493 1208 hanc
515 1165 796 1224 philosophiae
826 1164 1074 1205 libertatem
1104 1163 1338 1205 necessario
1361 1162 1629 1220 participent,
1660 1173 1784 1219 atque
1815 1162 1872 1203 ita
1902 1163 2032 1203 etiam

188 1236 265 1293 ipsi
287 1236 340 1276 ab
362 1232 480 1274 omni
497 1232 589 1288 lege
609 1231 839 1272 solvantur.
861 1229 1015 1286 Ecquis
1043 1245 1127 1269 non
1147 1228 1261 1270 videt
1278 1244 1406 1285 quam
1424 1228 1696 1269 vehementer
1714 1229 1764 1268 sit
1784 1227 2026 1282 rejicienda,

190 1298 474 1358 reprobanda,
495 1308 536 1338 et
558 1295 735 1336 omnino
755 1294 1001 1335 damnanda
1028 1294 1273 1350 hujusmodi
1298 1294 1654 1335 Frohschammer
1673 1292 1879 1334 sententia
1911 1303 2035 1348 atque

197 1363 416 1407 doctrina?

250 1428 419 1471 Etenim
461 1426 646 1468 Ecclesia
690 1441 740 1466 ex
780 1424 922 1465 divina
959 1440 1032 1465 sua
1068 1424 1334 1466 institutione
1375 1435 1418 1464 et
1459 1423 1606 1463 divinae
1658 1421 1754 1463 fidei
1801 1421 2040 1479 depositum

193 1495 406 1552 integrum
433 1491 768 1547 inviolatumque
799 1489 1120 1545 diligentissime
1150 1487 1375 1539 custodire,
1400 1500 1442 1529 et
1465 1487 1702 1529 animarum
1728 1486 1849 1528 saluti
1875 1501 2040 1527 summo

194 1559 333 1602 studio
363 1558 490 1598 debet
523 1556 788 1596 continenter
818 1554 1070 1611 advigilare,
1107 1570 1156 1595 ac
1188 1570 1351 1595 summa
1383 1569 1481 1594 cura
1511 1569 1559 1594 ea
1592 1551 1735 1593 omnia
1768 1567 1967 1594 amovere
2000 1562 2042 1592 et

196 1624 428 1672 eliminare,
462 1637 551 1678 quae
584 1620 649 1660 vel
680 1619 775 1660 fidei
810 1619 1033 1669 adversari,
1060 1620 1124 1660 vel
1162 1618 1400 1659 animarum
1431 1618 1611 1658 salutem
1645 1617 1792 1673 quovis
1829 1615 1960 1656 modo
1996 1614 2041 1656 in

197 1689 424 1731 discrimen
444 1686 657 1727 adducere
676 1694 868 1741 possunt.
899 1683 1107 1735 Quocirca
1129 1682 1313 1723 Ecclesia
1337 1698 1387 1722 ex
1411 1692 1616 1739 potestate.
1640 1681 1719 1722 sibi
1747 1697 1768 1722 a
1798 1680 1940 1721 divino
1964 1696 2040 1722 suo

199 1757 382 1797 Auctore
400 1750 623 1792 commissa
646 1764 731 1789 non
751 1748 887 1789 solum
900 1750 981 1802 jus,
1004 1747 1079 1789 sed
1099 1746 1286 1788 officium
1303 1746 1535 1804 praesertim
1556 1747 1686 1787 habet
1704 1762 1791 1786 non
1808 1744 2038 1795 tolerandi,

200 1819 274 1862 sed
295 1815 586 1876 proscribendi
605 1830 652 1855 ac
672 1813 906 1854 damnandi
930 1829 1077 1854 omnes
1099 1829 1278 1862 errores,
1311 1813 1344 1853 si
1368 1812 1425 1852 ita
1443 1811 1540 1852 fidei
1563 1811 1796 1867 integritas,
1820 1821 1862 1850 et
1881 1809 2044 1850 anima-

198 1900 293 1925 rum
312 1883 420 1923 salus
443 1879 762 1938 postulaverint,
789 1889 830 1919 et
857 1877 974 1918 omni
1004 1877 1275 1934 philosopho,
1299 1876 1369 1933 qui
1396 1876 1587 1917 Ecclesiae
1612 1875 1721 1915 filius
1746 1890 1835 1916 esse
1855 1873 1969 1926 velit,
1996 1889 2044 1915 ac

204 1950 330 1990 etiam
348 1943 625 2004 philosophice
647 1942 831 1984 officium
850 1943 1056 1983 incumbit
1081 1943 1187 1983 nihil
1208 1958 1393 1998 unquam
1420 1942 1558 1982 dicere
1578 1951 1725 1982 contra
1751 1955 1815 1989 ea,
1840 1955 1932 1996 quae
1959 1940 2044 1980 Ec-

204 2013 328 2055 clesia
353 2012 492 2062 docet,
525 2021 566 2051 et
594 2024 643 2050 ea
672 2019 910 2058 retractare,
942 2007 993 2049 de
1023 2009 1174 2064 quibus
1201 2023 1273 2048 eos
1306 2006 1494 2049 Ecclesia
1523 2004 1751 2046 monuerit.
1783 2002 2045 2046 Sententiam

208 2091 364 2128 autem,
388 2092 478 2134 quae
499 2074 760 2117 contrarium
780 2073 929 2115 edocet
950 2075 1129 2114 omnino
1152 2088 1388 2121 erroneam,
1419 2083 1461 2113 et
1488 2071 1565 2129 ipsi
1585 2070 1681 2111 fidei
1702 2068 1915 2120 Ecclesiae,
1938 2069 2046 2122 ejus-

208 2161 289 2203 que
311 2140 550 2184 auctoritati
576 2140 641 2181 vel
671 2138 854 2180 maxime
893 2138 1138 2194 injuriosam
1164 2154 1251 2179 esse
1276 2137 1479 2179 edicimus
1502 2147 1544 2177 et
1572 2134 1852 2176 declaramus.
1880 2133 2047 2186 Quibus

210 2209 407 2252 omnibus
429 2216 622 2247 accurate
640 2203 870 2262 perpensis,
892 2203 945 2244 de
964 2203 1212 2245 eorumdem
1228 2203 1319 2244 VV.
1342 2204 1424 2243 FF.
1443 2203 1535 2243 NN.
1558 2202 1598 2243 S.
1619 2204 1672 2243 R.
1691 2202 1740 2241 E.
1760 2198 2048 2240 Cardinalium

210 2270 558 2330 Congregationis
579 2270 696 2310 libris
719 2267 916 2309 notandis
941 2267 1172 2325 praepositae
1193 2267 1384 2317 consilio,
1420 2283 1467 2308 ac
1496 2277 1613 2307 motu
1644 2263 1833 2324 proprio,
1866 2274 1908 2304 et
1933 2274 2049 2304 certa

214 2338 403 2387 scientia,
437 2347 601 2377 matura
636 2334 942 2376 deliberatione
973 2334 1143 2383 Nostra,
1175 2333 1314 2390 deque
1348 2332 1597 2390 Apostolicae
1636 2331 1797 2372 Nostrae
1832 2327 2049 2386 potestatis

215 2401 477 2464 plenitudine
501 2399 723 2456 praedictos
752 2398 882 2439 libros
904 2399 1145 2456 Presbyteri
1175 2397 1525 2438 Frohschammer
1552 2407 1756 2452 tanquam
1788 2394 2049 2434 continentes

214 2467 522 2528 propositiones
545 2475 586 2504 et
610 2464 821 2504 doctrinas
840 2463 1068 2521 respective
1087 2463 1224 2512 falsas,
1248 2477 1462 2514 erroneas,
1485 2460 1678 2502 Ecclesiae
1703 2461 1875 2515 ejusque
1903 2468 2049 2499 aucto-

216 2534 330 2576 ritati
349 2547 396 2572 ac
413 2529 576 2585 juribus
599 2527 818 2583 injuriosas
838 2529 1130 2586 reprobamuS,
1155 2528 1422 2576 damnamus,
1443 2542 1490 2567 ac
1511 2541 1588 2583 pro
1606 2523 1840 2582 reprobatis
1860 2533 1902 2563 et
1928 2522 2042 2563 dam-

218 2599 326 2641 natis
347 2597 400 2637 ab
422 2594 618 2636 omnibus
643 2594 786 2634 haberi
809 2593 1018 2644 volumus,
1050 2604 1175 2649 atque
1196 2591 1335 2633 eidem
1358 2589 1687 2648 Congregationi
1710 2588 1978 2640 mandamus,
2005 2597 2051 2628 ut

225 2662 397 2705 eosdem
419 2659 550 2700 libros
580 2659 623 2698 in
644 2657 830 2699 indicem
854 2657 1169 2715 prohibitorum
1189 2657 1396 2697 librorum
1416 2656 1585 2697 referat.
1613 2657 1723 2696 Dum
1743 2668 1845 2695 vero
1865 2653 1953 2694 haec
1974 2650 2051 2693 tibi

220 2727 516 2787 significamus,
536 2723 797 2764 Venerabilis
817 2725 979 2774 Frater,
1001 2739 1087 2764 non
1104 2737 1327 2779 possumus
1344 2737 1430 2762 non
1454 2721 1686 2778 exprimere
1703 2734 1906 2776 magnum
1922 2715 2051 2758 animi

218 2791 362 2836 Nostri
393 2790 598 2836 dolorem,
627 2802 723 2827 cum
747 2787 964 2828 videamus
988 2788 1100 2828 hunc
1132 2785 1265 2827 filium
1293 2785 1540 2827 eorumdem
1575 2785 1783 2825 librorum
1815 2793 2049 2832 auctorem,

221 2857 292 2915 qui
320 2852 575 2910 caete1oquin
594 2851 645 2891 de
667 2851 848 2892 Eclesia
870 2853 978 2892 bene
998 2851 1149 2893 mereri
1173 2850 1388 2909 potuisset,
1412 2849 1569 2890 infelici
1593 2849 1779 2906 quodam
1804 2846 1944 2889 cordis
1971 2845 2051 2887 im-

222 2933 321 2980 petu
343 2920 495 2962 misere
525 2918 748 2973 abreptum
777 2915 819 2955 in
840 2915 927 2956 vias
952 2916 1085 2966 abire,
1118 2932 1208 2972 qnae
1241 2915 1293 2956 ad
1324 2915 1499 2956 salntem
1528 2930 1615 2955 non
1640 2914 1813 2963 ducunt,
1847 2927 1894 2952 ac
1922 2909 2053 2967 magis

220 2986 438 3044 magisque
463 2999 487 3024 a
515 2992 630 3023 recto
663 2978 830 3021 tramite
852 2981 1062 3021 aberrare.
1093 2983 1196 3022 Cum
1221 2979 1334 3021 enim
1358 2979 1461 3020 alius
1487 2982 1573 3033 ejus
1601 2978 1707 3019 liber
1735 2977 1787 3018 de
1818 2975 2053 3016 animarum

222 3050 382 3108 origine
404 3048 517 3107 prius
542 3045 686 3087 suisset
717 3044 953 3093 damnatuS,
982 3061 1067 3085 non
1096 3045 1234 3086 solum
1261 3061 1302 3086 se
1326 3043 1500 3085 minime
1526 3041 1731 3095 submisit,
1758 3055 1906 3082 verum
1927 3039 2052 3079 etiam

224 3131 310 3155 non
333 3112 540 3162 extimuit,
565 3109 764 3152 eumdem
787 3124 974 3150 errorem
997 3108 1038 3148 in
1062 3109 1125 3150 his
1145 3109 1272 3150 etiam
1290 3108 1407 3150 libris
1431 3109 1570 3149 denuo
1591 3107 1757 3159 docere,
1784 3116 1825 3147 et
1856 3105 2053 3145 Nostram

222 3178 379 3220 Indicis
401 3174 784 3234 Congregationem
805 3172 1072 3215 contumeliis
1093 3173 1322 3224 cumulare,
1347 3189 1395 3214 ac
1420 3173 1552 3214 multa
1577 3171 1657 3213 alia
1682 3181 1830 3212 contra
1858 3164 2053 3209 Ecclesiae

223 3242 375 3300 agendi
395 3241 603 3283 rationem
632 3251 787 3281 temere
815 3237 1158 3295 mendaciterque
1187 3237 1479 3294 pronuntiare.
1513 3238 1615 3289 Quae
1640 3234 1781 3276 omnia
1808 3230 1906 3273 talia
1937 3239 2050 3277 sunt,
