2135 3442
179 149 256 186 450
792 144 1106 182 ALLOCUTION
1133 144 1198 180 DE
1226 145 1307 180 PIE
1334 145 1406 181 IX.

177 233 302 275 ritate
332 231 458 290 potiti
488 229 713 273 infandum
743 231 961 290 protulere
991 230 1232 281 decretum,
1266 247 1351 288 quo
1385 229 1664 273 ecclesiastica
1693 243 1880 289 potestas
1905 249 2024 277 suam

177 296 474 339 auctoritatem
495 311 692 338 exercere
711 296 967 355 prohibetur
988 297 1144 353 absque
1165 295 1296 337 civilis
1320 295 1517 354 gubernii
1541 295 1668 337 venia
1688 307 1733 338 et
1757 312 1944 350 assensu,
1981 310 2023 341 et

177 362 346 420 inclytae
366 360 586 403 societatis
602 363 699 403 Jesu
719 361 885 403 sodales
902 361 955 403 de
975 377 1019 402 re
1039 360 1266 402 christiana
1290 372 1331 401 et
1356 360 1467 402 civili
1493 361 1654 419 optime
1682 362 1858 405 meritos
1878 374 2022 405 extur-

176 428 349 478 barunt,
375 437 501 483 atque
527 427 697 484 insuper
721 426 942 476 Nostrum,
970 426 1219 483 Sanctaeque
1234 427 1362 482 hujus
1383 425 1502 468 Sedis
1530 427 1783 484 Delegatum
1809 444 1832 470 a
1855 427 2026 470 ditionis

176 491 332 535 finibus
346 491 491 534 triduo
514 492 632 533 abire
654 501 903 549 coegerunt.

237 604 465 646 Enimvero
496 602 540 644 in
579 602 659 645 hae
689 613 810 643 tanta
838 613 1009 660 tamque
1031 602 1139 644 tristi
1169 604 1360 645 omnium
1389 601 1630 645 divinarum
1654 604 2025 664 humanarumque

177 684 324 712 rerum
341 668 664 727 perturbatione
686 678 726 709 et
747 666 868 708 facile
892 666 1140 725 intelligitis,
1161 667 1437 710 Venerabiles
1456 668 1637 719 Fratres,
1660 680 1820 726 quanta
1843 670 2023 713 afflicte-

175 751 274 776 mur
296 733 598 776 amaritudine.
625 734 675 774 In
695 731 892 773 maximis
913 748 1014 773 vero
1035 732 1163 783 curis,
1185 745 1228 775 et
1247 733 1469 792 angustiis,
1493 749 1597 791 quas
1614 733 1703 776 sine
1722 734 1927 792 peculiari
1945 736 2024 778 Dei

177 799 334 841 auxilio
370 798 480 840 ferre
512 798 630 839 nullo
667 797 799 838 modo
835 812 1068 854 possemus,
1109 813 1283 840 summae
1314 810 1427 840 certe
1469 798 1752 841 consolationi
1797 799 1932 842 Nobis
1963 811 2027 843 est

175 863 331 905 eximia
351 862 670 904 Venerabilium
687 863 887 903 Fratrum
906 873 997 904 tum
1023 862 1170 913 Italiae,
1195 874 1287 904 tum
1305 862 1490 905 universi
1511 863 1707 906 catholici
1736 863 1852 905 orbis
1871 864 2025 907 Sacro-

174 944 272 982 rum
292 929 542 970 Antistitum
558 926 733 998 religio,
741 926 874 968 virtus
897 943 945 969 ac
967 926 1189 970 fortitudo.
1208 929 1402 986 Namque
1423 928 1555 971 iidem
1571 929 1846 971 Venerabiles
1857 931 2026 972 Fratres

175 994 409 1035 arctissimo
433 992 548 1045 fidei,
573 991 756 1034 caritatis
782 1003 824 1033 et
853 993 1131 1034 observantiae
1157 993 1328 1034 xinculo
1356 993 1506 1044 Nobis,
1538 1005 1580 1035 et
1605 994 1704 1035 huic
1729 994 1846 1035 Petri
1866 994 2023 1036 Cathe-

177 1058 266 1101 drae
285 1058 460 1100 mirifice
481 1057 689 1108 obst1icti,
713 1057 924 1115 nullisque
937 1057 1143 1129 periculis
1174 1057 1381 1109 deteiiiti,
1405 1074 1502 1099 cum
1526 1057 1760 1100 immortali
1786 1058 1850 1100 sui
1882 1058 2025 1100 nomi-

175 1125 242 1165 nis
262 1135 301 1165 et
317 1121 479 1164 ordinis
501 1122 626 1164 laude
640 1123 863 1194 propiium
885 1122 1172 1164 ministerium
1194 1123 1422 1181 implentes
1441 1139 1530 1164 non
1560 1123 1761 1165 desinunt
1781 1134 1874 1164 tum
1900 1139 2021 1174 voce,

175 1199 266 1230 tuni
290 1187 606 1246 sapientissimis
627 1187 793 1245 seiiptis
816 1187 911 1238 Dei,
940 1189 1113 1245 ejusque
1135 1200 1288 1231 sanctae
1311 1188 1526 1239 Ecclesiae,
1550 1199 1592 1230 et
1615 1188 1739 1244 hujus
1764 1187 2021 1246 Apostolicae

172 1253 292 1295 Sedis
308 1269 492 1304 causam,
511 1254 623 1308 jura,
639 1252 896 1306 doctrinam,
917 1264 959 1294 et
975 1253 1146 1309 justitia*
1167 1264 1294 1311 atque
1308 1252 1588 1295 humanitatis
1601 1252 1791 1294 rationes
1810 1252 2025 1310 impavide

174 1317 420 1368 defendere,
441 1317 691 1376 propriique
712 1317 852 1376 gregis
869 1317 1152 1360 incolumitati
1178 1318 1406 1376 diligenter
1425 1318 1664 1368 consulere,
1688 1333 1735 1359 ae
1752 1317 1879 1359 falsas
1894 1329 1934 1359 et
1955 1333 2024 1359 er-

172 1398 324 1424 roneas
344 1382 616 1424 inimicorum
636 1382 860 1424 hominum
890 1382 1107 1425 doctrinas
1133 1384 1343 1435 refellere,
1369 1395 1411 1425 et
1437 1383 1578 1442 impiis
1602 1382 1776 1424 illorum
1802 1382 2027 1425 conatibus

171 1447 348 1489 viriliter
367 1458 696 1504 constanterque
710 1447 930 1490 obsistere.
953 1448 1042 1490 Nec
1059 1448 1214 1490 minori
1234 1449 1406 1507 quidem
1422 1447 1691 1504 jucunditate
1710 1447 2022 1506 perfundimur,

173 1528 270 1554 cum
292 1512 510 1554 videamus
542 1523 647 1569 quot
671 1513 905 1570 splendidis
933 1529 1034 1555 sane
1063 1514 1203 1555 modis
1224 1513 1498 1556 ecclesiastici
1522 1525 1614 1555 tum
1647 1514 1850 1570 cujusque
1870 1511 2028 1554 Italicae

172 1577 373 1636 regionis,
390 1588 481 1619 tum
498 1577 627 1618 totius
648 1577 866 1619 christiani
882 1579 1000 1620 orbis
1014 1578 1107 1630 viri,
1124 1591 1165 1620 et
1182 1579 1329 1620 fideles
1345 1578 1496 1637 populi
1517 1577 1698 1620 illustria
1715 1593 1889 1619 suorum
1905 1577 2028 1618 Anti·

173 1642 319 1683 stitum
331 1641 507 1699 vestigia
525 1653 731 1683 sectantes
744 1642 1003 1700 singularem
1017 1659 1141 1685 suum
1156 1660 1256 1702 erga
1269 1645 1373 1694 Nos,
1391 1655 1432 1684 et
1448 1644 1558 1684 lianc
1570 1641 1860 1700 Apostolicam
1873 1642 2027 1684 Sedem

173 1722 384 1757 amorem,
403 1707 825 1763 venerationemque,
846 1718 888 1748 et
911 1707 1129 1765 egregium
1148 1708 1191 1749 in
1214 1707 1478 1749 sanctissima
1499 1718 1645 1748 nostra
1665 1707 1870 1765 religione
1888 1708 2025 1766 profi-

171 1770 301 1812 tenda
322 1787 370 1812 ac
388 1771 566 1812 tutanda
583 1771 771 1812 studium
790 1771 922 1830 magis
936 1773 979 1813 in
999 1772 1087 1813 dies
1109 1772 1334 1814 ostendere
1352 1788 1400 1813 ac
1417 1772 1635 1814 declarare
1650 1771 1900 1830 glorientur.
1918 1775 2026 1815 Cum

172 1847 314 1877 autem
329 1835 459 1876 iidem
469 1836 742 1878 Venerabiles
759 1837 943 1887 Fratres,
958 1853 1193 1894 eorumque
1205 1837 1352 1879 Clerus
1368 1848 1410 1878 et
1428 1837 1577 1879 fideles
1591 1836 1739 1895 populi
1753 1852 2025 1894 summopere

170 1900 358 1953 doleant,
373 1900 462 1941 Nos
479 1899 568 1942 fere
589 1900 705 1941 omni
724 1900 833 1942 civili
853 1901 1030 1952 Nostro,
1049 1912 1090 1942 et
1109 1902 1236 1957 hujus
1250 1903 1411 1943 Sanctae
1427 1901 1548 1943 Sedis
1565 1901 1808 1959 principatu
1824 1901 2026 1959 spoliatos

171 1964 215 2006 in
237 1964 427 2022 angustis
447 1965 575 2005 rebus
595 1965 769 2019 versari,
792 1964 945 2006 iccirco
967 1965 1075 2006 nihil
1098 1967 1177 2007 sibi
1201 1966 1375 2024 gratius,
1399 1966 1507 2007 nihil
1530 1965 1772 2024 gloriosius,
1796 1966 1902 2007 nihil
1921 1966 2024 2008 reli-

173 2029 330 2087 giosius
343 2045 432 2071 esse
445 2029 701 2080 existimant,
719 2046 848 2087 quam
862 2042 907 2071 ut
920 2030 1016 2088 piis,
1029 2047 1077 2072 ac
1092 2031 1338 2089 spontaneis
1353 2031 1438 2073 suis
1450 2030 1747 2089 largitionibus
1761 2030 2025 2088 gravissimas

172 2095 366 2145 Nostras,
388 2105 430 2135 et
455 2094 580 2150 hujus
603 2095 765 2135 Sanctte
788 2094 908 2136 Sedis
929 2095 1047 2136 omni
1071 2096 1213 2137 studio
1236 2095 1522 2137 amantissime
1547 2096 1770 2137 sublevent
1791 2095 2021 2154 angustias.

232 2158 444 2211 Quocirca
475 2159 578 2200 dum
606 2158 651 2200 in
680 2159 919 2201 humilitate
950 2160 1092 2202 cordis
1124 2161 1270 2202 Nostri
1302 2163 1511 2202 maximas
1542 2162 1633 2202 Deo
1668 2160 1796 2201 totius
1824 2160 2022 2202 consola-

173 2222 302 2264 tionis
327 2223 490 2280 agimus
518 2223 692 2281 gratias,
724 2224 795 2281 qui
825 2235 914 2265 tam
942 2224 1098 2282 insigni
1127 2225 1442 2282 Episcoporum
1472 2236 1514 2266 et
1545 2225 1805 2282 populorum
1834 2223 2025 2266 fidelium

171 2287 330 2345 pietate
350 2303 397 2328 ac
424 2288 619 2345 largitate
649 2289 944 2330 acerbissimas
968 2290 1145 2331 Nostras
1165 2289 1401 2340 molestias,
1425 2301 1467 2331 et
1485 2305 1693 2330 aerumnas
1720 2288 1868 2339 lenire,
1896 2289 2025 2331 solari

170 2367 220 2393 ac
242 2363 479 2393 sustentare
501 2352 716 2410 dignatur,
738 2353 969 2411 gratissimi
993 2355 1124 2395 animi
1139 2354 1285 2396 Nostri
1297 2370 1444 2396 sensus
1462 2353 1622 2396 eisdem
1635 2354 1860 2412 Episcopis
1881 2370 2023 2412 popu-

172 2415 311 2474 lisque
335 2416 531 2458 fidelibus
549 2417 704 2459 iterum
719 2419 861 2475 palam
882 2418 1140 2476 publiceque
1163 2419 1309 2460 testari
1329 2430 1371 2460 et
1388 2418 1642 2460 confirmare
1659 2418 1867 2471 Lemnum,
1891 2435 2026 2476 quan-

174 2480 407 2538 doquidem
436 2497 585 2523 eorum
614 2482 834 2525 dumtaxat
865 2500 946 2542 ope
977 2484 1218 2541 auxilioque
1242 2484 1442 2525 maximis
1472 2495 1514 2525 et
1551 2483 1595 2524 in
1626 2483 1713 2525 dies
1742 2484 2025 2526 crescentibus

172 2545 355 2596 Nostris,
380 2556 422 2587 et
440 2545 566 2601 hujus
587 2547 748 2589 Sanctae
772 2548 892 2590 Sedis
917 2548 1166 2607 indigentiis
1184 2565 1410 2591 occurrere
1428 2564 1676 2607 possumus.

235 2663 375 2719 Atque
394 2661 479 2712 hic,
507 2663 782 2707 Venerabiles
810 2666 994 2719 Fratres,
1024 2666 1190 2708 silentio
1216 2665 1435 2724 proetcrire
1461 2683 1549 2707 non
1576 2682 1804 2725 possumus
1831 2666 2022 2709 assiduas

175 2725 357 2784 impensi
374 2725 545 2780 amoris,
570 2727 820 2770 firmissimae
840 2730 1069 2782 fidelitatis,
1095 2730 1360 2773 devotissimi
1381 2730 1588 2789 obsequii,
1617 2743 1658 2773 et
1680 2730 1886 2772 niunificae
1911 2729 2022 2773 libe-

174 2791 351 2832 ralitatis
370 2790 712 2848 significationes,
732 2793 883 2849 quibus
902 2797 1121 2837 Romanus
1138 2795 1205 2837 hic
1222 2795 1407 2852 Populus
1428 2795 1654 2838 ostendere
1672 2807 1714 2838 et
1728 2797 1913 2854 probare
1932 2806 2020 2837 stu-

176 2855 250 2897 det
266 2871 314 2897 ac
338 2855 480 2913 gestit,
503 2855 610 2896 nihil
631 2856 711 2897 sibi
730 2858 872 2913 potius
893 2875 984 2902 esse
1009 2877 1139 2918 quam
1159 2872 1206 2902 ut
1225 2860 1361 2901 Nobis
1381 2872 1423 2902 et
1439 2860 1538 2902 huie
1560 2860 1818 2918 Apostolieae
1839 2859 1952 2910 Sedi,
1973 2875 2023 2901 ac

175 2920 365 2978 legitimo
392 2921 566 2969 Nostro,
601 2921 877 2979 ejusdemque
907 2924 1026 2966 Sedis
1056 2924 1165 2967 civili
1194 2924 1374 2982 imperio
1405 2925 1751 2967 constantissime
1784 2924 2012 2972 adhaereat,

175 3000 410 3042 omnesque
434 2984 620 3026 nefarios
642 2987 993 3042 perturbatorum
1019 3000 1061 3031 et
1084 2989 1377 3031 insidiantium
1404 2990 1631 3032 hominum
1657 3001 1799 3032 motus
1818 3000 2018 3032 conatus-

175 3064 259 3105 que
278 3050 471 3108 repellat,
491 3061 533 3090 et
552 3065 604 3091 ex
624 3049 768 3091 animo
784 3050 1028 3093 adversetur
1047 3069 1095 3094 ac
1115 3054 1363 3097 detestetur.
1386 3056 1473 3096 Vos
1500 3055 1593 3113 ipsi,
1619 3053 1893 3096 Venerabiles
1909 3054 1943 3094 F
1944 3067 2013 3094 ra-

175 3123 275 3163 tres,
299 3113 619 3172 locupletissimi
642 3126 766 3156 testes
783 3115 897 3166 estis,
925 3116 1080 3172 quibus
1101 3118 1290 3171 sinceris,
1311 3119 1491 3177 publicis
1513 3136 1561 3162 ac
1581 3117 1923 3161 luculentissimis
1943 3115 2016 3156 de-

174 3177 480 3221 clarationibus
510 3179 624 3221 idem
655 3181 875 3222 Romanus
904 3181 1094 3239 Populus
1128 3183 1262 3225 Nobis
1293 3183 1534 3226 carissimus
1557 3182 1804 3240 hujusmodi
1826 3178 2016 3239 egregios
