2135 3442
187 133 264 170 2⁶26
793 127 1104 164 ALLOCUTION
1133 127 1198 163 DE
1225 126 1303 162 PIE
1330 125 1402 161 IX.

190 235 293 262 ausu
329 217 552 259 temerario
580 226 622 258 et
650 214 849 274 sacrilego
880 225 1119 273 occupatas,
1159 212 1442 282 augustissima
1467 211 1639 284 templa
1645 210 1729 253 suis
1756 213 2013 253 ornamentis

188 283 361 333 nudata,
406 281 596 338 religiosa
629 279 820 322 coenobia
858 281 901 321 in
930 279 1131 350 profanos
1158 293 1256 319 usus
1285 291 1508 327 conversa,
1536 274 1716 333 virgines
1751 277 1842 317 Deo
1877 291 2012 318 sacras

190 358 381 398 vexatas,
405 346 649 388 lectissimos
696 355 818 401 atque
852 343 1143 400 integerrimos
1184 341 1520 391 Ecclesiasticos,
1555 339 1872 397 Religiososque
1901 342 2012 383 viros

191 411 417 454 crudeliter
439 412 678 459 insectatos,
704 410 746 449 in
776 376 962 449 vincula?
971 408 1198 462 conjectos,
1226 416 1266 447 et
1287 406 1459 456 occisos,
1487 420 1624 446 sacros
1650 404 1899 446 clarissimos
1921 406 2010 446 An—

190 478 337 520 tistites
353 476 417 518 vel
436 477 525 534 ipsa
550 473 820 516 Cardinalitia
850 472 1051 530 dignitate
1071 470 1254 528 insignes
1283 486 1305 511 a
1336 470 1515 528 propriis
1546 469 1741 528 gregibus
1773 469 1878 512 dure
1899 469 2014 511 avul-

191 558 272 597 sos,
297 552 339 584 et
360 543 403 582 in
428 554 636 581 carcerem
653 536 879 596 abreptos?

251 630 388 686 Atque
405 628 495 668 haec
516 636 632 667 tanta
650 625 836 666 facinora
856 634 1001 665 contra
1024 622 1271 675 Ecclesiam,
1293 624 1462 680 ejusque
1480 623 1572 678 jura
1592 622 1830 664 libertatem
1857 620 2014 663 admit-

192 705 338 736 tuntur
355 703 446 733 tum
466 691 507 731 in
530 688 757 731 Pontificiae
779 689 948 730 ditionis
970 688 1086 739 locis,
1113 699 1201 729 tum
1232 686 1348 740 alibi,
1367 687 1440 728 ubi
1458 687 1652 728 homines
1671 686 1747 737 illi,
1781 686 1847 728 vel
1868 701 2016 728 eorum

193 758 345 799 similes
368 756 656 807 dominantur,
678 770 728 795 eo
744 754 900 796 scilicet
916 764 1124 811 tempore,
1149 769 1231 810 quo
1249 752 1362 794 idem
1391 751 1468 810 ipsi
1490 752 1728 793 libertatem
1746 751 1902 808 ubique
1920 767 2019 810 pro-

194 823 391 872 clamant,
419 837 467 862 ac
490 819 569 862 sibi
595 821 638 860 in
665 820 771 860 votis
804 835 889 860 esse
918 818 1179 875 confingunt,
1203 829 1248 858 ut
1275 832 1468 875 suprema
1503 816 1661 858 Summi
1698 815 1913 858 Pontificis
1939 832 2020 874 po-

194 898 316 928 testas
340 903 359 927 a
384 886 528 944 quovis
546 899 713 942 prorsus
729 882 895 924 vinculo
913 882 1109 941 expedita
1133 882 1249 924 omni
1271 881 1462 923 libertate
1488 882 1665 922 fruatur.

252 953 273 992 J
277 968 345 993 am
368 965 495 1009 porro
515 950 730 990 neminem
749 947 851 990 latet
869 950 913 989 in
933 963 1016 1004 qua
1036 946 1280 997 tristissima,
1306 962 1352 987 ac
1373 945 1631 1003 deploranda
1669 944 1915 986 conditione
1936 946 2020 987 Ca-

194 1015 346 1058 rissimi
369 1014 511 1056 Nostri
532 1023 748 1054 versentur
769 1011 936 1053 Subditi
951 1011 1202 1054 eorumdem
1213 1011 1437 1052 hominum
1461 1026 1603 1068 opera,
1636 1011 1708 1068 qui
1730 1021 1847 1051 tanta
1866 1009 2023 1051 adver-

196 1097 264 1123 sus
281 1080 510 1122 Ecclesiam
521 1077 675 1135 flagitia
691 1077 974 1118 committunt.
995 1075 1218 1117 Publicum
1234 1074 1347 1116 enim
1357 1075 1551 1116 aerarium
1571 1075 1830 1132 dissipatum,
1844 1074 2022 1116 exhaus-

197 1157 303 1198 tum,
327 1142 626 1186 commercium
648 1140 932 1182 intermissum
955 1156 1002 1182 ac
1025 1155 1132 1198 pene
1156 1140 1402 1189 extinctum,
1428 1139 1617 1197 ingentes
1635 1140 1821 1197 pecuniae
1853 1154 2024 1181 summae

199 1207 573 1267 optimatibusviris
588 1204 1268 1263 aliisqueimpositae,privatorum
1290 1204 1404 1245 bona
1421 1205 1473 1245 ab
1495 1204 1588 1256 illis,
1613 1205 1684 1260 qui
1707 1219 1750 1245 se
1766 1203 2024 1261 populorum

197 1285 383 1315 rectores
409 1284 451 1314 et
480 1270 788 1313 effraenatarum
821 1271 1060 1312 cohortium
1102 1269 1296 1311 ductores
1327 1269 1554 1326 appellant,
1598 1268 1775 1326 direpta,
1813 1269 2024 1310 bonorum

199 1339 391 1379 omnium
435 1335 680 1378 tremefacta
721 1335 906 1385 libertas,
949 1349 1183 1391 eorumque
1235 1333 1512 1391 tranquillitas
1541 1335 1584 1374 in
1628 1349 1838 1374 summum
1882 1333 2028 1374 discri-

198 1419 298 1445 men
317 1402 516 1452 adducta,
537 1416 584 1441 ac
606 1401 691 1441 vita
719 1402 808 1458 ipsa
829 1400 963 1441 sicarii
985 1400 1161 1458 pugioni
1183 1400 1386 1454 subjecta,
1418 1411 1460 1440 et
1482 1399 1560 1440 alia
1585 1399 1768 1439 maxima
1800 1410 1842 1440 et
1871 1398 2026 1456 gravis-

199 1469 303 1509 sima
322 1466 432 1508 mala
453 1482 500 1507 ac
521 1466 693 1516 damna,
720 1465 872 1522 quibus
890 1465 1155 1506 continenter
1175 1465 1281 1505 cives
1300 1475 1519 1522 tantopere
1537 1462 1779 1521 affliguntur
1795 1474 1918 1521 atque
1938 1474 2026 1504 ter-

199 1543 361 1574 rentur.
389 1532 488 1572 Haec
512 1529 669 1572 scilicet
689 1541 783 1571 sunt
805 1530 914 1570 illius
942 1528 1228 1587 prosperitatis
1256 1528 1391 1582 initia,
1417 1544 1546 1586 quam
1574 1529 1734 1569 Summi
1759 1526 2029 1569 Pontificatus

201 1612 345 1639 osores
368 1595 596 1637 Pontificiae
613 1594 794 1635 Ditionis
813 1594 978 1652 populis
1000 1594 1272 1642 annunciant,
1297 1604 1422 1649 atque
1438 1592 1705 1651 promittunt.

259 1663 309 1702 In
344 1676 498 1718 magno
530 1660 670 1717 igitur,
702 1671 743 1700 et
771 1658 1008 1700 incredibili
1037 1658 1200 1709 dolore,
1225 1674 1308 1715 quo
1326 1659 1393 1714 *ob
1425 1669 1560 1698 tantas
1588 1669 1677 1698 tum
1709 1657 1919 1707 Ecclesiae‚
1939 1668 2029 1698 tum

203 1724 430 1767 Pontificiae
467 1724 628 1765 Nostrae
676 1723 844 1764 ditionis
887 1723 1144 1780 populorum
1192 1722 1447 1775 calamitates
1484 1722 1631 1763 intime
1667 1720 2025 1775 excruciabamur,

202 1790 337 1848 probe
367 1800 588 1830 noscentes
618 1787 743 1829 officii
766 1788 908 1828 Nostri
933 1788 1140 1829 rationem
1164 1788 1338 1827 omnino
1361 1787 1590 1844 postulare,
1621 1797 1668 1827 ut
1699 1786 1754 1828 ad
1777 1785 2032 1827 calamitates

203 1854 312 1912 ipsas
346 1851 603 1894 amovendas
624 1867 670 1893 ac
698 1852 1004 1910 propulsandas
1031 1851 1172 1893 omnia
1204 1866 1467 1901 conaremur,
1494 1853 1583 1906 jam
1605 1850 1704 1892 inde
1737 1866 1761 1891 a
1784 1848 1853 1891 die
1884 1861 2033 1907 quarta

202 1919 450 1962 Decembris
478 1917 658 1975 proximi
685 1916 907 1974 superioris
930 1916 1028 1957 anni
1058 1914 1248 1958 omnium
1273 1915 1533 1973 Principum,
1566 1927 1608 1957 et
1629 1915 1858 1956 Nationum
1888 1930 2030 1973 opem,

204 1984 489 2040 auxiliumque
507 1981 746 2039 implorare,
772 1991 813 2021 et
836 1996 1062 2038 exposcere
1080 1980 1195 2022 haud
1214 1980 1443 2021 omisimus.
1463 1981 1527 2021 Ac
1543 1979 1675 2021 Nobis
1689 1990 1924 2038 temperare
1946 1996 2033 2021 non

205 2062 443 2105 possumus,
466 2047 566 2102 quin
583 2045 819 2095 vobiscum,
841 2046 1115 2086 Venerabiles
1134 2046 1312 2095 Fratres,
1340 2060 1449 2085 nunc
1469 2045 1827 2086 communicemus
1850 2043 2035 2102 singula-

207 2127 299 2152 rem
318 2111 432 2152 illam
462 2110 807 2180 consolationem,
834 2125 915 2166 qua
937 2109 1074 2150 affecti
1094 2110 1261 2163 fuimus,
1289 2125 1385 2150 cum
1414 2109 1542 2151 iidem
1574 2109 1800 2166 PrincipeS,
1828 2119 1869 2149 et
1890 2109 2034 2166 populi

211 2176 338 2217 etiam
361 2175 437 2225 illi,
473 2174 543 2231 qui
567 2174 779 2216 catholicae
807 2175 976 2214 unitatis
998 2174 1166 2215 vinculo
1195 2174 1328 2215 Nobis
1357 2173 1529 2214 minime
1554 2184 1651 2214 sunt
1681 2171 1909 2228 conjuncti,
1933 2189 2034 2230 pio-

211 2239 501 2298 pensissimam
528 2254 676 2280 eorum
704 2253 801 2295 erga
823 2239 910 2280 Nos
928 2238 1185 2279 voluntatem
1200 2237 1420 2279 luculentis
1437 2254 1535 2279 sane
1556 2237 1692 2278 modis
1714 2236 1940 2288 testa1i‚ac
1962 2236 2038 2278 de-

212 2299 371 2340 clarale
395 2298 643 2338 studuerint.
673 2297 801 2349 Quod
837 2297 1010 2354 quidem
1043 2297 1146 2338 dum
1175 2297 1488 2338 acerbissimum
1514 2295 1643 2338 animi
1671 2295 1815 2337 Nostri
1843 2295 2035 2337 dolorem

212 2364 385 2405 miiifice
404 2363 522 2412 lenit,
549 2374 672 2418 atque
695 2362 866 2412 solatur,
888 2362 1021 2427 rna-‘gis
1041 2363 1253 2420 magisque
1285 2361 1544 2403 demonstrat
1571 2359 1788 2424 quomodo
1817 2360 1930 2401 Deus
1950 2360 2033 2401 Ec-

214 2423 346 2464 clesiae
370 2438 452 2463 suae
476 2423 634 2463 Sanctae
656 2436 819 2477 semper
837 2421 1044 2478 propitius
1064 2421 1250 2462 adsistat.
1275 2421 1439 2477 Atque
1430 2436 1473 2460 111
1489 2435 1581 2460 eam
1598 2434 1714 2476 spem
1730 2420 1929 2477 erigimur
1944 2417 2036 2460 fore

214 2498 260 2528 ut
279 2502 424 2528 omnes
442 2485 690 2543 intelligant,
718 2485 961 2542 glavissima
983 2485 1053 2526 illa
1076 2486 1201 2536 mala,
1237 2485 1418 2555 quibus
1409 2501 1453 2524 111
1471 2485 1549 2525 hae
1573 2495 1689 2524 tanta
1706 2494 1948 2541 temporum
1968 2498 2035 2524 as-

213 2550 388 2609 peritate
405 2550 567 2608 populi,
593 2565 639 2590 ac
662 2564 791 2607 regna
806 2561 1022 2600 vexantui,
1036 2566 1084 2590 ex
1102 2549 1369 2591 sanctissimae
1389 2548 1780 2606 nost1aeReligionis
1792 2559 2037 2606 contemptu

214 2631 331 2657 suam
356 2614 521 2656 duxisse
548 2613 770 2670 oliginem,
809 2629 886 2655 nec
922 2614 1090 2655 aliunde
1123 2614 1333 2663 solatium,
1367 2629 1416 2674 ac
1449 2612 1687 2654 iemedium
1708 2614 1866 2654 habere
1897 2628 2029 2671 posse,

215 2695 342 2737 quam
361 2696 412 2721 ex
431 2678 513 2720 du
492 2694 572 2719 ma
593 2677 745 2718 Clnlsti
766 2677 971 2728 doctrina,
1001 2681 1173 2734 ejusque
1197 2689 1338 2719 sancta
1370 2677 1550 2719 Ecclesia
1578 2694 1685 2735 quae,
1718 2678 1918 2719 virtutum
1943 2693 2034 2718 om-

216 2744 334 2786 nium
367 2743 559 2785 foecunda
581 2757 745 2800 parens,
774 2753 814 2782 et
845 2741 1119 2798 altrix,atque
1145 2741 1353 2799 expultrix
1383 2741 1599 2797 vitiorum,
1630 2742 1733 2784 dum
1755 2742 1948 2783 homines
1981 2741 2033 2782 ad

218 2825 387 2851 omnem
407 2808 623 2849 veritatem
647 2822 694 2847 ac
710 2806 913 2861 justitiam
933 2806 1125 2857 instituit,
1147 2821 1302 2862 eosque
1325 2818 1469 2847 mutua
1489 2807 1660 2848 caritate
1679 2806 1939 2864 constringit,
1958 2820 2035 2861 pu-

216 2874 328 2916 blico
358 2873 488 2915 civilis
520 2870 726 2913 societatis
760 2870 898 2921 bono,
936 2882 978 2912 et
1021 2870 1160 2912 ordini
1194 2870 1435 2911 mirandum
1470 2871 1512 2912 in
1553 2872 1729 2913 modum
1762 2869 1956 2918 consulit,
1986 2884 2032 2909 ac

215 2937 432 2997 prospicit.

276 3020 505 3076 Postquam
526 3033 627 3058 vero
655 3015 846 3059 omnium
879 3015 1124 3073 Principum
1153 3033 1275 3075 opem
1296 3017 1623 3074 imploravimus,
1662 3018 1714 3059 ab
1737 3016 1918 3068 Austria,
1940 3030 2031 3071 quae

216 3083 445 3128 Pontificiae
467 3083 628 3124 Nostrae
652 3080 801 3123 ditioni
834 3080 887 3121 ad
929 3081 1264 3138 Septentrionem
1295 3082 1470 3124 finitima
1508 3095 1584 3138 est,
1631 3081 1828 3124 auxilium
1856 3096 1906 3122 eo
1935 3095 2031 3121 sane

217 3148 416 3193 libentius
433 3146 762 3205 efflagitavimus,
784 3145 900 3202 quod
920 3145 1011 3203 ipsa
1034 3162 1120 3188 11011
1143 3146 1277 3189 solum
1296 3148 1516 3206 temporali
1546 3146 1795 3206 Apostolicae
1815 3144 1934 3188 Sedis
1961 3144 2034 3187 do-
