2135 3442
151 127 226 163 440
760 122 1079 159 ALLOCUTION
1108 123 1172 157 DE
1201 123 1280 158 PIE
1309 123 1380 159 IX.

148 212 305 253 vellent
326 220 549 267 prreterea,
577 219 623 248 ut
650 208 791 266 palam
813 208 1145 260 declararemus,
1173 220 1394 267 usurpatas
1414 209 1643 251 Pontificia*
1672 212 1839 252 Nostrae
1859 212 1984 255 ‹litio-

150 277 214 317 nis
234 273 474 316 Prorincias
498 272 539 313 in
566 273 744 314 liberam
768 285 1066 331 usurpatorum
1087 274 1393 332 proprietatem
1415 274 1579 316 cedere.
1605 276 1697 328 Qua
1716 291 1817 316 sane
1837 277 1982 319 audaci

149 352 190 381 et
211 341 414 381 hactenus
435 337 624 379 inaudita
645 338 931 396 postulatione
953 349 1203 395 qua’rerent,
1229 350 1274 379 ut
1295 340 1347 380 ab
1373 338 1452 380 hac
1471 339 1717 397 Apostolica
1745 340 1868 391 Sede,
1893 357 1984 398 quae

149 420 315 462 semper
350 403 428 444 suit
464 414 504 444 et
540 403 618 444 erit
654 403 840 444 veritatis
875 402 1133 459 justitiaeque
1170 404 1561 461 propugnaculum,
1602 403 1853 456 sanciretur,
1896 422 1986 447 rem

150 469 304 524 injuste
337 468 629 524 violenterque
653 467 862 525 direptam
888 483 1013 525 posse
1034 468 1260 525 tranquille
1285 468 1548 525 honesteque
1574 468 1782 526 possideri
1813 471 1866 511 ab
1902 470 1984 511 ini-

148 550 232 591 quo
273 547 546 591 aggressore3
592 544 722 589 utque
760 531 817 573 ita
857 532 1009 573 falsum
1049 533 1377 574 constitueretur
1414 532 1694 590 principium,
1724 534 1987 576 fortunatam

148 615 303 656 nempe
342 597 439 639 facti
479 596 727 653 injustitiam
765 597 930 637 nullum
964 596 1070 652 juris
1106 597 1315 639 sanctitati
1346 598 1650 639 detrimentum
1688 597 1864 640 afferre?
1884 600 1987 651 Quae

150 663 378 721 postulatio
400 663 450 703 iis
475 662 601 703 etiam
631 673 842 719 repugnat
874 661 1133 703 solemnibus
1161 662 1315 713 verbis,
1347 663 1501 720 quibus
1522 662 1565 703 in
1588 679 1745 720 magno
1767 675 1807 704 et
1836 663 1989 705 illustri

148 729 305 770 Senatu
335 726 593 785 nuperrimis
614 726 727 767 hisce
749 726 898 767 diebus
925 727 1184 768 declaratum
1204 738 1286 777 est,
1314 749 1331 764 «
1358 730 1600 769 Romanum
1628 728 1876 769 Pontificem
1896 743 1989 771 esse

148 794 563 850 Repraesentatorem
589 791 809 848 praecipuae
831 791 892 832 vis
914 791 1084 833 moralis
1105 791 1148 832 in
1176 792 1364 833 humana
1386 793 1600 834 societate.
1633 813 1651 828 »
1674 793 1738 834 Ex
1769 808 1854 849 quo
1884 792 1989 834 illud

149 857 440 913 consequitur,
478 872 575 896 eum
604 856 721 896 nullo
743 856 872 898 modo
898 872 1022 914 posse
1051 856 1280 898 vandalicae
1315 858 1556 916 spoliationi
1595 857 1851 909 consentire,
1887 857 1988 915 quin

147 922 477 963 fundamentum
508 921 638 962 violet
670 921 778 962 illius
804 921 976 963 moralis
1003 921 1250 979 disciplinae,
1273 924 1391 978 cujus
1416 923 1506 981 ipse
1530 923 1657 965 veluti
1684 924 1823 981 prima
1852 922 1990 964 forma

148 998 189 1028 et
215 988 357 1044 imago
378 985 656 1043 dignoscitur.

207 1053 227 1093 J
231 1069 296 1093 am
315 1067 414 1092 vero
437 1051 692 1107 quicumque
711 1051 776 1092 vel
798 1067 945 1092 errore
962 1051 1165 1109 deceptus
1181 1051 1247 1092 vel
1268 1051 1422 1093 timore
1442 1053 1660 1109 perculsus
1680 1053 1872 1110 praebere
1892 1050 1991 1093 velit

149 1117 322 1158 consilia
349 1115 513 1170 injustis
537 1117 888 1173 perturbatorum
908 1116 1039 1158 civilis
1057 1116 1266 1158 societatis
1286 1116 1395 1158 votis
1413 1129 1713 1169 consentanea,
1738 1132 1908 1159 neeesse
1931 1126 1994 1158 est

147 1193 194 1223 ut
214 1182 327 1222 hisce
348 1180 619 1238 potissim'um
641 1181 906 1238 temporibus
931 1181 1011 1223 sibi
1035 1181 1211 1223 omnino
1234 1182 1504 1239 persuadeat,
1527 1183 1621 1224 illos
1644 1198 1864 1240 nunquam
1890 1197 1992 1223 con-

150 1257 291 1287 tentos
320 1245 423 1296 fore,
452 1246 532 1286 nisi
560 1245 746 1288 viderint
777 1263 903 1288 omne
931 1247 1194 1288 auctoritatis
1212 1247 1487 1305 principium,
1515 1264 1641 1289 omne
1665 1247 1883 1305 religionis
1906 1246 1991 1288 fre-

146 1328 265 1362 num,
288 1327 547 1367 omnemque
567 1311 675 1366 juris
696 1311 954 1368 justitiaeque
978 1311 1168 1370 regulam
1199 1312 1250 1353 de
1280 1312 1422 1353 medio
1446 1313 1555 1355 tolli.
1581 1317 1721 1370 Atque
1748 1311 1991 1382 hujusmodi

145 1378 421 1417 subversoies
453 1375 493 1416 in
518 1375 651 1416 civilis
676 1376 888 1417 societatis
913 1376 1198 1418 calamitatem
1227 1377 1331 1418 illud
1356 1379 1445 1433 jam
1467 1389 1555 1419 tum
1579 1395 1682 1419 1066
1710 1389 1801 1419 tum
1825 1375 1992 1434 scriptis

147 1441 358 1511 assequuti
383 1452 494 1491 sunt,
517 1452 562 1482 ut
592 1440 800 1482 humanas
825 1453 989 1483 mentes
1019 1442 1323 1513 11611611611111,
1353 1443 1562 1484 moralem
1591 1459 1760 1484 sensum
1792 1441 1990 1484 debilita-

147 1506 308 1558 veiint,
339 1516 380 1546 et
417 1505 632 1561 injustitiae
655 1506 878 1547 1101·Γο1·6111
905 1507 1161 1565 eripuelint3
1195 1519 1323 1564 atque
1348 1508 1491 1549 onmia
1517 1519 1727 1549 conantur
1759 1518 1805 1547 ut
1830 1505 1992 1547 cunctis

148 1571 447 1629 persuadeant,
471 1572 539 1625 jus
563 1572 616 1611 ab
644 1571 835 1612 honestis
865 1572 1063 1628 gentibus
1092 1572 1335 1613 invocatum
1355 1572 1463 1612 nihil
1487 1573 1603 1614 aliud
1626 1587 1728 1620 esse,
1753 1570 1834 1611 nisi
1855 1570 1989 1625 injus-

148 1648 235 1677 tam
260 1636 525 1676 voluntatem
553 1652 645 1692 quae
667 1636 819 1676 debeat
850 1637 1026 1677 omnino
1052 1637 1284 1678 contemni.
1309 1638 1423 1677 Heu!
1450 1650 1546 1677 vere
1573 1657 1589 1670 «
1622 1635 1727 1675 luxit
1751 1645 1792 1674 et
1818 1633 1992 1675 defluxit

151 1722 167 1736 «
188 1712 301 1741 terra
329 1711 369 1741 et
401 1700 612 1740 infirmata
644 1711 727 1750 est,
763 1700 938 1741 defluxit
967 1701 1105 1753 orbis,
1141 1702 1349 1742 infirmata
1377 1711 1441 1741 est
1467 1699 1648 1740 altitudo
1677 1699 1823 1757 populi
1850 1710 1986 1740 terrae.

150 1786 167 1801 «
189 1767 242 1806 Et
271 1777 384 1807 terra
418 1764 575 1806 infecta
604 1776 667 1806 est
697 1766 750 1805 ab
782 1765 1097 1806 habitatoribus
1130 1766 1213 1806 suis
1251 1784 1259 1804 ε
1295 1763 1393 1820 quia
1423 1764 1676 1821 transgressi
1715 1775 1813 1805 sunt
1846 1764 1985 1821 leges,

153 1853 168 1867 «
189 1841 461 1872 mutaverunt
479 1832 568 1885 jus,
601 1830 910 1887 dissipaverunt
930 1831 1066 1871 foedus
1091 1828 1396 1886 sempiternum
1414 1828 1446 1870 ¹.
1472 1850 1490 1865 »

206 1896 365 1936 Verum
388 1895 429 1934 in
460 1906 577 1935 tauta
603 1896 877 1935 tenebrarum
902 1894 1179 1944 obscuritate,
1202 1909 1285 1950 qua
1307 1895 1420 1934 Deus
1445 1892 1708 1934 inscrutabili
1733 1909 1809 1934 suo
1828 1891 1990 1948 judicio

148 1971 295 2017 gentes
316 1959 415 2000 sinit
436 1959 616 2008 offundi,
641 1960 730 1998 Nos
752 1974 921 1999 omnem
956 1959 1158 1999 Nostram
1194 1974 1314 2015 spem
1340 1958 1624 2014 fiduciamque
1653 1958 1778 2015 plane
1805 1957 1989 1998 colloca-

148 2040 242 2064 mus
266 2024 306 2063 iu
326 2023 418 2080 ipso
441 2023 770 2064 elementissimo
791 2023 1185 2064 misericordiarum
1201 2024 1327 2063 Patre
1348 2034 1388 2064 et
1403 2025 1494 2064 Deo
1516 2023 1647 2064 totius
1668 2021 1986 2073 consolationis,

149 2088 220 2146 qui
244 2104 321 2128 nos
346 2088 589 2129 consolatur
610 2088 651 2128 111
683 2088 801 2128 0111111
827 2088 1102 2129 tribulatione
1123 2089 1295 2129 Nostra.
1320 2089 1415 2145 Ipse
1436 2104 1621 2145 namque
1639 2100 1714 2138 est,
1740 2087 1812 2144 qui
1837 2087 1986 2138 Vobis,

149 2152 423 2195 Venerabiles
450 2155 633 2202 Fratres,
659 2153 896 2194 concordia¹
922 2165 964 2193 et
992 2152 1284 2194 unanimitatis
1306 2152 1416 2193 inter
1431 2154 1518 2194 Vos
1538 2153 1733 2210 spiritum
1755 2153 1923 2210 ingerit,
1950 2163 1992 2194 et

152 2216 343 2274 quotidie
365 2217 496 2274 magis
518 2217 696 2275 ingeret,
720 2229 767 2258 ut
797 2218 1031 2258 Nobiscum
1056 2218 1291 2259 arctissime
1315 2234 1431 2274 aeque
1459 2234 1506 2258 ac
1527 2217 1860 2259 concordissime
1887 2233 1992 2258 con-

145 2281 294 2338 juncti,
320 2282 453 2337 parati
475 2282 563 2323 sitis
586 2299 668 2324 uua
690 2282 925 2323 Nobiscum
946 2294 1103 2323 sortem
1124 2283 1239 2323 illam
1265 2281 1422 2333 subire,
1448 2298 1541 2339 quae
1561 2298 1716 2323 arcano
1738 2281 1888 2322 divina?
1909 2297 1991 2323 suae

149 2345 425 2404 providentiae
450 2347 626 2387 consilio
648 2347 798 2403 cuique
823 2358 1019 2388 nostrum
1039 2358 1253 2388 reservata
1275 2346 1344 2387 sit.
1371 2348 1467 2404 Ipse
1490 2357 1573 2399 est,
1597 2346 1668 2402 qui
1686 2346 1875 2388 caritatis
1897 2346 1991 2387 vin-

151 2411 245 2453 culo
280 2411 391 2451 inter
423 2427 487 2461 se,
522 2423 562 2452 et
594 2428 689 2453 cum
717 2412 799 2453 hoc
829 2412 1047 2453 catholicae
1081 2411 1269 2452 veritatis
1305 2422 1346 2451 et
1381 2411 1556 2452 unitatis
1592 2422 1739 2452 centro
1770 2410 1992 2468 conjungit

152 2492 367 2517 sacrorum
398 2475 627 2516 Christiani
659 2476 774 2517 orbis
791 2476 1034 2527 Antistites,
1069 2477 1139 2533 qui
1170 2476 1315 2517 fideles
1346 2476 1425 2517 sibi
1453 2475 1706 2517 commissos
1738 2475 1990 2533 evangelicae

150 2539 342 2582 veritatis
375 2539 566 2580 doctrina
600 2540 844 2592 instituunt,
879 2543 1022 2598 eisque
1059 2542 1140 2582 iter
1175 2541 1218 2582 in
1249 2552 1366 2582 tanta
1400 2541 1580 2598 caligine
1609 2553 1701 2582 tuto
1730 2540 1991 2598 sequendum

152 2615 408 2653 monstrant,
426 2604 674 2646 nuntiantes
691 2605 845 2647 virtute
862 2606 1099 2677 prudentiae
1114 2606 1282 2664 populis
1304 2606 1568 2647 sanctissima
1590 2606 1731 2647 verba.
1753 2607 1848 2663 Ipse
1866 2622 1991 2663 super

153 2685 300 2710 omnes
321 2668 549 2709 catholicas
565 2681 710 2726 oentes
732 2670 915 2711 effundit
934 2687 1019 2728 51111
1022 2683 1127 2712 itum
1144 2688 1194 2729 pr
1197 2687 1331 2721 ecum,
1348 2682 1388 2711 et
1404 2670 1677 2712 acatholicis
1666 2670 1874 2727 aequitatis
1888 2685 1988 2712 sen-

153 2751 247 2775 sum
270 2750 415 2791 11151111
405 2745 468 2784 ‘lt
498 2746 543 2775 ut
567 2746 728 2776 rectum
750 2736 801 2775 de
836 2736 1053 2777 hodiernis
1082 2753 1129 2777 ev
1122 2736 1302 2777 entibus
1323 2703 1461 2776 'selant
1477 2735 1701 2792 judicium.
1726 2737 1825 2776 Haec
1846 2746 1989 2776 autem

152 2811 239 2840 tam
273 2798 378 2840 mila
409 2798 451 2838 111
482 2799 679 2840 universo
709 2800 917 2841 catholico
950 2802 1056 2842 01116
1085 2817 1260 2870 1116611111
1290 2800 1532 2851 consensio,
1566 2812 1737 2856 tamque
1766 2800 1989 2841 unanimes

154 2879 199 2905 er
202 2879 253 2920 ga
275 2865 363 2905 Nos
387 2863 543 2904 amotis
565 2863 912 2920 significationes,
943 2876 1006 2905 tot
1028 2881 1127 2906 sane
1150 2864 1359 2921 xaliisque
1385 2865 1524 2906 modis
1550 2881 1758 2923 expressae
1785 2864 1955 2922 (quod
1944 2879 1988 2904 m

154 2929 355 2969 anteactis
395 2927 585 2968 aetatibus
622 2928 734 2968 haud
778 2928 898 2969 facile
936 2941 1061 2986 queat
1098 2929 1300 2986 inveniri)
1342 2929 1689 2971 manifestissime
1725 2928 1983 2978 ostendunt,

156 2993 515 3049 quemadmodum
548 2992 795 3033 hominibus
824 3003 936 3033 recte
965 2994 1161 3036 animatis
1187 3010 1292 3052 opus
1319 2995 1494 3036 omuino
1526 2994 1578 3035 sit
1597 2994 1771 3036 tendere
1797 2993 1850 3035 ad
1879 2993 1986 3033 hanc

155 3058 391 3099 Beatissimi
422 3057 631 3115 Principis
661 3056 968 3115 Apostolorum
1000 3059 1276 3111 Cathedram,
1314 3060 1450 3101 lucem
1484 3071 1692 3102 terrarum
1722 3059 1859 3108 orbis,
1892 3071 1984 3112 quae

207 3175 218 3206 l
265 3174 310 3208 Is.
333 3186 408 3220 cap.
432 3187 527 3217 xxxv,
544 3187 577 3210 v.
600 3178 633 3216 [1,
653 3178 687 3210 5.
