2135 3442
183 198 258 233 0284
789 199 1105 236 ALLOCUTION
1134 202 1198 236 DE
1228 202 1305 237 PIE
1334 202 1404 238 IX.

185 283 320 323 nalem
350 282 597 340 praedictum
623 295 772 326 mutuo
798 301 992 327 sermone
1020 287 1231 328 incassum
1256 297 1415 330 tentata
1447 298 1545 330 sunt
1573 289 1628 331 ad
1659 291 1844 349 aliquam
1871 310 2014 337 rerum

185 347 576 405 componendarum
605 348 715 390 viam
745 351 1058 407 reperiendam.
1084 353 1256 393 Interim
1279 368 1378 394 vero
1399 363 1562 394 tantum
1589 354 1746 409 abfuit,
1771 368 1819 398 ut
1845 358 2013 401 Guber-

187 412 303 452 nium
324 428 345 453 a
367 429 440 454 sua
463 413 614 471 agendi
638 413 801 455 ratione
826 427 1026 470 cessaret,
1055 416 1156 474 quin
1176 418 1315 475 potius
1341 417 1413 458 illo
1431 418 1523 475 ipso
1554 429 1746 477 tempore
1763 422 2011 480 prodierint,

185 489 309 534 atque
343 478 396 519 ad
426 478 621 520 effectum
651 480 866 537 perductae
900 481 1054 523 fuerint
1083 483 1334 540 supradictae
1366 483 1661 526 Tribunalium
1690 487 1952 529 saecularium
1972 489 2014 529 in

186 542 473 584 ecclesiasticis
507 544 642 585 causis
676 544 910 585 novissimse
945 546 1166 588 Sententiae
1195 559 1281 588 tum
1312 560 1455 589 contra
1484 562 1769 592 memoratum
1796 552 2017 611 Archiepi-

186 622 376 664 scopum,
393 619 483 648 tum
503 620 647 649 contra
668 608 1046 668 Archiepiscopum
1067 611 1364 654 Calaritanum.

243 674 437 714 Ceterum
463 673 514 714 de
537 673 790 731 supradictis
814 675 1096 717 Ecclesiarum
1123 677 1471 736 Clericorumque
1501 678 1841 722 immunitatibus
1865 691 2015 722 notum

185 737 383 778 omnibus
405 753 495 779 esse
521 738 739 789 volumus,
768 739 880 788 Nos,
914 740 986 796 qui
1012 742 1286 783 tractationes
1312 743 1491 784 alterum
1523 755 1621 786 ante
1644 760 1803 786 annum
1824 761 1847 787 a
1867 745 2018 787 Subal-

183 801 285 857 pino
305 802 521 843 Gubernio
542 802 780 861 propositas
804 805 978 845 minime
999 806 1281 847 recusavimus
1296 840 1306 860 ,
1337 808 1464 849 hodie
1493 808 1650 866 pariter
1678 825 1765 851 non
1786 809 2016 851 abhorrere

184 880 206 904 a
239 867 458 908 Canonum
477 867 767 908 sanctionibus
790 867 897 909 circa
918 870 1209 912 immunitates
1233 871 1341 929 ipsas
1364 889 1445 930 pro
1463 873 1557 914 loco
1579 890 1626 915 ac
1652 884 1844 931 tempore
1863 873 2014 916 mode-

184 929 346 985 randis,
369 943 493 989 prout
517 932 674 973 scilicet
693 944 979 990 opportunum
1004 934 1046 975 in
1068 935 1252 977 Domino
1270 936 1404 978 visum
1429 938 1568 988 fuerit,
1595 954 1640 980 ac
1668 938 1901 980 dummodo
1932 939 2014 980 Ec-

182 994 306 1036 clesia
338 996 431 1037 aliis
462 996 504 1037 in
537 997 662 1037 rebus
693 997 884 1039 liberiori
913 1015 1088 1040 suorum
1116 1000 1275 1055 jurium
1305 1002 1504 1044 exercitio
1540 1003 1740 1061 potiatur.
1771 1004 1869 1045 Non
1898 1003 2013 1046 enim

184 1058 337 1102 defecit
366 1061 408 1101 in
444 1061 577 1102 Nobis
608 1061 793 1103 studium
826 1075 1010 1120 paterna³
1046 1065 1378 1117 benevolentiae,
1416 1083 1500 1125 quo
1532 1069 1748 1110 Romanos
1792 1067 2016 1110 Pontifices

182 1126 430 1166 Decessores
450 1126 628 1167 Nostros
649 1126 852 1184 inclytam
869 1128 1088 1170 Sabaudiae
1105 1131 1289 1171 Domum
1310 1143 1591 1189 prosequutos
1612 1133 1735 1174 fuisse
1753 1144 2015 1192 compertum

183 1202 243 1231 est
264 1208 272 1230 z
298 1190 487 1231 dolemus
515 1191 685 1249 insuper
711 1192 970 1235 calamitates
1000 1205 1040 1235 et
1064 1211 1288 1247 aerumnas,
1316 1197 1464 1253 quibus
1486 1197 1528 1238 in
1554 1199 1642 1253 ejus
1664 1197 1823 1239 ditione
1853 1200 2017 1240 Fratres

181 1255 360 1311 Filiique
391 1256 535 1297 Nostri
571 1256 610 1296 in
644 1257 708 1298 liis
749 1274 893 1300 rerum
930 1259 1137 1315 adjunctis
1168 1261 1284 1302 haud
1315 1261 1464 1303 leviter
1493 1274 1728 1320 anguntur3
1763 1262 1944 1319 ideoque
1977 1273 2017 1304 et

180 1319 364 1377 prompti
400 1336 541 1362 sumus
584 1321 635 1363 ad
671 1334 913 1381 opportuna
949 1324 989 1365 in
1029 1341 1176 1367 eorum
1210 1326 1403 1368 levamen
1441 1327 1683 1368 adhibenda
1716 1326 1929 1380 remedia3
1963 1343 2014 1369 ex

181 1384 387 1425 constanti
410 1385 608 1427 nimirum
632 1387 821 1429 instituto
839 1389 1002 1430 Sanctae
1020 1390 1144 1445 hujus
1160 1392 1361 1432 Romame
1378 1391 1590 1443 Ecclesiae,
1611 1407 1703 1449 quae
1721 1391 1850 1433 veluti
1873 1407 2016 1432 aman-

180 1447 337 1490 tissima
358 1461 490 1491 mater
507 1451 599 1492 filiis
619 1467 859 1494 succurrere
880 1453 922 1494 in
950 1454 1141 1512 angustia
1167 1471 1214 1495 ac
1234 1455 1506 1498 tribulatione
1529 1456 1690 1514 positis,
1717 1466 1756 1496 et
1775 1456 2018 1514 Apostolica

181 1514 442 1556 Auctoritate
477 1531 550 1556 sua
586 1516 640 1557 ad
673 1518 880 1559 sanandas
911 1518 1187 1561 contritiones
1224 1521 1352 1561 Israel
1386 1520 1444 1562 uti
1474 1521 1631 1578 jugiter
1663 1520 1894 1562 consuevit.
1930 1521 2018 1562 Hac

180 1589 323 1620 tamen
354 1580 632 1632 Auctoritate,
667 1598 757 1638 quse
790 1583 925 1624 Nobis
949 1584 991 1624 in
1018 1584 1340 1626 aedificationem
1368 1602 1454 1628 non
1484 1585 1527 1626 in
1558 1584 1887 1626 destructionem
1920 1584 2016 1626 data

181 1655 265 1696 est,
297 1645 629 1703 haudquaquam
662 1647 722 1689 uti
763 1664 1001 1706 possumus,
1032 1650 1105 1691 ubi
1141 1667 1227 1691 non
1261 1651 1312 1692 de
1338 1651 1421 1692 alio
1454 1661 1616 1707 agatur,
1657 1649 1733 1691 nisi
1764 1660 1810 1690 ut
1842 1665 1932 1706 quae
1975 1648 2016 1690 in

179 1708 375 1750 Ecclesiae
414 1710 636 1765 injuriam3
674 1728 765 1768 quae
803 1715 846 1752 in
878 1724 1171 1769 contemptum
1211 1715 1437 1756 Sacrorum
1473 1717 1716 1765 Canonum3
1751 1730 1842 1770 quae
1874 1724 2018 1755 contra

189 1773 396 1815 solemnes
422 1775 746 1826 Conventiones,
794 1775 880 1816 imo
924 1787 964 1817 et
1000 1776 1053 1816 ad
1095 1776 1226 1833 ipsam
1254 1792 1615 1834 quarumcumque
1656 1778 2014 1828 Conveufiouum,

180 1838 390 1879 rationem
423 1838 787 1894 labefactandam3
814 1858 907 1899 quae
937 1839 1111 1882 tandem
1139 1851 1286 1883 contra
1313 1841 1562 1883 Sacerdotes
1587 1851 1628 1882 et
1647 1840 1884 1898 praecipuos
1903 1840 2018 1898 ipsos

179 1902 370 1944 Ecclesiae
393 1903 597 1945 Praesules
616 1905 813 1961 pastorali
841 1921 915 1946 suo
941 1921 1118 1946 munere
1148 1906 1256 1947 circa
1287 1905 1638 1947 conscientiarum
1660 1904 2013 1957 moderationem,

181 1968 636 2027 Sacramentorumque
660 1970 1071 2012 administrationem
1089 1971 1311 2011 funoentes
1334 1970 1582 2022 deliberata,
1607 1969 1790 2020 decreta,
1811 1981 1882 2010 aut
1909 1969 2017 2012 facta

1166 2004 1188 2029 υ

181 2032 265 2073 illic
297 2033 530 2085 doluimus,
563 2035 791 2092 patientia,
827 2035 1098 2078 conniventia
1130 2047 1170 2077 et
1204 2035 1547 2078 concessionibus
1586 2035 1751 2077 Nostris
1779 2036 2017 2093 approbare

180 2097 499 2153 quodammodo
521 2098 756 2140 videamur.

241 2186 380 2239 Absit,
400 2187 673 2229 Venerabiles
691 2190 871 2241 Fratres,
895 2199 943 2229 ut
969 2188 1231 2231 Auctoritate
1257 2189 1410 2230 Nostra
1429 2188 1473 2230 in
1501 2187 1697 2230 Ecclesiae
1728 2197 1769 2227 et
1793 2186 2015 2228 Catholicae.

181 2253 258 2293 Rei
281 2251 578 2293 detrimentum
605 2254 720 2294 abuti
740 2269 927 2311 unquam
952 2253 1141 2295 velimus.
1171 2255 1309 2295 Immo
1339 2253 1481 2295 divino
1512 2251 1706 2310 praesidio
1733 2250 1820 2292 nixi
1843 2266 2015 2292 omnem

182 2315 433 2357 industriam
463 2328 586 2373 atque
614 2333 785 2375 operam
817 2317 861 2358 in
888 2318 932 2359 id
956 2318 1168 2359 constanti
1195 2318 1336 2359 animo
1368 2317 1686 2366 collocabimus,
1716 2327 1762 2357 ut
1786 2315 2014 2374 Religionis

184 2380 354 2421 utilitati
391 2380 709 2438 prospiciamus,
742 2393 784 2423 et
812 2382 1069 2424 sanctissima
1107 2383 1300 2424 Ecclesiae
1331 2385 1425 2438 jura
1458 2392 1583 2430 sarta,
1616 2392 1723 2422 tecta
1764 2381 2008 2421 habeamus.

184 2448 306 2488 Juxta
331 2446 419 2486 haec
442 2446 570 2502 igitur
591 2447 829 2489 attollentes
854 2448 983 2489 hodie
1008 2448 1050 2488 in
1076 2448 1251 2489 solemni
1280 2448 1361 2488 hoc
1381 2448 1600 2488 Conventu
1625 2446 1825 2487 Nostram
1849 2456 2016 2503 aposto-

184 2511 309 2553 licam
322 2526 483 2559 vocem,
506 2512 783 2553 reclamamus
802 2515 1007 2568 majorem
1026 2513 1069 2554 in
1085 2513 1260 2554 modum
1274 2523 1418 2553 contra
1436 2527 1500 2561 ea,
1520 2527 1610 2568 quae
1631 2510 1818 2568 superius
1838 2525 2013 2551 enarra-

184 2576 340 2626 vimus,
375 2587 415 2616 et
446 2586 590 2616 contra
622 2577 700 2617 alia
731 2577 895 2627 omnia,
929 2594 1018 2634 quze
1049 2578 1133 2619 sive
1162 2577 1204 2617 in
1229 2576 1481 2618 Continente
1518 2576 1602 2617 sive
1636 2576 1678 2616 in
1708 2574 2016 2617 Transmarinis

185 2640 427 2698 regionibus
458 2641 631 2681 Summo
661 2641 910 2682 Taurinensi
940 2641 1124 2698 Principi
1154 2640 1330 2681 subditis
1358 2651 1504 2681 contra
1529 2640 1727 2681 Ecclesire
1758 2642 1838 2695 jus,
1868 2649 1939 2680 aut
1970 2638 2013 2678 in

186 2704 415 2762 Religionis
434 2704 635 2745 damnum
656 2716 771 2762 gesta
793 2705 1116 2762 quomodolibet
1143 2716 1213 2745 aut
1235 2715 1394 2745 tentata
1415 2715 1536 2759 sunt3
1566 2717 1606 2746 et
1631 2706 1684 2746 ab
1716 2704 1929 2756 omnibus,
1960 2701 2014 2743 ad

187 2786 289 2829 quos
306 2769 504 2827 pertinet,
525 2769 763 2826 gravissime
789 2770 1069 2828 exposcimus,
1096 2781 1141 2810 ut
1169 2769 1368 2810 desistant
1393 2786 1414 2810 a
1438 2770 1637 2811 vexandis
1658 2769 1849 2811 Ecclesiae
1866 2769 2014 2810 Pasto-

186 2836 302 2877 ribus
317 2849 614 2890 sacrorumque
629 2834 844 2885 Ministris,
865 2846 906 2876 et
926 2835 1039 2875 illata
1071 2834 1156 2875 illic
1169 2835 1302 2875 Sacrae
1324 2834 1399 2875 Rei
1424 2834 1578 2876 damna
1592 2850 1787 2893 reparare
1798 2832 2010 2874 festinent.

247 2924 408 2964 Interea
435 2937 487 2963 ne
512 2921 852 2972 intermittamus,
875 2921 1148 2963 Venerabiles
1171 2922 1358 2973 Fratres,
1389 2923 1479 2963 Deo
1501 2921 1885 2963 Misericordiarum
1900 2916 2010 2960 Patri

187 2986 367 3029 humiles
392 2986 603 3027 orationes
633 2997 674 3026 et
701 2986 1013 3027 obsecrationes
1037 2985 1203 3037 offerre,
1234 2997 1275 3026 et
1300 2986 1494 3028 invocato
1521 2987 1649 3028 etiam
1672 2985 1857 3043 piissimo
1880 2983 2010 3023 inter-

188 3063 316 3094 ventu
343 3051 620 3092 Immaculata*
650 3050 840 3108 Deiparse
868 3049 1071 3107 Virginis,
1101 3061 1141 3090 et
1172 3050 1242 3091 SS.
1270 3051 1575 3108 Apostolorum
1605 3049 1716 3092 Petri
1738 3060 1779 3090 et
1797 3045 1929 3095 Pauli,
1958 3043 2010 3084 ab

189 3119 251 3158 Eo
275 3116 518 3174 suppliciter
540 3131 725 3173 poscere,
752 3126 797 3156 ut
817 3115 1012 3156 dilectam
1029 3113 1143 3155 illam
1158 3114 1390 3157 Dominicae
1410 3115 1553 3157 Vineae
1572 3125 1732 3173 partem
1757 3112 1925 3154 dextera
1939 3123 2010 3150 sua

189 3191 303 3239 tegat
322 3192 363 3222 et
380 3180 557 3222 brachio
578 3191 720 3222 sancto
741 3196 817 3222 suo
843 3178 1057 3221 defendat.
