2135 3442
175 178 223 212 52
881 173 1004 208 BREF
1034 172 1100 207 DE
1129 172 1207 207 PIE
1236 171 1302 206 vl.

179 283 197 298 «
223 262 327 312 ticis,
350 275 431 300 neu
449 258 570 300 nobis
584 257 698 300 hisce
719 258 845 300 rebus
858 269 1064 316 praecepta
1084 257 1276 307 mandes,
1296 255 1369 296 sed
1382 270 1406 295 a
1425 255 1548 295 nobis
1564 253 1706 311 potius
1718 255 1807 295 haec
1819 254 1979 296 ediscas
2001 270 2010 296 z

178 348 195 363 «
221 326 296 368 tibi
341 327 452 366 Deus
493 323 717 381 imperium
767 322 959 372 tradidit,
995 322 1120 363 nobis
1163 337 1253 378 quae
1290 331 1386 361 sunt
1415 317 1693 360 ecclasiastica
1735 317 2011 369 concredidit,

177 414 193 428 «ι
219 408 266 434 ac
286 389 647 449 quemadmodum
669 388 739 446 qui
755 387 1035 445 tibisubripit,
1061 388 1150 428 Deo
1169 384 1383 427 ordinanti
1399 394 1623 441 repugnat,
1645 381 1702 423 ita
1719 393 1862 424 metue
1885 399 1954 436 ne,
1980 383 2013 424 si

177 478 193 492 «
225 457 279 498 ad
310 468 350 498 te
377 454 649 497 ecclesiastica
679 453 915 511 pertrahas,
955 451 1127 506 majoris
1155 449 1340 491 criminis
1371 464 1466 490 reus
1505 447 1594 488 fias.
1627 468 1644 483 »
1686 448 1748 488 Ac
1787 458 2013 504 propterea

173 524 216 564 S.
242 523 425 563 Joannes
443 520 782 576 Chrysostomus,
807 528 852 557 ut
868 515 1014 573 magis,
1044 531 1171 572 quam
1192 514 1234 555 id
1270 529 1417 554 verum
1453 528 1542 554 esse
1579 512 1892 569 comprobaret,
1917 512 2014 552 Ozae

174 587 330 628 factum
347 583 505 626 attulit¹
536 601 544 624 ε
571 582 684 635 «Qui
709 597 846 622 arcam
873 580 1057 637 alioquin
1086 578 1417 620 subvertendam
1441 577 1570 629 fulsit,
1589 592 1612 619 e
1628 574 1803 633 vestigio
1824 586 2015 617 mortuus

181 673 197 687 ιι
226 662 300 700 est,
333 666 383 691 eo
405 647 519 706 quod
552 646 829 688 ministerium
860 644 933 702 ipsi
972 660 1057 685 non
1082 659 1322 701 congruens
1342 641 1578 700 usurpavit3
1614 656 1770 699 ergone
1791 639 2015 682 sabbatum

177 737 193 750 «
221 714 438 763 violatum,
475 725 517 754 et
539 712 652 753 solus
677 727 780 752 arcae
811 710 975 751 tuiturae
996 719 1218 750 contactus
1242 708 1296 749 ad
1325 719 1488 749 tantam
1508 706 1845 765 indignationem
1877 706 2014 747 Deum

177 802 194 815 «
221 777 483 837 provocavit,
504 789 550 818 ut
570 776 639 833 qui
656 777 744 817 lucc
765 775 851 816 ausi
877 774 1055 823 fuerant,
1084 789 1136 814 ne
1155 773 1382 814 minimum
1402 771 1574 830 quidem
1594 770 1729 812 veniae
1762 769 1846 811 sint
1862 786 2012 811 conse-

175 866 192 879 «
220 843 303 885 cuti
331 861 339 883 :
364 842 431 883 hic
448 857 548 882 vero
577 841 648 897 qui
684 838 899 881 adoranda
934 849 975 879 et
998 837 1229 879 ineffabilia
1251 838 1450 896 dogmata
1484 835 1731 893 corrumpit,
1777 834 2014 876 excusatio-

176 931 191 943 «
217 923 315 949 nem
334 906 551 948 habiturus
571 916 646 955 cst,
668 915 708 945 et
731 903 896 944 veniam
915 902 1224 959 consequetur?
1244 903 1343 942 Non
1360 913 1501 959 potest
1517 902 1599 942 hoc
1620 900 1724 950 fieri,
1752 916 1839 941 non
1854 911 2010 958 potest,

175 994 190 1009 «ι
217 971 404 1029 inquam.
439 992 455 1006 »
481 971 530 1012 [d
550 970 686 1027 ipsum
705 969 926 1009 decrevere
943 978 1206 1008 sacrosancta
1227 966 1432 1019 Concilia,
1455 964 1818 1007 consentientibus
1837 965 1879 1005 in
1899 964 2013 1006 idem

170 1037 312 1078 vestris
333 1035 501 1092 regibus
526 1049 654 1091 usque
679 1033 733 1074 ad
752 1031 966 1090 regnantis
988 1048 1111 1073 avum
1144 1032 1405 1073 Ludovicum
1441 1032 1536 1081 XV,
1568 1030 1638 1088 qui
1669 1030 1737 1071 die
1758 1036 1812 1073 20
1850 1030 2013 1087 augusti

170 1101 267 1141 anni
297 1104 423 1150 1731,
449 1115 490 1141 se
524 1112 751 1156 agnoscere
779 1096 1045 1138 declaravit«
1078 1097 1196 1137 velut
1221 1097 1408 1154 primum
1429 1112 1553 1138 suum
1569 1095 1759 1137 officium
1787 1094 2009 1152 impedire,

172 1186 189 1201 n
216 1181 270 1206 ne
288 1164 620 1221 disputationum
658 1161 891 1212 occasione,
919 1162 961 1201 in
988 1161 1165 1202 dubium
1189 1173 1443 1203 revocentur
1465 1163 1561 1217 jura
1587 1175 1703 1201 sacra
1735 1159 1845 1200 illius
1865 1170 2011 1216 potes-

174 1251 189 1266 «
215 1230 311 1270 tatis
331 1245 422 1286 quae
446 1244 468 1268 a
485 1229 576 1268 Deo
601 1227 691 1268 solo
723 1226 882 1282 accepit
897 1227 965 1280 jus
991 1225 1304 1267 determinandi
1340 1225 1595 1283 quaestiones
1617 1223 1820 1265 doctrinae
1840 1223 1893 1265 de
1911 1223 2007 1274 fide,

171 1316 188 1330 «
214 1294 277 1335 vel
299 1293 441 1350 regula
461 1307 653 1342 morum3
675 1289 886 1332 condendi
904 1305 1106 1341 canones,
1123 1291 1190 1332 vel
1207 1290 1437 1348 disciplinae
1460 1290 1623 1348 regulas
1641 1289 1796 1345 quibus
1813 1300 2013 1346 regantur

172 1382 188 1394 «
212 1358 406 1399 Ecclesiae
422 1355 620 1405 ministri,
647 1367 687 1395 et
716 1355 860 1396 fideles
888 1354 930 1394 in
964 1354 1115 1396 ordine
1138 1354 1369 1414 religionis,
1395 1353 1644 1396 instituendi
1662 1369 1758 1394 suos
1779 1353 2010 1404 ministros,

172 1445 187 1458 «
217 1434 288 1464 aut
308 1438 378 1463 eos
405 1419 660 1462 destituendi
687 1421 804 1474 juxta
843 1419 1012 1460 easdem
1036 1420 1214 1477 regulas,
1242 1420 1515 1477 fideliumque
1544 1418 1597 1460 ad
1627 1417 1916 1459 obedientiam
1935 1417 2012 1459 sibi

171 1509 186 1522 «
215 1486 499 1544 praestandam
529 1484 855 1541 adigendorum,
895 1483 993 1540 ipsis
1027 1484 1289 1541 imponendo
1312 1518 1321 1536 ,
1349 1487 1469 1541 juxta
1501 1483 1694 1525 ordinem
1737 1481 2008 1532 canonicum,

171 1574 186 1587 «
214 1567 300 1592 non
323 1551 458 1591 solum
482 1548 746 1606 poenitentias
773 1549 989 1598 salutares,
1020 1564 1167 1590 vernn]
1200 1549 1327 1590 etiam
1350 1566 1468 1591 veras
1492 1564 1639 1607 poenas
1659 1547 1914 1605 spirituales,
1951 1548 2015 1589 vel

171 1638 187 1652 «
209 1615 391 1672 judiciis,
409 1614 474 1654 vel
494 1612 676 1654 censuris
694 1629 786 1669 quae
806 1612 930 1669 primi
950 1613 1144 1654 Pastores
1159 1616 1251 1668 jure
1270 1630 1344 1655 suo
1367 1615 1474 1655 ferre
1498 1623 1695 1670 possunt.
1727 1633 1744 1649 »

225 1681 278 1721 Et
295 1691 434 1720 tamen
460 1688 608 1719 contra
627 1688 714 1717 tam
735 1687 893 1717 certain
922 1675 964 1717 in
992 1677 1175 1718 Ecclesia
1205 1678 1475 1728 sententiam,
1501 1679 1746 1719 Conventus
1768 1676 1846 1717 iste
1869 1676 2010 1718 natio-

165 1744 271 1786 nalis
297 1754 550 1801 potestatem
578 1741 657 1782 sibi
689 1740 884 1782 Ecclesiae
911 1741 1139 1798 arrogavit,
1165 1743 1267 1783 dum
1293 1754 1357 1784 tot
1385 1759 1434 1784 ac
1463 1753 1579 1784 tanta
1606 1741 1897 1792 constitueret,
1920 1757 2012 1799 qua¹

165 1825 258 1850 cum
285 1806 489 1865 dogmati,
516 1817 605 1847 tum
623 1805 909 1846 ecclesiasticae
933 1804 1162 1863 disciplinae
1187 1807 1480 1857 adversantur,
1509 1819 1550 1848 et
1570 1807 1673 1847 dum
1697 1805 1943 1864 Episcop0s‚
1971 1818 2013 1848 et

165 1872 477 1915 Ecclesiasticos
510 1886 656 1911 omnes
683 1870 957 1925 jurejurando
990 1870 1043 1910 ad
1079 1872 1141 1911 sui
1177 1871 1335 1913 decreti
1370 1871 1667 1913 executionem
1709 1869 2008 1928 adstringeret.

163 1939 321 1978 Verum
343 1937 424 1976 hoc
458 1934 630 1975 minime
660 1935 814 1975 mirum
839 1933 972 1975 videri
1004 1935 1131 1976 debet
1156 1936 1204 1977 iis
1235 1936 1307 1993 qui
1334 1952 1386 1978 ex
1418 1938 1507 1994 ipsa
1537 1947 1771 1977 conventus
1800 1935 2009 1976 constitu-

163 2003 278 2043 tione
298 2000 418 2041 facile
439 1998 679 2056 intelligunt
696 1998 755 2039 nil
779 1998 893 2039 aliud
917 1999 969 2039 ab
988 1998 1057 2039 illa
1076 2000 1270 2056 spectari,
1296 2012 1422 2058 atque
1444 2000 1526 2059 agi,
1553 2016 1679 2058 quam
1701 2011 1748 2041 ut
1769 1999 2012 2041 aboleretur

165 2065 369 2106 catholica
394 2064 572 2120 Religio,
599 2074 639 2103 et
670 2079 766 2104 cum
787 2061 935 2103 eadem
962 2063 1105 2105 debita
1134 2064 1304 2122 regibus
1335 2064 1595 2106 obedientia.
1622 2066 1685 2106 Eo
1710 2066 1867 2122 quippe
1901 2080 2008 2106 con-

164 2131 255 2172 silio
286 2129 540 2176 decernitur,
572 2128 616 2167 in
646 2128 739 2181 jure
767 2127 954 2184 positum
977 2143 1081 2177 esse,
1104 2140 1149 2168 ut
1172 2129 1302 2170 homo
1329 2129 1372 2170 in
1398 2129 1596 2171 societate
1617 2131 1883 2182 constitutus,
1913 2144 2006 2170 om-

163 2194 336 2236 nimoda
359 2192 538 2251 gaudeat
557 2191 766 2241 libertate,
798 2203 843 2232 ut
868 2191 1027 2232 turbari
1051 2192 1207 2234 scilicet
1236 2196 1345 2235 circa
1371 2194 1617 2252 religionem
1647 2210 1735 2235 non
1759 2193 1928 2245 debeat,
1963 2196 2006 2234 in

163 2262 336 2315 ejusque
368 2257 540 2298 arbitrio
582 2255 634 2297 sit
666 2255 717 2296 de
744 2257 876 2312 ipsius
906 2255 1122 2313 religionis
1152 2270 1417 2315 argumento,
1445 2258 1655 2315 quidquid
1678 2257 1791 2307 velit,
1821 2257 2001 2314 opinari,

161 2323 295 2379 loqui,
322 2322 519 2370 scribere,
551 2336 598 2361 ac
625 2319 735 2377 typis
763 2320 890 2361 etiam
910 2320 1102 2377 evulgare
1125 2340 1132 2362 ε
1161 2338 1254 2379 quae
1277 2338 1375 2364 sane
1396 2334 1589 2364 monstra
1610 2323 1664 2363 ab
1687 2322 1758 2363 illa
1782 2321 2005 2364 hominum

162 2387 273 2428 inter
298 2402 341 2428 se
370 2384 606 2441 aequalitate
634 2395 876 2440 naturaeque
903 2384 1099 2426 libertate
1126 2386 1326 2437 derivari,
1356 2403 1403 2428 ac
1427 2402 1624 2428 emanare
1646 2385 1889 2428 declaravit.
1921 2388 2004 2429 Sed

163 2450 266 2508 quid
303 2449 491 2491 insanius
533 2449 759 2505 excogitari
796 2459 959 2505 potest,
1005 2465 1133 2505 quam
1181 2451 1307 2492 talem
1354 2451 1635 2508 aequalitatem
1680 2450 2004 2508 libertatemque

161 2516 269 2557 inter
287 2529 435 2556 omnes
463 2514 732 2560 constituere,
764 2524 808 2554 ut
842 2513 947 2554 nihil
974 2514 1130 2555 rationi
1159 2516 1385 2566 tribuatur,
1421 2531 1504 2572 qua
1537 2516 1745 2573 praecipue
1768 2516 2002 2558 humanum

160 2595 292 2638 genus
335 2595 357 2619 a
400 2589 549 2619 natura
587 2577 811 2635 praeditum
848 2589 926 2627 est,
969 2588 1094 2634 atque
1125 2595 1148 2620 a
1184 2579 1344 2622 caeteris
1379 2579 1664 2620 animantibus
1699 2579 2002 2638 distinguitur?

161 2645 267 2685 Cum
305 2644 519 2684 hominem
558 2653 738 2683 creasset
772 2643 905 2691 Deus,
955 2658 1138 2699 eumque
1176 2643 1219 2683 in
1265 2644 1461 2701 paradiso
1501 2644 1729 2702 voluptatis
1768 2644 1999 2702 posuisset,

161 2723 302 2749 nonne
340 2707 490 2748 codem
529 2717 721 2762 tempore
763 2705 841 2762 ipsi
885 2707 1032 2747 mortis
1072 2723 1243 2764 poenam
1283 2708 1459 2760 indixit,
1496 2709 1528 2748 si
1568 2708 1620 2749 de
1662 2708 1777 2767 ligno
1818 2708 1999 2750 scientiae

160 2771 265 2813 boni
292 2782 332 2812 et
361 2770 459 2811 mali
484 2770 757 2822 comedisset,
792 2786 933 2810 nonne
965 2770 1105 2811 statim
1132 2772 1212 2812 hoc
1240 2771 1379 2829 primo
1408 2784 1620 2830 przecepto
1655 2774 1742 2829 ejus
1775 2773 1999 2815 adstrinxit

159 2835 419 2878 libertatem?
447 2835 600 2876 Nonne
627 2834 824 2891 deinceps
847 2850 944 2875 cum
964 2850 1040 2892 per
1066 2835 1400 2877 inobedientiam
1424 2852 1466 2878 se
1492 2853 1610 2878 reum
1633 2836 1851 2888 effecisset,
1877 2837 1996 2895 plura

159 2911 363 2958 praecepta
378 2915 452 2957 per
466 2899 644 2956 Moysen
667 2898 887 2954 adjunxit?
905 2900 958 2939 Et
979 2899 1077 2940 licet
1098 2899 1233 2957 ipsum
1254 2901 1497 2958 reliquisset
1513 2908 1557 2942 in
1577 2919 1702 2943 manu
1721 2902 1892 2944 consilii
1909 2907 1991 2951 sui,

159 2975 205 3006 ut
234 2965 342 3006 bene
374 2979 447 3004 seu
482 2963 589 3003 male
613 2964 762 3003 mereri
794 2974 947 3020 posset,
988 2964 1259 3006 nihilominus
1284 2965 1438 3020 adjecit
1466 2967 1684 3021 mandata,
1706 2977 1746 3008 et
1762 2975 1990 3024 praecepta,

161 3035 260 3069 atsi
284 3028 462 3070 voluerit
479 3043 664 3080 servare,
689 3037 1001 3068 conservassent
1027 3028 1154 3070 eum2.

208 3162 239 3193 1.
267 3158 504 3192 Commentar.
536 3157 572 3190 in
603 3168 677 3202 cap.
711 3168 722 3189 1
762 3156 873 3201 Epist.
913 3157 955 3191 ad
989 3157 1103 3195 Galat.
1140 3171 1236 3194 nuni.
1273 3163 1313 3203 6,
1354 3169 1436 3195 tom.
1474 3162 1508 3205 Ι,
1551 3174 1647 3209 oper.
1696 3160 1779 3194 edit.
1819 3160 1988 3206 Maurin.,

160 3218 238 3252 pag.
270 3207 350 3241 668.

206 3256 242 3288 2.
269 3251 487 3286 Ecclesiastic.
512 3263 588 3296 cap.
612 3264 668 3292 xv,
691 3263 778 3287 verS.
803 3254 843 3287 15
861 3260 891 3285 et
912 3254 965 3287 16.
