2135 3442
133 174 210 209 3ยน0
744 171 1061 208 ALLOCUTION
1089 171 1155 206 DE
1182 171 1262 206 PIE
1290 171 1360 208 IX.

192 260 387 316 Denique
411 260 611 303 certiores
632 276 706 302 vos
735 260 923 312 facimus,
949 259 1124 300 Nostras
1143 259 1231 314 jam
1254 258 1506 299 convertisse
1534 273 1653 299 curas
1677 258 1730 299 ad
1753 260 1967 302 catholicae

128 324 345 382 religionis
361 341 426 367 res
446 326 489 366 in
510 325 739 384 longinqua
761 325 933 382 regione
957 322 1291 380 componendas,
1310 337 1357 363 ac
1376 322 1463 363 Nos
1482 338 1636 380 magna
1656 338 1727 380 spe
1752 327 1966 367 sustentari

131 388 237 439 fore,
268 400 315 430 ut
337 391 562 432 conventio
588 391 717 448 possit
738 388 849 438 iniri,
875 403 971 445 quae
993 389 1113 444 juxta
1135 388 1303 436 Nostra,
1329 398 1369 428 et
1388 398 1522 428 vestra
1544 387 1754 428 desideria
1771 387 1969 431 Ecclesiae

127 454 306 510 juribus,
337 454 587 509 rationibus,
612 470 660 496 ac
679 452 947 512 prosperitati
969 451 1238 509 respondeat.
1267 454 1329 492 Ac
1351 451 1416 493 vel
1441 452 1621 492 maxime
1645 463 1899 509 optaremus,
1925 465 1971 495 ut

130 518 376 574 hujusmodi
396 520 635 577 exemplum
658 533 802 560 omnes
823 532 968 558 earum
995 515 1231 557 dissitarum
1255 516 1439 574 partium
1463 518 1667 574 regiones,
1693 533 1871 573 quarum
1890 533 1970 575 po-

128 583 252 641 pulos
270 585 484 642 praecipuo
512 583 693 624 caritatis
713 581 867 623 affectu
893 582 937 621 in
960 581 1145 622 Domino
1168 582 1481 638 prosequimur,
1503 582 1657 622 imitari
1676 593 1968 639 properarent,

130 664 214 705 quo
231 650 396 707 penitus
414 659 699 690 averterentur
715 646 914 705 plurima,
935 656 977 687 et
996 645 1179 686 maxima
1201 646 1370 698 damna,
1399 647 1549 702 quibus
1570 647 1613 687 in
1637 646 1850 688 nonnullis
1869 662 1970 704 prae-

129 714 270 755 sertim
291 713 538 755 earumdem
561 714 744 771 partium
767 711 1008 770 regionibus
1031 710 1301 752 immaculata
1322 711 1476 752 Christi
1501 712 1662 768 Sponsa
1691 726 1786 753 cum
1808 727 1973 752 summo

131 779 261 819 animi
283 779 424 820 Nostri
455 779 604 820 dolore
629 778 841 834 affligitur,
871 791 917 817 ac
948 775 1184 816 divexatur.
1210 778 1349 832 Atque
1373 775 1442 818 hic
1465 776 1578 817 haud
1610 791 1845 833 possumus,
1872 775 1974 833 quin

130 841 208 884 illis
229 843 552 884 venerabilibus
579 843 793 884 Fratribus
809 841 1085 883 vehementer
1113 841 1389 897 gratulemur,
1413 842 1554 898 eisque
1579 842 1764 893 meritas,
1786 841 1973 882 debitas-

129 922 211 964 que
234 907 469 949 tribuamus
489 906 649 957 laudes,
678 906 749 964 qui
780 907 823 947 in
849 905 1080 947 tristissima
1100 904 1199 946 licet
1219 905 1463 946 conditione
1489 905 1547 946 ibi
1573 904 1805 956 constituti,
1832 916 1974 946 tamen

128 971 245 1013 haud
273 972 474 1013 omittunt
507 972 735 1029 episcopali
768 986 917 1012 eorum
941 969 1054 1019 zelo,
1089 980 1129 1010 et
1161 968 1357 1010 firmitate
1387 971 1579 1011 Ecclesiae
1609 985 1779 1010 causam
1807 981 1974 1010 strenue

130 1037 252 1086 tueri,
277 1038 448 1093 ejusque
475 1038 569 1092 jura
595 1035 808 1094 impavide
836 1034 1082 1085 defendere,
1117 1049 1165 1075 ac
1196 1033 1447 1076 dilectarum
1477 1035 1619 1077 ovium
1652 1033 1774 1076 saluti
1803 1034 1976 1075 sollicite

130 1116 385 1158 prospicere.

189 1166 291 1206 Haec
308 1165 720 1217 erantNenerabiles
743 1167 926 1215 Fratres,
951 1179 1042 1221 quae
1072 1164 1193 1204 vobis
1216 1163 1426 1205 hodierno
1449 1163 1516 1206 die
1538 1162 1810 1221 significanda
1832 1163 1976 1203 existi-

130 1229 349 1271 mavimus.
372 1230 596 1287 Reliquum
617 1242 692 1280 est,
715 1242 761 1272 ut
783 1245 1017 1287 numquam
1038 1229 1277 1270 desinamus
1300 1229 1407 1281 dies,
1430 1240 1657 1286 noctesque
1674 1229 1718 1269 in
1737 1226 1975 1270 humilitate

131 1294 268 1336 cordis
286 1295 446 1346 Nostri,
472 1307 512 1336 et
534 1297 576 1337 in
598 1297 837 1337 sinceritate
859 1294 974 1346 fidei,
1001 1293 1200 1335 firmitate
1219 1294 1324 1351 spei,
1353 1305 1394 1335 et
1415 1294 1598 1336 caritatis
1617 1294 1769 1335 ardore
1793 1291 1978 1334 assiduas

130 1359 454 1401 clementissimo
489 1361 874 1402 misericordiarum
911 1361 1028 1400 Patri
1058 1359 1261 1400 adhibere
1297 1375 1441 1416 preces
1457 1392 1467 1408 ,
1507 1370 1550 1400 ut
1587 1358 1869 1417 omnipotenti
1907 1371 1978 1397 sua

135 1423 322 1476 dextera,
339 1441 433 1482 quae
456 1427 562 1467 mari
585 1437 625 1467 et
643 1427 777 1467 ventis
799 1427 998 1483 imperat,
1017 1424 1249 1466 Ecclesiam
1268 1440 1385 1465 suam
1409 1434 1598 1465 sanctam
1622 1440 1646 1465 a
1662 1423 1806 1475 tantis,
1827 1420 1980 1479 quibus

130 1488 328 1543 jactatur,
363 1490 559 1547 procellis
587 1490 751 1548 eripiat,
777 1505 953 1547 eamque
985 1505 1009 1529 a
1039 1489 1138 1530 solis
1170 1500 1264 1530 ortu
1297 1504 1427 1547 usque
1458 1489 1512 1531 ad
1535 1504 1732 1531 oceasum
1763 1487 1897 1539 novis,
1932 1500 1980 1526 ac

135 1552 495 1610 splendidioribus
513 1555 738 1612 triumphis
761 1565 952 1605 exornet,
979 1564 1019 1595 et
1041 1565 1207 1612 augeat.
