<?xml version="1.0" encoding="UTF-8"?>
<!DOCTYPE html PUBLIC "-//W3C//DTD XHTML 1.0 Transitional//EN"
    "http://www.w3.org/TR/xhtml1/DTD/xhtml1-transitional.dtd">
<html xmlns="http://www.w3.org/1999/xhtml" xml:lang="en" lang="en">
 <head>
  <title>
</title>
<meta http-equiv="Content-Type" content="text/html;charset=utf-8" />
  <meta name='ocr-system' content='tesseract 3.04.00' />
  <meta name='ocr-capabilities' content='ocr_page ocr_carea ocr_par ocr_line ocrx_word'/>
</head>
<body>
  <div class='ocr_page' id='page_1' title='image "./recueildesallocu00cath_0182.png"; bbox 0 0 2135 3442; ppageno 0'>
   <div class='ocr_carea' id='block_1_1' title="bbox 190 153 1622 209">
    <p class='ocr_par' dir='ltr' id='par_1_1' title="bbox 190 153 1622 209">
     <span class='ocr_line' id='line_1_1' title="bbox 190 153 1622 209; baseline -0.002 -7"><span class='ocrx_word' id='word_1_1' title='bbox 190 167 265 203; x_wconf 75' lang='lat'>170</span> <span class='ocrx_word' id='word_1_2' title='bbox 585 162 772 198; x_wconf 88' lang='lat' dir='ltr'>LETTRE</span> <span class='ocrx_word' id='word_1_3' title='bbox 801 162 1114 209; x_wconf 87' lang='lat' dir='ltr'>ENCYCLIQUE</span> <span class='ocrx_word' id='word_1_4' title='bbox 1141 163 1209 199; x_wconf 92' lang='lat' dir='ltr'>DE</span> <span class='ocrx_word' id='word_1_5' title='bbox 1238 153 1492 200; x_wconf 74' lang='lat' dir='ltr'>GREGOIRE</span> <span class='ocrx_word' id='word_1_6' title='bbox 1519 163 1622 199; x_wconf 91' lang='lat' dir='ltr'><strong>XVI.</strong></span> 
     </span>
    </p>
   </div>
   <div class='ocr_carea' id='block_1_2' title="bbox 179 247 2025 1341">
    <p class='ocr_par' dir='ltr' id='par_1_2' title="bbox 188 247 2025 632">
     <span class='ocr_line' id='line_1_2' title="bbox 190 247 2025 308; baseline 0.002 -18"><span class='ocrx_word' id='word_1_7' title='bbox 190 251 359 291; x_wconf 81' lang='lat' dir='ltr'>causam</span> <span class='ocrx_word' id='word_1_8' title='bbox 381 264 471 291; x_wconf 90' lang='lat' dir='ltr'>esse</span> <span class='ocrx_word' id='word_1_9' title='bbox 489 247 645 290; x_wconf 90' lang='lat' dir='ltr'>debere</span> <span class='ocrx_word' id='word_1_10' title='bbox 675 264 803 306; x_wconf 88' lang='lat' dir='ltr'>quam</span> <span class='ocrx_word' id='word_1_11' title='bbox 826 248 964 307; x_wconf 84' lang='lat' dir='ltr'>regni,</span> <span class='ocrx_word' id='word_1_12' title='bbox 994 264 1282 308; x_wconf 84' lang='lat' dir='ltr'>magnumque</span> <span class='ocrx_word' id='word_1_13' title='bbox 1316 247 1394 290; x_wconf 86' lang='lat' dir='ltr'>sibi</span> <span class='ocrx_word' id='word_1_14' title='bbox 1421 263 1510 290; x_wconf 89' lang='lat' dir='ltr'>esse</span> <span class='ocrx_word' id='word_1_15' title='bbox 1531 248 1809 306; x_wconf 86' lang='lat' dir='ltr'><strong>perpendant,</strong></span> <span class='ocrx_word' id='word_1_16' title='bbox 1845 249 2025 294; x_wconf 88' lang='lat' dir='ltr'><strong>dicimus</strong></span> 
     </span>
     <span class='ocr_line' id='line_1_3' title="bbox 190 313 2025 372; baseline 0.002 -17"><span class='ocrx_word' id='word_1_17' title='bbox 190 330 287 355; x_wconf 88' lang='lat' dir='ltr'>cum</span> <span class='ocrx_word' id='word_1_18' title='bbox 306 314 348 355; x_wconf 91' lang='lat' dir='ltr'>S.</span> <span class='ocrx_word' id='word_1_19' title='bbox 371 315 514 355; x_wconf 85' lang='lat' dir='ltr'>Leone</span> <span class='ocrx_word' id='word_1_20' title='bbox 541 313 763 368; x_wconf 89' lang='lat' dir='ltr'>Pontifice,</span> <span class='ocrx_word' id='word_1_21' title='bbox 791 320 830 354; x_wconf 79' lang='lat' dir='ltr'>si</span> <span class='ocrx_word' id='word_1_22' title='bbox 862 320 1046 371; x_wconf 73' lang='lat' dir='ltr'>ipsorum</span> <span class='ocrx_word' id='word_1_23' title='bbox 1073 314 1308 355; x_wconf 78' lang='lat' dir='ltr'>diademati</span> <span class='ocrx_word' id='word_1_24' title='bbox 1329 314 1380 355; x_wconf 83' lang='lat' dir='ltr'>de</span> <span class='ocrx_word' id='word_1_25' title='bbox 1400 329 1527 354; x_wconf 78' lang='lat' dir='ltr'>manu</span> <span class='ocrx_word' id='word_1_26' title='bbox 1546 314 1735 364; x_wconf 84' lang='lat' dir='ltr'><em>Domini,</em></span> <span class='ocrx_word' id='word_1_27' title='bbox 1760 320 1885 356; x_wconf 83' lang='lat' dir='ltr'>etiam</span> <span class='ocrx_word' id='word_1_28' title='bbox 1919 316 2025 372; x_wconf 82' lang='lat' dir='ltr'>fidei</span> 
     </span>
     <span class='ocr_line' id='line_1_4' title="bbox 190 377 2024 436; baseline 0.002 -16"><span class='ocrx_word' id='word_1_29' title='bbox 190 379 378 420; x_wconf 77' lang='lat' dir='ltr'>addatur</span> <span class='ocrx_word' id='word_1_30' title='bbox 397 395 573 420; x_wconf 81' lang='lat' dir='ltr'>corona.</span> <span class='ocrx_word' id='word_1_31' title='bbox 593 379 724 420; x_wconf 89' lang='lat' dir='ltr'>Positi</span> <span class='ocrx_word' id='word_1_32' title='bbox 744 377 863 435; x_wconf 84' lang='lat' dir='ltr'>quasi</span> <span class='ocrx_word' id='word_1_33' title='bbox 886 389 1082 436; x_wconf 84' lang='lat' dir='ltr'>parentes</span> <span class='ocrx_word' id='word_1_34' title='bbox 1100 390 1142 420; x_wconf 88' lang='lat' dir='ltr'>et</span> <span class='ocrx_word' id='word_1_35' title='bbox 1163 389 1324 420; x_wconf 90' lang='lat' dir='ltr'>tutores</span> <span class='ocrx_word' id='word_1_36' title='bbox 1343 378 1617 436; x_wconf 88' lang='lat' dir='ltr'>populorum,</span> <span class='ocrx_word' id='word_1_37' title='bbox 1643 394 1803 430; x_wconf 87' lang='lat' dir='ltr'>veram,</span> <span class='ocrx_word' id='word_1_38' title='bbox 1828 391 2024 422; x_wconf 89' lang='lat' dir='ltr'>constan-</span> 
     </span>
     <span class='ocr_line' id='line_1_5' title="bbox 188 442 2023 502; baseline 0.001 -18"><span class='ocrx_word' id='word_1_39' title='bbox 188 455 290 496; x_wconf 85' lang='lat' dir='ltr'>tem,</span> <span class='ocrx_word' id='word_1_40' title='bbox 311 443 554 502; x_wconf 88' lang='lat' dir='ltr'>opulentam</span> <span class='ocrx_word' id='word_1_41' title='bbox 583 444 633 485; x_wconf 90' lang='lat' dir='ltr'>iis</span> <span class='ocrx_word' id='word_1_42' title='bbox 657 444 840 500; x_wconf 85' lang='lat' dir='ltr'>quietem</span> <span class='ocrx_word' id='word_1_43' title='bbox 865 444 1046 500; x_wconf 89' lang='lat' dir='ltr'>parient,</span> <span class='ocrx_word' id='word_1_44' title='bbox 1069 453 1112 484; x_wconf 90' lang='lat' dir='ltr'>et</span> <span class='ocrx_word' id='word_1_45' title='bbox 1131 443 1497 500; x_wconf 73' lang='lat' dir='ltr'>tranquillitatem,</span> <span class='ocrx_word' id='word_1_46' title='bbox 1525 442 1618 484; x_wconf 89' lang='lat' dir='ltr'>siin</span> <span class='ocrx_word' id='word_1_47' title='bbox 1643 458 1736 483; x_wconf 89' lang='lat' dir='ltr'>eam</span> <span class='ocrx_word' id='word_1_48' title='bbox 1758 442 2023 500; x_wconf 89' lang='lat' dir='ltr'>potissimum</span> 
     </span>
     <span class='ocr_line' id='line_1_6' title="bbox 188 506 2024 566; baseline 0 -15"><span class='ocrx_word' id='word_1_49' title='bbox 188 524 333 551; x_wconf 86' lang='lat' dir='ltr'>curam</span> <span class='ocrx_word' id='word_1_50' title='bbox 358 507 628 559; x_wconf 83' lang='lat' dir='ltr'>incumbant,</span> <span class='ocrx_word' id='word_1_51' title='bbox 665 518 712 549; x_wconf 91' lang='lat' dir='ltr'>ut</span> <span class='ocrx_word' id='word_1_52' title='bbox 732 506 955 549; x_wconf 89' lang='lat' dir='ltr'>incolumis</span> <span class='ocrx_word' id='word_1_53' title='bbox 974 507 1027 549; x_wconf 92' lang='lat' dir='ltr'>sit</span> <span class='ocrx_word' id='word_1_54' title='bbox 1046 506 1194 565; x_wconf 87' lang='lat' dir='ltr'>religio</span> <span class='ocrx_word' id='word_1_55' title='bbox 1219 519 1261 549; x_wconf 88' lang='lat' dir='ltr'>et</span> <span class='ocrx_word' id='word_1_56' title='bbox 1286 507 1420 566; x_wconf 88' lang='lat' dir='ltr'>pietas</span> <span class='ocrx_word' id='word_1_57' title='bbox 1442 509 1486 549; x_wconf 94' lang='lat' dir='ltr'>in</span> <span class='ocrx_word' id='word_1_58' title='bbox 1507 509 1663 558; x_wconf 87' lang='lat' dir='ltr'>Deum,</span> <span class='ocrx_word' id='word_1_59' title='bbox 1685 509 1757 564; x_wconf 90' lang='lat' dir='ltr'>qui</span> <span class='ocrx_word' id='word_1_60' title='bbox 1776 508 1907 550; x_wconf 89' lang='lat' dir='ltr'>habet</span> <span class='ocrx_word' id='word_1_61' title='bbox 1924 509 2024 551; x_wconf 82' lang='lat' dir='ltr'>scri-</span> 
     </span>
     <span class='ocr_line' id='line_1_7' title="bbox 188 573 1490 632; baseline -0.002 -16"><span class='ocrx_word' id='word_1_62' title='bbox 188 585 309 632; x_wconf 89' lang='lat' dir='ltr'>ptum</span> <span class='ocrx_word' id='word_1_63' title='bbox 325 573 368 615; x_wconf 90' lang='lat' dir='ltr'>in</span> <span class='ocrx_word' id='word_1_64' title='bbox 389 573 550 616; x_wconf 80' lang='lat' dir='ltr'>femore</span> <span class='ocrx_word' id='word_1_65' title='bbox 568 590 577 615; x_wconf 79' lang='lat' dir='ltr'><strong><em>z</em></strong></span> <span class='ocrx_word' id='word_1_66' title='bbox 600 575 692 614; x_wconf 71' lang='lat' dir='ltr'>Rex</span> <span class='ocrx_word' id='word_1_67' title='bbox 709 589 870 630; x_wconf 78' lang='lat' dir='ltr'>regum,</span> <span class='ocrx_word' id='word_1_68' title='bbox 892 582 933 614; x_wconf 84' lang='lat' dir='ltr'>et</span> <span class='ocrx_word' id='word_1_69' title='bbox 942 573 1147 613; x_wconf 74' lang='lat' dir='ltr'>Dominus</span> <span class='ocrx_word' id='word_1_70' title='bbox 1167 573 1490 614; x_wconf 79' lang='lat' dir='ltr'>dominantium.</span> 
     </span>
    </p>

    <p class='ocr_par' dir='ltr' id='par_1_3' title="bbox 179 635 2024 1341">
     <span class='ocr_line' id='line_1_8' title="bbox 247 635 2024 696; baseline -0.001 -15"><span class='ocrx_word' id='word_1_71' title='bbox 247 639 328 681; x_wconf 85' lang='lat' dir='ltr'>Sed</span> <span class='ocrx_word' id='word_1_72' title='bbox 347 650 394 680; x_wconf 90' lang='lat' dir='ltr'>ut</span> <span class='ocrx_word' id='word_1_73' title='bbox 418 640 561 680; x_wconf 88' lang='lat' dir='ltr'>omnia</span> <span class='ocrx_word' id='word_1_74' title='bbox 583 640 672 680; x_wconf 77' lang='lat' dir='ltr'>haec</span> <span class='ocrx_word' id='word_1_75' title='bbox 693 654 898 696; x_wconf 78' lang='lat' dir='ltr'>prospere</span> <span class='ocrx_word' id='word_1_76' title='bbox 918 653 966 679; x_wconf 91' lang='lat' dir='ltr'>ac</span> <span class='ocrx_word' id='word_1_77' title='bbox 986 636 1162 679; x_wconf 86' lang='lat' dir='ltr'>feliciter</span> <span class='ocrx_word' id='word_1_78' title='bbox 1179 638 1392 689; x_wconf 88' lang='lat' dir='ltr'>eveniant,</span> <span class='ocrx_word' id='word_1_79' title='bbox 1420 639 1608 679; x_wconf 89' lang='lat' dir='ltr'>levemus</span> <span class='ocrx_word' id='word_1_80' title='bbox 1630 635 1772 678; x_wconf 87' lang='lat' dir='ltr'>oculos</span> <span class='ocrx_word' id='word_1_81' title='bbox 1788 651 2024 694; x_wconf 82' lang='lat' dir='ltr'>manusque</span> 
     </span>
     <span class='ocr_line' id='line_1_9' title="bbox 186 699 2020 760; baseline -0.002 -14"><span class='ocrx_word' id='word_1_82' title='bbox 186 704 240 746; x_wconf 88' lang='lat' dir='ltr'>ad</span> <span class='ocrx_word' id='word_1_83' title='bbox 269 703 576 745; x_wconf 84' lang='lat' dir='ltr'>sanctissimam</span> <span class='ocrx_word' id='word_1_84' title='bbox 604 702 827 760; x_wconf 82' lang='lat' dir='ltr'>Virginem</span> <span class='ocrx_word' id='word_1_85' title='bbox 865 701 1062 752; x_wconf 84' lang='lat' dir='ltr'>Mariam,</span> <span class='ocrx_word' id='word_1_86' title='bbox 1092 718 1184 759; x_wconf 88' lang='lat' dir='ltr'>quae</span> <span class='ocrx_word' id='word_1_87' title='bbox 1217 702 1306 744; x_wconf 89' lang='lat' dir='ltr'>sola</span> <span class='ocrx_word' id='word_1_88' title='bbox 1332 703 1550 744; x_wconf 82' lang='lat' dir='ltr'>universas</span> <span class='ocrx_word' id='word_1_89' title='bbox 1577 702 1758 742; x_wconf 83' lang='lat' dir='ltr'>haereses</span> <span class='ocrx_word' id='word_1_90' title='bbox 1790 699 2020 755; x_wconf 83' lang='lat' dir='ltr'>interemit,</span> 
     </span>
     <span class='ocr_line' id='line_1_10' title="bbox 185 765 2021 825; baseline -0.002 -15"><span class='ocrx_word' id='word_1_91' title='bbox 185 780 414 825; x_wconf 89' lang='lat' dir='ltr'>nostraque</span> <span class='ocrx_word' id='word_1_92' title='bbox 435 768 619 809; x_wconf 84' lang='lat' dir='ltr'>maxima</span> <span class='ocrx_word' id='word_1_93' title='bbox 644 766 809 816; x_wconf 87' lang='lat' dir='ltr'>fiducia,</span> <span class='ocrx_word' id='word_1_94' title='bbox 837 767 923 807; x_wconf 88' lang='lat' dir='ltr'>imo</span> <span class='ocrx_word' id='word_1_95' title='bbox 955 777 1045 807; x_wconf 87' lang='lat' dir='ltr'>tota</span> <span class='ocrx_word' id='word_1_96' title='bbox 1073 765 1181 807; x_wconf 87' lang='lat' dir='ltr'>ratio</span> <span class='ocrx_word' id='word_1_97' title='bbox 1215 779 1277 808; x_wconf 88' lang='lat' dir='ltr'>est</span> <span class='ocrx_word' id='word_1_98' title='bbox 1300 766 1387 824; x_wconf 90' lang='lat' dir='ltr'>spei</span> <span class='ocrx_word' id='word_1_99' title='bbox 1409 777 1561 807; x_wconf 83' lang='lat' dir='ltr'>nostrae</span> <span class='ocrx_word' id='word_1_100' title='bbox 1578 765 1610 808; x_wconf 91' lang='lat'>¹.</span> <span class='ocrx_word' id='word_1_101' title='bbox 1643 766 1728 807; x_wconf 86' lang='lat' dir='ltr'>Suo</span> <span class='ocrx_word' id='word_1_102' title='bbox 1752 765 1843 822; x_wconf 90' lang='lat' dir='ltr'>ipsa</span> <span class='ocrx_word' id='word_1_103' title='bbox 1873 775 2021 823; x_wconf 86' lang='lat' dir='ltr'>patro-</span> 
     </span>
     <span class='ocr_line' id='line_1_11' title="bbox 185 829 2021 889; baseline -0.002 -14"><span class='ocrx_word' id='word_1_104' title='bbox 185 833 312 883; x_wconf 89' lang='lat' dir='ltr'>cinio,</span> <span class='ocrx_word' id='word_1_105' title='bbox 351 833 395 874; x_wconf 90' lang='lat' dir='ltr'>in</span> <span class='ocrx_word' id='word_1_106' title='bbox 434 843 549 874; x_wconf 84' lang='lat' dir='ltr'>tanta</span> <span class='ocrx_word' id='word_1_107' title='bbox 576 830 790 873; x_wconf 84' lang='lat' dir='ltr'>Dominici</span> <span class='ocrx_word' id='word_1_108' title='bbox 813 830 951 889; x_wconf 80' lang='lat' dir='ltr'>gregis</span> <span class='ocrx_word' id='word_1_109' title='bbox 975 832 1235 882; x_wconf 84' lang='lat' dir='ltr'>necessitate,</span> <span class='ocrx_word' id='word_1_110' title='bbox 1268 830 1428 882; x_wconf 86' lang='lat' dir='ltr'>studiis,</span> <span class='ocrx_word' id='word_1_111' title='bbox 1464 830 1662 882; x_wconf 87' lang='lat' dir='ltr'>consiliis,</span> <span class='ocrx_word' id='word_1_112' title='bbox 1699 829 2021 886; x_wconf 85' lang='lat' dir='ltr'>actionibusque</span> 
     </span>
     <span class='ocr_line' id='line_1_12' title="bbox 183 895 2019 953; baseline -0.004 -12"><span class='ocrx_word' id='word_1_113' title='bbox 183 898 338 941; x_wconf 86' lang='lat' dir='ltr'>nostris</span> <span class='ocrx_word' id='word_1_114' title='bbox 360 897 493 939; x_wconf 83' lang='lat' dir='ltr'>exitus</span> <span class='ocrx_word' id='word_1_115' title='bbox 513 895 838 938; x_wconf 84' lang='lat' dir='ltr'>secundissimos</span> <span class='ocrx_word' id='word_1_116' title='bbox 861 895 1076 953; x_wconf 87' lang='lat' dir='ltr'>imploret.</span> <span class='ocrx_word' id='word_1_117' title='bbox 1102 896 1150 937; x_wconf 86' lang='lat' dir='ltr'>Id</span> <span class='ocrx_word' id='word_1_118' title='bbox 1177 906 1218 936; x_wconf 93' lang='lat' dir='ltr'>et</span> <span class='ocrx_word' id='word_1_119' title='bbox 1239 896 1291 936; x_wconf 89' lang='lat' dir='ltr'>ab</span> <span class='ocrx_word' id='word_1_120' title='bbox 1327 896 1634 953; x_wconf 87' lang='lat' dir='ltr'>Apostolorum</span> <span class='ocrx_word' id='word_1_121' title='bbox 1659 895 1851 952; x_wconf 82' lang='lat' dir='ltr'>Principe</span> <span class='ocrx_word' id='word_1_122' title='bbox 1873 895 2019 945; x_wconf 87' lang='lat' dir='ltr'>Petro,</span> 
     </span>
     <span class='ocr_line' id='line_1_13' title="bbox 184 959 2021 1020; baseline -0.003 -15"><span class='ocrx_word' id='word_1_123' title='bbox 184 975 225 1005; x_wconf 89' lang='lat' dir='ltr'>et</span> <span class='ocrx_word' id='word_1_124' title='bbox 244 964 296 1004; x_wconf 92' lang='lat' dir='ltr'>ab</span> <span class='ocrx_word' id='word_1_125' title='bbox 316 964 403 1020; x_wconf 86' lang='lat' dir='ltr'>ejus</span> <span class='ocrx_word' id='word_1_126' title='bbox 436 961 680 1019; x_wconf 84' lang='lat' dir='ltr'>coapostolo</span> <span class='ocrx_word' id='word_1_127' title='bbox 707 960 840 1002; x_wconf 87' lang='lat' dir='ltr'>Paulo</span> <span class='ocrx_word' id='word_1_128' title='bbox 866 960 1017 1001; x_wconf 83' lang='lat' dir='ltr'>humili</span> <span class='ocrx_word' id='word_1_129' title='bbox 1056 976 1181 1018; x_wconf 90' lang='lat' dir='ltr'>prece</span> <span class='ocrx_word' id='word_1_130' title='bbox 1211 959 1503 1018; x_wconf 73' lang='lat' dir='ltr'>efflagitemus,</span> <span class='ocrx_word' id='word_1_131' title='bbox 1538 972 1586 1002; x_wconf 87' lang='lat' dir='ltr'>ut</span> <span class='ocrx_word' id='word_1_132' title='bbox 1615 961 1733 1002; x_wconf 84' lang='lat' dir='ltr'>stetis</span> <span class='ocrx_word' id='word_1_133' title='bbox 1763 975 1910 1001; x_wconf 85' lang='lat' dir='ltr'>omnes</span> <span class='ocrx_word' id='word_1_134' title='bbox 1942 973 2021 1017; x_wconf 90' lang='lat' dir='ltr'>pro</span> 
     </span>
     <span class='ocr_line' id='line_1_14' title="bbox 183 1024 2023 1084; baseline -0.002 -15"><span class='ocrx_word' id='word_1_135' title='bbox 183 1044 328 1081; x_wconf 88' lang='lat' dir='ltr'>muro,</span> <span class='ocrx_word' id='word_1_136' title='bbox 363 1044 415 1068; x_wconf 89' lang='lat' dir='ltr'>ne</span> <span class='ocrx_word' id='word_1_137' title='bbox 444 1026 771 1068; x_wconf 86' lang='lat' dir='ltr'>fundamentum</span> <span class='ocrx_word' id='word_1_138' title='bbox 797 1024 912 1066; x_wconf 86' lang='lat' dir='ltr'>aliud</span> <span class='ocrx_word' id='word_1_139' title='bbox 938 1036 1124 1082; x_wconf 89' lang='lat' dir='ltr'>ponatur</span> <span class='ocrx_word' id='word_1_140' title='bbox 1154 1037 1309 1083; x_wconf 59' lang='lat' dir='ltr'>praeter</span> <span class='ocrx_word' id='word_1_141' title='bbox 1331 1025 1375 1067; x_wconf 90' lang='lat' dir='ltr'>id</span> <span class='ocrx_word' id='word_1_142' title='bbox 1399 1025 1515 1083; x_wconf 88' lang='lat' dir='ltr'>quod</span> <span class='ocrx_word' id='word_1_143' title='bbox 1539 1027 1724 1084; x_wconf 90' lang='lat' dir='ltr'>positum</span> <span class='ocrx_word' id='word_1_144' title='bbox 1745 1036 1818 1066; x_wconf 82' lang='lat' dir='ltr'>est.</span> <span class='ocrx_word' id='word_1_145' title='bbox 1845 1026 1936 1065; x_wconf 87' lang='lat' dir='ltr'>Hac</span> <span class='ocrx_word' id='word_1_146' title='bbox 1954 1025 2023 1080; x_wconf 91' lang='lat' dir='ltr'>ju-</span> 
     </span>
     <span class='ocr_line' id='line_1_15' title="bbox 181 1089 2022 1150; baseline -0.003 -16"><span class='ocrx_word' id='word_1_147' title='bbox 181 1091 320 1134; x_wconf 81' lang='lat' dir='ltr'>cunda</span> <span class='ocrx_word' id='word_1_148' title='bbox 347 1107 419 1150; x_wconf 84' lang='lat' dir='ltr'>spe</span> <span class='ocrx_word' id='word_1_149' title='bbox 451 1089 569 1141; x_wconf 84' lang='lat' dir='ltr'>freti,</span> <span class='ocrx_word' id='word_1_150' title='bbox 600 1089 856 1131; x_wconf 85' lang='lat' dir='ltr'>confidimus</span> <span class='ocrx_word' id='word_1_151' title='bbox 878 1100 1095 1130; x_wconf 82' lang='lat' dir='ltr'>auctorem</span> <span class='ocrx_word' id='word_1_152' title='bbox 1128 1101 1599 1147; x_wconf 83' lang='lat' dir='ltr'>consummatoremque</span> <span class='ocrx_word' id='word_1_153' title='bbox 1619 1089 1716 1131; x_wconf 84' lang='lat' dir='ltr'>fidei</span> <span class='ocrx_word' id='word_1_154' title='bbox 1736 1091 1878 1131; x_wconf 71' lang='lat' dir='ltr'>,Iesum</span> <span class='ocrx_word' id='word_1_155' title='bbox 1895 1089 2022 1130; x_wconf 85' lang='lat' dir='ltr'>Chri-</span> 
     </span>
     <span class='ocr_line' id='line_1_16' title="bbox 181 1154 2024 1212; baseline -0.003 -13"><span class='ocrx_word' id='word_1_156' title='bbox 181 1169 291 1199; x_wconf 84' lang='lat' dir='ltr'>stum</span> <span class='ocrx_word' id='word_1_157' title='bbox 313 1156 627 1199; x_wconf 81' lang='lat' dir='ltr'>consolaturum</span> <span class='ocrx_word' id='word_1_158' title='bbox 648 1154 821 1196; x_wconf 85' lang='lat' dir='ltr'>tandem</span> <span class='ocrx_word' id='word_1_159' title='bbox 843 1169 929 1195; x_wconf 85' lang='lat' dir='ltr'>esse</span> <span class='ocrx_word' id='word_1_160' title='bbox 950 1170 1028 1195; x_wconf 87' lang='lat' dir='ltr'>nos</span> <span class='ocrx_word' id='word_1_161' title='bbox 1049 1170 1196 1195; x_wconf 82' lang='lat' dir='ltr'>omnes</span> <span class='ocrx_word' id='word_1_162' title='bbox 1215 1155 1259 1195; x_wconf 90' lang='lat' dir='ltr'>in</span> <span class='ocrx_word' id='word_1_163' title='bbox 1283 1155 1643 1205; x_wconf 78' lang='lat' dir='ltr'>tribulationibus,</span> <span class='ocrx_word' id='word_1_164' title='bbox 1657 1171 1750 1212; x_wconf 83' lang='lat' dir='ltr'>quae</span> <span class='ocrx_word' id='word_1_165' title='bbox 1768 1155 2024 1201; x_wconf 59' lang='lat' dir='ltr'>invenerunt</span> 
     </span>
     <span class='ocr_line' id='line_1_17' title="bbox 180 1217 2019 1277; baseline -0.002 -14"><span class='ocrx_word' id='word_1_166' title='bbox 180 1238 259 1263; x_wconf 86' lang='lat' dir='ltr'>nos</span> <span class='ocrx_word' id='word_1_167' title='bbox 286 1220 425 1273; x_wconf 80' lang='lat' dir='ltr'>nimis,</span> <span class='ocrx_word' id='word_1_168' title='bbox 459 1220 721 1277; x_wconf 81' lang='lat' dir='ltr'>coelestisque</span> <span class='ocrx_word' id='word_1_169' title='bbox 755 1218 897 1260; x_wconf 82' lang='lat' dir='ltr'>auxilii</span> <span class='ocrx_word' id='word_1_170' title='bbox 930 1217 1146 1277; x_wconf 88' lang='lat' dir='ltr'>auspicem</span> <span class='ocrx_word' id='word_1_171' title='bbox 1179 1219 1468 1276; x_wconf 81' lang='lat' dir='ltr'>Apostolicam</span> <span class='ocrx_word' id='word_1_172' title='bbox 1499 1218 1858 1273; x_wconf 81' lang='lat' dir='ltr'>benedictionem,</span> <span class='ocrx_word' id='word_1_173' title='bbox 1881 1217 2019 1268; x_wconf 82' lang='lat' dir='ltr'>vobis,</span> 
     </span>
     <span class='ocr_line' id='line_1_18' title="bbox 179 1282 1960 1341; baseline -0.002 -15"><span class='ocrx_word' id='word_1_174' title='bbox 179 1285 452 1328; x_wconf 78' lang='lat' dir='ltr'>Venerabiles</span> <span class='ocrx_word' id='word_1_175' title='bbox 475 1287 655 1335; x_wconf 82' lang='lat' dir='ltr'>Fratres,</span> <span class='ocrx_word' id='word_1_176' title='bbox 677 1294 720 1326; x_wconf 83' lang='lat' dir='ltr'>et</span> <span class='ocrx_word' id='word_1_177' title='bbox 738 1284 887 1326; x_wconf 83' lang='lat' dir='ltr'>ovibus</span> <span class='ocrx_word' id='word_1_178' title='bbox 902 1295 1049 1325; x_wconf 59' lang='lat' dir='ltr'>vestrae</span> <span class='ocrx_word' id='word_1_179' title='bbox 1073 1300 1183 1325; x_wconf 68' lang='lat' dir='ltr'>curce</span> <span class='ocrx_word' id='word_1_180' title='bbox 1205 1283 1367 1325; x_wconf 82' lang='lat' dir='ltr'>traditis</span> <span class='ocrx_word' id='word_1_181' title='bbox 1387 1295 1658 1341; x_wconf 83' lang='lat' dir='ltr'>peramanter</span> <span class='ocrx_word' id='word_1_182' title='bbox 1678 1282 1960 1341; x_wconf 86' lang='lat' dir='ltr'>impertimur.</span> 
     </span>
    </p>
   </div>
   <div class='ocr_carea' id='block_1_3' title="bbox 182 1399 2022 1524">
    <p class='ocr_par' dir='ltr' id='par_1_4' title="bbox 182 1399 2022 1524">
     <span class='ocr_line' id='line_1_19' title="bbox 241 1399 2020 1459; baseline -0.002 -16"><span class='ocrx_word' id='word_1_183' title='bbox 241 1404 397 1444; x_wconf 87' lang='lat' dir='ltr'>Datum</span> <span class='ocrx_word' id='word_1_184' title='bbox 415 1404 561 1443; x_wconf 86' lang='lat' dir='ltr'>Romae</span> <span class='ocrx_word' id='word_1_185' title='bbox 581 1401 693 1459; x_wconf 79' lang='lat' dir='ltr'>apud</span> <span class='ocrx_word' id='word_1_186' title='bbox 714 1403 754 1444; x_wconf 87' lang='lat' dir='ltr'>S.</span> <span class='ocrx_word' id='word_1_187' title='bbox 781 1401 963 1443; x_wconf 84' lang='lat' dir='ltr'>Mariam</span> <span class='ocrx_word' id='word_1_188' title='bbox 982 1403 1209 1457; x_wconf 69' lang='lat' dir='ltr'>Majorem,</span> <span class='ocrx_word' id='word_1_189' title='bbox 1234 1402 1380 1443; x_wconf 87' lang='lat' dir='ltr'>XVIII</span> <span class='ocrx_word' id='word_1_190' title='bbox 1407 1401 1622 1443; x_wconf 87' lang='lat' dir='ltr'>Kalendas</span> <span class='ocrx_word' id='word_1_191' title='bbox 1653 1399 1930 1459; x_wconf 84' lang='lat' dir='ltr'>Septembris,</span> <span class='ocrx_word' id='word_1_192' title='bbox 1951 1399 2020 1441; x_wconf 81' lang='lat' dir='ltr'>die</span> 
     </span>
     <span class='ocr_line' id='line_1_20' title="bbox 182 1463 2022 1524; baseline -0.002 -15"><span class='ocrx_word' id='word_1_193' title='bbox 182 1467 359 1509; x_wconf 88' lang='lat' dir='ltr'>solemni</span> <span class='ocrx_word' id='word_1_194' title='bbox 390 1468 700 1524; x_wconf 70' lang='lat' dir='ltr'>Assumptionis</span> <span class='ocrx_word' id='word_1_195' title='bbox 729 1466 919 1523; x_wconf 85' lang='lat' dir='ltr'>ejusdem</span> <span class='ocrx_word' id='word_1_196' title='bbox 953 1468 1000 1507; x_wconf 87' lang='lat' dir='ltr'>B.</span> <span class='ocrx_word' id='word_1_197' title='bbox 1037 1467 1090 1507; x_wconf 87' lang='lat' dir='ltr'>V.</span> <span class='ocrx_word' id='word_1_198' title='bbox 1120 1467 1284 1518; x_wconf 61' lang='lat' dir='ltr'>Mariae,</span> <span class='ocrx_word' id='word_1_199' title='bbox 1314 1483 1428 1508; x_wconf 86' lang='lat' dir='ltr'>anno</span> <span class='ocrx_word' id='word_1_200' title='bbox 1452 1467 1686 1508; x_wconf 86' lang='lat' dir='ltr'>Dominicae</span> <span class='ocrx_word' id='word_1_201' title='bbox 1715 1463 2022 1507; x_wconf 84' lang='lat' dir='ltr'>Incarnationis</span> 
     </span>
    </p>
   </div>
   <div class='ocr_carea' id='block_1_4' title="bbox 180 1530 1231 1590">
    <p class='ocr_par' dir='ltr' id='par_1_5' title="bbox 180 1530 1231 1590">
     <span class='ocr_line' id='line_1_21' title="bbox 180 1530 1231 1590; baseline -0.001 -16"><span class='ocrx_word' id='word_1_202' title='bbox 180 1534 225 1574; x_wconf 89' lang='lat' dir='ltr'><strong>M</strong></span> <span class='ocrx_word' id='word_1_203' title='bbox 239 1534 379 1574; x_wconf 84' lang='lat' dir='ltr'>DCCC</span> <span class='ocrx_word' id='word_1_204' title='bbox 397 1534 580 1583; x_wconf 76' lang='lat' dir='ltr'>XXXII,</span> <span class='ocrx_word' id='word_1_205' title='bbox 604 1531 871 1590; x_wconf 83' lang='lat' dir='ltr'>pontificatus</span> <span class='ocrx_word' id='word_1_206' title='bbox 892 1530 1029 1573; x_wconf 87' lang='lat' dir='ltr'>nostri</span> <span class='ocrx_word' id='word_1_207' title='bbox 1047 1547 1159 1572; x_wconf 87' lang='lat' dir='ltr'>anno</span> <span class='ocrx_word' id='word_1_208' title='bbox 1176 1534 1193 1573; x_wconf 92' lang='grc' dir='ltr'>Ι</span> <span class='ocrx_word' id='word_1_209' title='bbox 1201 1534 1231 1574; x_wconf 81' lang='grc' dir='ltr'>Ι.</span> 
     </span>
    </p>
   </div>
   <div class='ocr_carea' id='block_1_5' title="bbox 231 1696 1195 1741">
    <p class='ocr_par' dir='ltr' id='par_1_6' title="bbox 231 1696 1195 1741">
     <span class='ocr_line' id='line_1_22' title="bbox 231 1696 1195 1741; baseline -0.003 -9"><span class='ocrx_word' id='word_1_210' title='bbox 231 1702 263 1734; x_wconf 90' lang='lat'>1.</span> <span class='ocrx_word' id='word_1_211' title='bbox 290 1699 342 1732; x_wconf 83' lang='lat' dir='ltr'>Ex</span> <span class='ocrx_word' id='word_1_212' title='bbox 361 1698 396 1733; x_wconf 91' lang='lat' dir='ltr'>S.</span> <span class='ocrx_word' id='word_1_213' title='bbox 419 1696 613 1738; x_wconf 77' lang='lat' dir='ltr'>Bernarclo,</span> <span class='ocrx_word' id='word_1_214' title='bbox 630 1700 731 1731; x_wconf 81' lang='lat' dir='ltr'>Sernz.</span> <span class='ocrx_word' id='word_1_215' title='bbox 753 1696 792 1728; x_wconf 71' lang='lat' dir='ltr'>de</span> <span class='ocrx_word' id='word_1_216' title='bbox 807 1699 891 1730; x_wconf 76' lang='lat' dir='ltr'>Nat.</span> <span class='ocrx_word' id='word_1_217' title='bbox 910 1701 951 1730; x_wconf 84' lang='lat' dir='ltr'>B.</span> <span class='ocrx_word' id='word_1_218' title='bbox 970 1700 1019 1730; x_wconf 75' lang='grc' dir='ltr'>Μ.</span> <span class='ocrx_word' id='word_1_219' title='bbox 1044 1700 1082 1729; x_wconf 70' lang='lat' dir='ltr'>V.</span> <span class='ocrx_word' id='word_1_220' title='bbox 1112 1696 1133 1741; x_wconf 59' lang='lat' dir='ltr'>g</span> <span class='ocrx_word' id='word_1_221' title='bbox 1163 1700 1195 1731; x_wconf 89' lang='lat'>7.</span> 
     </span>
    </p>
   </div>
  </div>
 </body>
</html>
