2135 3442
153 128 203 163 94
864 121 991 156 BREF
1019 120 1085 154 DE
1113 119 1193 154 PIE
1220 118 1287 154 VI.

155 223 289 264 erant,
316 211 489 269 species,
517 225 564 251 ac
596 209 682 267 ipsa
708 208 835 249 ctiam
866 207 1108 248 abole1etur
1136 203 1338 246 ordinum
1366 203 1588 246 memoria.
1626 203 1844 262 Suppressi
1875 205 2002 263 igitur

155 278 233 336 ipsi
257 275 428 318 ordines
451 285 562 326 suut,
588 285 675 315 tam
699 285 745 314 ut
764 272 808 313 in
835 287 985 313 eorum
1008 270 1277 311 invaderetur
1299 270 1430 322 bona,
1459 284 1588 326 quam
1610 284 1662 308 ne
1687 268 1866 326 amplius
1885 267 1999 326 quis-

155 357 283 400 quam
315 341 525 391 existeret,
553 338 622 396 qui
646 337 828 396 populos
859 337 911 377 ab
943 350 1103 385 errore,
1141 350 1189 375 ac
1220 349 1244 375 a
1272 349 1440 375 morum
1471 333 1745 390 corruptione
1765 344 1998 376 revocaret.

156 409 251 448 Hoc
273 407 410 464 ipsum
431 416 517 445 tam
536 419 714 462 pravum
735 417 783 443 ac
795 412 882 443 tam
894 400 1091 458 pestilens
1111 397 1334 440 artificium
1348 397 1546 456 graphice
1571 396 1838 447 describitur,
1851 413 2002 455 repro-

155 472 367 527 baturque
399 469 630 510 aConcilio
662 466 912 516 Senoncnsi,
951 463 1069 521 quod
1102 464 1155 504 ab
1187 462 1308 504 initio
1338 462 1603 504 laudavimus
1628 480 1636 502 z
1667 483 1683 497 «
1711 461 1935 504 Monachis
1961 473 2004 504 et

163 557 178 572 «
212 534 300 576 aliis
322 545 424 575 voto
449 532 662 575 obstrictis
686 532 923 573 libertatem
944 528 1188 570 lasciviendi
1210 528 1456 586 indulgent,
1484 528 1636 584 quibus
1658 526 1806 568 relicto
1831 526 1942 578 velo,
1962 537 2005 568 et

163 623 179 637 «
217 599 380 655 abjecta
400 598 563 640 cuculla
583 597 636 639 ad
656 597 854 638 ssrculum
870 593 1078 636 redeundi
1096 593 1337 635 facultatem
1356 593 1563 641 relaxant,
1582 603 1624 633 et
1645 592 1896 650 apostasiam
1909 606 2007 649 per-

163 688 178 702 ·‹
215 666 402 717 mittunt,
422 666 716 705 Romanorum
736 659 994 702 Pontificum
1015 658 1204 710 decreta,
1234 657 1462 699 decretales
1483 657 1680 714 epistolas
1702 658 1846 707 etiam,
1869 666 1913 698 et
1931 670 2004 698 ca-

163 752 179 766 «
215 745 351 771 nones
374 727 618 770 conciliares
641 741 841 768 enervare
862 722 1170 766 contendunt¹.
1196 744 1210 759 »

215 794 284 836 Ad
302 810 350 835 ea
365 810 459 850 quae
480 792 609 834 modo
635 790 903 849 exposuimus
925 789 977 830 de
995 787 1104 829 votis
1123 787 1406 846 regularibus,
1426 787 1609 843 adjicere
1630 796 1802 845 oportet
1820 785 2006 827 immane

152 858 359 915 judicium
380 859 515 899 latum
535 857 734 898 adversus
758 871 893 897 sacras
911 853 1127 912 Virgines,
1155 868 1225 894 eas
1249 869 1273 894 a
1295 853 1378 894 suis
1402 853 1592 894 claustris
1612 851 1836 908 ejiciendo,
1859 861 1907 892 ut
1924 851 2009 908 egit

157 924 381 973 Ladmus,
414 922 486 980 qui
523 943 540 958 «
563 932 707 963 sancta
742 920 811 961 illa
850 921 942 961 Deo
974 934 1072 959 vasa
1102 917 1292 975 polluere
1324 933 1413 958 non
1437 929 1619 968 veretur,
1658 927 2007 973 consecratasque

163 1010 179 1024 «
218 989 384 1029 Christo
400 986 610 1044 Virgines,
632 997 673 1026 ct
684 985 814 1026 vitam
832 983 1113 1025 monasticam
1127 982 1335 1040 professas
1347 982 1567 1024 extrahere
1585 998 1608 1024 e
1622 979 1887 1023 monasteriis
1903 981 2004 1031 suis,

166 1076 182 1089 «
219 1063 262 1094 et
284 1051 462 1101 mundo,
493 1050 579 1091 imo
612 1049 801 1101 diabolo,
837 1063 963 1105 quem
991 1047 1120 1089 semel
1148 1047 1466 1102 abjuraverunt,
1489 1046 1712 1088 reddere2.
1739 1067 1758 1083 »
1781 1047 1889 1087 Cum
1908 1061 2007 1086 mo-

160 1117 290 1158 niales
314 1117 433 1173 (pars
461 1113 655 1156 catholici
684 1114 821 1171 gregis
844 1112 1088 1167 illustrior),
1118 1127 1228 1169 saepe
1253 1127 1329 1168 per
1369 1127 1465 1152 suas
1484 1112 1696 1153 orationes
1720 1111 1963 1168 gravissima
1983 1125 2008 1150 a

160 1181 400 1222 civitatibus
430 1179 656 1220 averterint
683 1177 888 1235 pericula,
916 1188 963 1217 ut
993 1192 1069 1218 suo
1093 1187 1285 1234 tempore
1313 1177 1463 1217 Romae
1494 1176 1680 1218 evenisse
1713 1176 1755 1216 S.
1780 1173 2009 1232 Gregorius

155 1261 331 1304 magnus
355 1244 562 1302 agnoscit,
596 1263 614 1278 «
639 1243 672 1283 si
695 1243 811 1299 ipsae,
838 1241 1031 1299 inquiens
1056 1241 1310 1299 (moniales),
1337 1257 1427 1282 non
1447 1252 1598 1290 essent,
1623 1239 1766 1281 nullus
1793 1249 2005 1290 nostrum,

159 1331 175 1345 «
209 1311 297 1365 jam
322 1325 400 1367 per
418 1319 481 1350 tot
505 1323 637 1348 annos
657 1308 700 1347 in
728 1308 811 1348 hoc
830 1307 927 1348 loco
958 1305 1187 1348 subsistere
1209 1305 1320 1348 inter
1342 1305 1728 1364 Longobardorum
1750 1303 1913 1362 gladios
1930 1318 2008 1361 po-

159 1395 177 1410 «
213 1373 401 1415 tuisset³.
434 1396 450 1410 »
479 1375 532 1414 Et
557 1371 810 1413 Benedictus
834 1372 951 1421 XIV,
982 1372 1160 1428 loquens
1193 1371 1246 1412 de
1280 1372 1362 1413 suis
1388 1370 1646 1412 monialibus
1667 1367 2009 1411 Bononiensibus

156 1439 310 1480 fatetur
338 1455 346 1480 ε
377 1461 394 1475 «
420 1438 572 1479 urbem
601 1438 805 1477 Bononiae
836 1436 978 1477 multis
1014 1437 1067 1477 ab
1098 1437 1199 1478 hinc
1228 1436 1348 1477 aunis
1380 1447 1445 1477 tot
1470 1434 1782 1477 calamitatibus
1805 1435 2010 1490 jactatam

162 1522 178 1540 «
215 1515 328 1544 stare
353 1519 441 1543 non
465 1502 668 1560 potuisse,
691 1501 771 1542 nisi
791 1517 935 1558 preces
952 1501 1127 1542 assiduae
1144 1512 1386 1542 nostrarum
1402 1501 1657 1542 monialium
1693 1499 1913 1541 incensam
1931 1497 2011 1540 Dei

160 1589 177 1603 «
217 1567 481 1608 iracundiam
507 1565 808 1624 mitigassenff.
832 1587 848 1601 »
877 1567 1044 1606 Interea
1070 1565 1291 1616 moniales,
1320 1582 1416 1623 quae
1444 1581 1558 1607 nunc
1586 1566 1631 1606 in
1657 1564 1793 1606 Gallia
1817 1562 2011 1605 maximis

155 1630 546 1689 perturbationibus
574 1632 802 1688 agitantur,
828 1631 873 1671 in
898 1630 1124 1687 plurimam
1159 1631 1575 1672 commiserationem
1600 1630 1688 1671 Nos
1709 1629 2005 1678 adduxerunt3

156 1712 252 1737 cum
272 1712 427 1754 magna
449 1711 594 1736 earum
622 1711 720 1752 pars
741 1710 789 1735 ex
820 1695 1025 1736 universis
1044 1694 1130 1735 istis
1152 1694 1379 1752 provinciis
1398 1694 1594 1736 dolorem
1621 1693 1756 1735 Nobis
1785 1709 1907 1734 suum
1932 1707 2011 1750 per

156 1760 314 1801 litteras
332 1770 606 1818 exponerent,
633 1759 749 1816 quod
766 1759 809 1799 in
820 1758 902 1800 suis
922 1759 1153 1800 retinendis
1176 1759 1392 1810 institutis,
1419 1760 1613 1816 votisque
1641 1757 1900 1800 solemnibus
1922 1772 2010 1799 ser·

155 1824 306 1866 vandis
331 1823 654 1881 impedirentur,
684 1839 850 1880 unaque
872 1822 1140 1864 declararent
1160 1835 1325 1864 eertum
1350 1823 1448 1873 sibi,
1470 1825 1617 1878 fixum,
1644 1823 2011 1879 deliberatumque

157 1904 246 1930 esse
269 1888 426 1942 animo,
451 1886 565 1946 prius
591 1903 866 1944 quaecumque
888 1903 1033 1945 aspera
1059 1888 1200 1928 subire
1221 1903 1269 1928 ac
1289 1888 1394 1945 pati,
1418 1904 1545 1944 quam
1563 1904 1587 1928 a
1612 1888 1831 1928 vocatione
1849 1902 1924 1928 sua
1941 1901 2010 1929 re-

156 1953 324 1995 cedere.
355 1952 542 1993 Proinde
562 1968 649 1993 non
686 1967 908 2010 possumus
944 1952 1059 2009 apud
1082 1968 1172 2003 vos,
1195 1951 1336 1993 dilecti
1359 1951 1454 1993 Filii
1486 1953 1633 2001 nostri,
1668 1967 1715 1992 ac
1734 1951 2012 1993 Venerabiles

156 2019 337 2069 Fratres,
355 2032 442 2057 non
465 2017 765 2073 amplissimum
782 2016 950 2057 illarum
967 2017 1233 2067 constantiae,
1250 2027 1292 2058 et
1309 2016 1568 2058 fortitudinis
1580 2017 1874 2058 testimonium
1895 2016 2011 2058 exhi-

156 2082 274 2131 bere,
302 2096 325 2120 a
344 2081 548 2136 vobisque
571 2081 845 2122 vehementer
858 2092 1018 2138 petere,
1043 2093 1090 2122 ut
1109 2081 1260 2122 iisdem
1272 2080 1529 2122 hortationis
1551 2093 1698 2123 vestrae
1716 2074 1910 2123 stimulos
1928 2080 2008 2122 ad-

153 2146 361 2204 jungatis,
386 2159 433 2185 ac
457 2143 660 2195 subsidia,
685 2156 889 2201 quantum
913 2147 958 2185 in
979 2145 1100 2187 vobis
1124 2145 1218 2196 erit,
1236 2146 1379 2187 omnia
1392 2146 1606 2188 deferatis.

216 2211 441 2251 Possemus
475 2209 614 2250 adhuc
644 2209 699 2249 ad
720 2209 802 2250 alia
835 2209 1209 2251 animadvertenda
1225 2225 1404 2268 pergere
1428 2227 1554 2269 super
1576 2211 1649 2252 illo
1671 2221 1903 2252 conventus
1930 2209 2007 2252 de-

160 2285 292 2324 creto,
326 2273 536 2330 siquidem
561 2290 583 2313 a
607 2273 815 2331 principio
839 2290 972 2332 usque
997 2275 1050 2316 ad
1074 2274 1183 2316 illius
1214 2276 1374 2316 exitum
1399 2275 1505 2316 nihil
1529 2274 1618 2316 fere
1640 2276 1682 2315 in
1714 2291 1765 2316 eo
1792 2286 1868 2326 est,
1893 2275 2011 2332 quod

160 2355 247 2380 non
269 2339 321 2379 sit
341 2337 590 2388 cavendum,
620 2353 668 2378 ac
690 2339 1115 2395 reprehendendum,
1150 2355 1383 2396 omnesque
1410 2342 1499 2395 ejus
1526 2355 1668 2380 sensus
1694 2340 1804 2381 inter
1835 2356 1877 2380 se
1903 2339 2010 2382 adeo

162 2402 258 2444 nexi
280 2403 676 2458 consentientesque
702 2415 813 2456 sunt,
840 2415 886 2444 ut
914 2405 983 2444 vix
1004 2404 1091 2445 ulla
1114 2420 1213 2462 pars
1238 2405 1290 2444 sit
1323 2405 1376 2444 ab
1406 2405 1559 2445 erroris
1590 2403 1828 2461 suspicione
1858 2403 2007 2446 libera.

163 2467 247 2508 Sed
271 2482 366 2508 cum
386 2468 475 2522 jam
499 2465 823 2508 declarassemus
849 2469 1019 2525 potiora
1043 2485 1133 2526 quae
1160 2469 1204 2508 in
1228 2484 1279 2509 eo
1310 2478 1406 2509 sunt
1429 2483 1623 2509 errorum
1651 2480 1858 2521 monstra,
1884 2480 2011 2527 atque

163 2531 345 2581 interim,
365 2530 478 2587 quod
491 2529 663 2571 minime
678 2533 1022 2588 expectabamus,
1036 2534 1080 2573 in
1097 2533 1275 2590 publicis
1293 2531 1403 2573 foliis
1420 2532 1741 2590 perlegissemus
1753 2534 2010 2592 Episcopum

165 2594 593 2652 Augustodunensem
614 2610 688 2635 suo
710 2611 752 2636 se
780 2607 1043 2638 sacramento
1069 2598 1112 2637 in
1133 2598 1219 2651 ejus
1246 2596 1405 2638 decreti
1425 2597 1553 2638 verba
1574 2597 1864 2650 obstrinxisse,
1890 2609 2010 2640 tanto

166 2659 313 2700 dolore
333 2674 441 2716 pene
462 2658 689 2699 exanimati
708 2658 877 2711 fuimus,
896 2672 942 2701 nt
962 2661 1052 2702 haec
1070 2676 1162 2718 quae
1183 2660 1233 2702 ad
1251 2676 1325 2701 vos
1342 2660 1560 2702 scribimus
1580 2662 1861 2705 intermittere
1881 2663 2009 2705 debe-

165 2739 322 2765 remus.
348 2722 533 2763 Afssictio
564 2736 708 2764 nostra
740 2724 894 2764 mirum
920 2726 963 2765 in
990 2725 1168 2766 modum
1191 2725 1442 2782 augebatur,
1467 2736 1514 2766 ut
1536 2742 1616 2782 per
1644 2727 1754 2768 diem
1780 2744 1830 2768 ac
1851 2737 2010 2770 noctem

169 2803 249 2828 ‘zon
270 2792 450 2828 tacuerit
459 2787 633 2843 pupilla
652 2787 766 2827 oculi
787 2794 936 2839 nostrl,
960 2804 1056 2830 cum
1073 2788 1311 2831 videremus
1330 2805 1428 2831 eum
1450 2791 1707 2848 Episcopum
1735 2793 1789 2833 ab
1808 2793 1897 2834 aliis
1919 2792 2009 2834 dis-

168 2851 301 2909 jungi,
337 2852 604 2909 separarique
646 2867 669 2892 a
693 2852 864 2909 collegis
893 2852 990 2907 suis,
1018 2869 1235 2912 unumque
1267 2870 1317 2895 ex
1344 2855 1541 2896 omnibus
1567 2856 1769 2898 hactenus
1799 2872 1900 2912 esse,
1938 2857 2011 2914 qui

220 2988 252 3020 1.
281 2985 324 3017 In
341 2984 476 3018 collect.
497 2984 629 3026 Labbe,
651 2992 737 3020 tom.
753 2985 855 3027 XIX,
876 2997 955 3031 pag.
974 2989 1063 3021 1157
1083 2995 1115 3020 et
1136 2989 1241 3024 1158.

219 3035 252 3066 2.
280 3030 477 3064 Hadrianus
496 3031 560 3065 VI.
583 3031 625 3064 In
651 3032 749 3065 brevi
773 3032 817 3065 ad
845 3032 1013 3067 Frideric.
1034 3033 1194 3068 Saxoniae
1226 3034 1306 3069 duc.
1329 3035 1464 3072 advers.
1492 3035 1636 3073 Luther.
1660 3037 1696 3072 in
1725 3038 1859 3073 collect.
1874 3037 2011 3081 Labhe,

172 3087 259 3112 tom.
279 3079 382 3121 XIX,
400 3090 480 3124 pag.
505 3082 562 3120 10,
582 3079 645 3112 lib.
667 3079 731 3113 IV.

220 3129 254 3161 3.
282 3126 393 3171 Epist.
412 3128 470 3168 26,
489 3125 551 3159 lib.
571 3125 654 3167 VII,
674 3138 754 3172 pag.
777 3129 862 3169 872,
883 3126 967 3162 edit.
983 3129 1137 3164 Maurin.

221 3176 254 3207 Li.
282 3173 434 3208 Institut.
456 3172 676 3208 ecclesiastic.
698 3176 756 3216 29,
777 3186 856 3220 pag,
877 3177 956 3217 142,
975 3175 1059 3210 edit.
1082 3177 1203 3219 Rom,
1227 3179 1330 3214 1747.
