2135 3442
155 98 229 134 1112
649 96 840 131 LETTRE
867 95 1182 142 ENCYCLIQUE
1211 96 1275 131 DE
1305 97 1383 131 PIE
1413 96 1496 132 VH.

152 184 338 226 litteram
359 182 547 240 quidem,
582 193 652 224 aut
677 198 824 224 vocem
861 182 1097 241 exprimere
1133 181 1290 224 inimici
1325 192 1572 240 potuerunt,
1611 197 1703 238 qua·
1739 197 1827 222 non
1861 181 1995 223 docu-

153 260 298 291 mento
332 260 442 290 esset
478 246 691 298 omnibus,
720 249 892 289 Petrum
929 268 944 283 «
982 247 1035 289 ad
1073 248 1151 288 hoc
1178 263 1311 304 usque
1346 258 1529 304 tempUS‚
1567 256 1609 286 et
1639 261 1804 303 semper
1835 245 1878 287 in
1909 246 1994 288 suis

157 335 174 350 κ
213 312 528 356 successoribus
555 312 716 362 vivere,
753 324 794 353 et
821 311 1027 367 judicium
1057 328 1270 362 exercere,
1304 311 1417 370 quod
1447 310 1607 352 nemini
1636 309 1838 361 dubium,
1867 322 1994 368 atque

160 400 174 414 n
214 378 412 420 omnibus
441 377 546 419 adeo
574 376 768 418 aetatibus
789 376 981 435 apprime
1011 376 1227 434 cognitum
1250 392 1338 418 esse
1356 376 1366 397 ¹
1386 408 1396 428 ,
1424 398 1440 412 »
1479 386 1625 416 auctor
1647 375 1769 416 valde
1792 375 1932 418 bonus
1951 375 1991 416 in

154 443 334 484 concilio
354 442 570 501 Ephesino
585 441 894 500 pronunciavit.

214 507 374 562 Quanti
396 523 498 548 vero
520 507 761 549 faciendum
793 506 896 548 illud
925 518 1002 558 est,
1036 518 1073 547 et
1097 523 1179 565 quo
1209 505 1317 564 grati
1340 521 1465 547 sensu
1489 504 1618 546 animi
1641 503 1845 545 memoria
1869 520 1994 562 repe-

154 573 348 623 tendum,
378 572 493 629 quod
517 588 566 612 eo
597 571 675 613 fuit
705 587 805 613 sane
837 583 1028 628 tempore
1051 572 1124 612 Pio
1145 572 1202 612 V[
1230 586 1346 611 mors
1364 587 1385 611 a
1405 572 1494 611 Deo
1516 569 1673 611 donata
1695 569 1768 625 (sic
1799 568 1911 610 enim
1935 579 1997 610 est

155 637 383 679 dicendum
402 636 543 694 potius
562 652 688 693 quam
707 638 788 678 'vita
820 636 982 693 erepta)
1005 652 1135 692 quum
1162 636 1268 676 nihil
1296 637 1383 691 jam
1406 634 1711 693 impedimento
1743 644 1866 684 esset,
1889 649 1997 690 quo-

155 701 294 743 minus
318 702 370 743 de
393 717 629 743 successore
647 701 756 742 illius
778 700 1033 743 declarando
1056 700 1134 741 rite
1155 700 1461 741 deliberaretur
1481 702 1487 740 !
1511 697 1825 747 Recordamini,
1850 698 1993 739 Vene-

155 767 311 809 rabiles
334 770 515 817 Fratres,
536 783 621 823 quo
640 782 807 808 eramus
829 777 943 806 metu
963 764 1143 815 solliciti,
1167 776 1209 806 et
1230 764 1438 822 suspensi,
1463 780 1593 821 quum
1618 774 1769 804 sanctae
1793 763 1997 803 Romanae

156 832 354 874 Ecclesiae
383 831 650 881 Cardinales,
694 842 735 871 et
769 830 848 888 ipsi
888 829 971 871 suis
1011 829 1183 871 sedibus
1219 830 1365 884 ejecti,
1404 828 1644 899 complures
1677 827 1717 868 in
1760 826 1997 868 custodiam

158 896 321 946 traditi,
348 896 507 953 aliquot
542 895 595 937 ad
633 911 780 937 necem
817 894 1006 952 expetiti,
1039 893 1237 951 permulti
1273 909 1389 935 mare
1418 893 1614 949 trajicere
1645 908 1808 933 summa
1846 893 1997 935 hieme

156 961 305 1012 coacti,
334 961 460 1003 rebus
494 961 640 1002 nudati
672 960 774 1009 suis,
811 971 1065 1017 egentesque
1103 974 1265 1009 omnes,
1303 974 1460 1015 magno
1496 958 1690 1014 plelique
1722 956 1944 998 intervallo
1974 973 1995 998 a

157 1041 200 1067 se
219 1025 434 1082 disjuncti,
460 1041 588 1082 quum
619 1024 700 1065 'siis
733 1025 785 1065 ab
823 1024 943 1064 hoste
966 1023 1164 1073 obsessis,
1200 1038 1276 1064 nec
1302 1023 1450 1063 litteiae
1479 1022 1573 1063 illos
1595 1021 1705 1062 inter
1738 1036 1993 1072 commeare,

155 1107 234 1132 nec
267 1090 345 1148 ipsi
372 1107 456 1147 quo
485 1089 656 1140 vellent,
687 1089 1051 1146 oportuissetque,
1084 1087 1201 1128 adire
1233 1086 1605 1144 permitterentur,
1631 1101 1852 1142 nunquam
1888 1101 1993 1143 pro-

157 1155 268 1198 fecto
306 1155 558 1196 videbantur
586 1153 811 1195 convenire
849 1168 998 1210 posse,
1035 1163 1081 1193 ut
1116 1151 1312 1194 Ecclesia*
1346 1150 1520 1192 orbitati
1550 1154 1847 1192 succurrerent
1879 1165 1997 1191 more

156 1220 433 1276 institutoque
463 1220 689 1274 majorum,
715 1218 748 1259 si
769 1217 863 1274 quis
885 1233 1004 1258 casus
1039 1216 1158 1258 Pium
1189 1218 1245 1257 VI
1266 1216 1534 1274 perculisset,
1567 1231 1689 1272 quem
1725 1214 1916 1271 quotidie
1945 1215 1997 1256 de

157 1286 241 1326 vita
278 1284 477 1325 dimicare
516 1283 810 1325 audiebamus.
860 1282 964 1335 Quis
1004 1293 1095 1322 tum
1137 1281 1340 1331 adflictis,
1386 1297 1433 1322 ac
1474 1280 1649 1339 perditis
1688 1296 1822 1337 prope
1871 1281 1997 1321 rebus

158 1350 345 1390 humano
382 1349 519 1390 solum
559 1347 752 1399 consilio,
786 1358 914 1404 atque
953 1363 1034 1405 ope
1070 1346 1194 1388 nixus
1233 1346 1274 1386 id
1315 1361 1504 1404 sperare,
1541 1345 1657 1402 quod
1683 1344 1886 1402 singulari
1922 1345 1999 1386 Dei

160 1413 420 1471 benignitate
446 1414 599 1463 evenit,
626 1412 771 1453 fuisset
789 1427 931 1463 ausus,
955 1428 1043 1452 non
1072 1422 1168 1452 ante
1198 1427 1220 1452 e
1240 1411 1324 1453 vita
1348 1411 1472 1452 Pium
1496 1411 1554 1450 VI
1575 1425 1847 1452 excessurum
1870 1425 1999 1466 quam

159 1477 388 1520 constituta
427 1479 479 1518 ab
500 1477 592 1535 ipso
622 1476 944 1535 pontificiorum
976 1487 1074 1534 post
1107 1492 1150 1518 sc
1183 1476 1479 1517 habendorum
1514 1474 1785 1516 comitiorum
1813 1473 1996 1525 ratione,

157 1553 308 1584 cuncta
347 1542 434 1583 fere
471 1554 619 1599 pacata
665 1542 798 1592 Italia,
844 1541 1099 1598 comparatis
1133 1540 1346 1591 omnibus,
1386 1539 1632 1581 Cardinales
1664 1537 1999 1596 frequentissimi

153 1606 343 1649 Venetiis
365 1619 518 1664 praesto
554 1618 692 1648 essent
720 1607 850 1648 futuri
872 1606 926 1647 ad
951 1605 1198 1663 suffragium
1218 1605 1441 1646 ferendum
1466 1604 1510 1645 in
1534 1603 1739 1645 carissimi
1760 1603 1803 1644 in
1828 1604 1998 1644 Christo

150 1671 224 1712 filii
253 1672 399 1712 Nostri
428 1671 640 1712 Francisci
673 1672 900 1729 Hungariae
934 1672 1045 1729 regis
1071 1670 1310 1728 apostolici,
1339 1681 1381 1712 et
1414 1670 1629 1711 Bohemiae
1663 1669 1774 1725 regis
1803 1668 1992 1718 illustris,

151 1751 198 1777 ac
239 1737 530 1777 Romanorum
562 1735 828 1793 imperatoris
861 1735 982 1777 electi
1016 1734 1237 1793 praesidio,
1280 1750 1327 1776 ac
1358 1734 1524 1775 tutela?
1560 1735 1808 1790 Agnoscant
1836 1733 1901 1773 vel
1946 1748 1996 1773 ex

151 1799 216 1841 his
237 1800 446 1850 homines,
481 1800 636 1841 frustra
669 1816 926 1857 quemquam
951 1799 1097 1841 conari
1137 1821 1152 1834 «
1192 1801 1377 1840 Domum
1403 1799 1482 1839 Dei
1519 1821 1534 1834 »
1575 1809 1780 1850 evertere,
1809 1813 1903 1853 quae
1935 1808 1997 1838 cst

151 1865 337 1906 Ecclesia
366 1881 492 1922 super
523 1866 713 1915 Petrum,
750 1865 941 1914 veritate,
977 1880 1065 1904 non
1098 1864 1236 1904 solum
1275 1862 1449 1904 nomine
1483 1873 1664 1919 petram,
1719 1861 1992 1912 aeclificatam,

151 1940 300 1971 contra
335 1951 350 1965 κ
386 1945 514 1986 quam
551 1941 682 1986 portae
721 1929 843 1971 inferi
882 1945 968 1970 non
1005 1927 1345 1986 praevalebunt&
1388 1926 1562 1968 fundata
1610 1926 1724 1967 enim
1769 1937 1833 1967 est
1870 1940 1998 1984 super

156 2017 172 2029 u
201 1995 409 2052 petram³.
441 2016 458 2030 »

209 2061 345 2101 Nemo
363 2076 553 2116 unquam
574 2058 790 2115 religionis
803 2058 1050 2100 Christianae
1067 2057 1200 2099 hostis
1216 2056 1311 2108 suit,
1329 2055 1431 2114 quin
1450 2055 1611 2097 bellum
1630 2054 1782 2095 eodem
1800 2065 1996 2112 tempore

150 2124 361 2166 nefarium
381 2140 478 2164 cum
500 2125 615 2165 Petri
636 2123 845 2164 Cathedra
873 2124 1063 2180 gesserit,
1094 2138 1177 2180 qua
1199 2133 1353 2173 stante,
1384 2121 1454 2162 illa
1480 2120 1645 2172 cadere,
1679 2131 1721 2161 et
1746 2121 1889 2161 labare
1914 2135 1995 2161 ne-

151 2200 276 2248 queat
299 2204 308 2230 :
336 2190 453 2244 cujus
473 2188 725 2246 pontificum
752 2209 767 2225 «
796 2188 1085 2238 ordinatione,
1110 2198 1152 2228 et
1172 2186 1454 2238 successione,
1483 2207 1498 2222 2>
1525 2185 1587 2227 uti
1608 2184 1834 2226 denunciat
1854 2195 1996 2241 aperte

151 2254 350 2294 omnibus
371 2266 539 2294 sanctus
563 2253 791 2303 Irenaeus⁶‚
827 2274 841 2288 «
868 2269 932 2304 ea,
956 2269 1048 2310 quae
1069 2264 1133 2294 est
1156 2253 1207 2293 ab
1229 2252 1446 2310 Apostolis
1461 2250 1504 2292 in
1532 2250 1716 2291 Ecclesia
1736 2249 1923 2299 traditio,
1954 2259 1996 2289 et

155 2339 172 2353 «ι
206 2317 392 2358 veritatis
412 2317 668 2374 praeconatio
695 2317 882 2375 pervenit
907 2334 1038 2375 usque
1060 2317 1114 2358 ad
1138 2333 1230 2370 nos,
1264 2329 1305 2358 et
1330 2328 1392 2358 est
1413 2315 1655 2373 plenissima
1679 2314 1767 2354 haec
1787 2312 1991 2362 ostensio,

156 2402 171 2417 «ι
209 2397 354 2431 unam,
379 2392 419 2421 et
443 2382 637 2422 eamdem
657 2382 970 2423 vivificatricem
995 2382 1125 2424 fidem
1146 2397 1253 2433 esse,
1286 2398 1381 2438 quac
1404 2381 1446 2422 in
1470 2379 1653 2420 Ecclesia
1674 2379 1728 2418 ab
1755 2378 1990 2436 Apostolis,

157 2467 174 2483 «ι
211 2462 343 2502 usque
364 2461 477 2486 nunc
508 2445 560 2486 sit
594 2458 855 2497 conservata,
882 2458 924 2488 et
947 2446 1101 2488 tradita
1131 2445 1174 2487 in
1204 2446 1400 2487 veritate.
1429 2467 1445 2481 »
1483 2445 1572 2485 Hac
1592 2459 1765 2500 prorsus
1790 2444 1852 2484 via
1875 2459 1991 2501 gras-

152 2509 230 2552 sati
250 2511 377 2550 etiam
404 2521 516 2559 sunt,
541 2511 612 2566 qui
646 2523 791 2552 nostra
821 2522 941 2552 aetate
969 2510 1109 2552 nescio
1143 2526 1268 2567 quam
1297 2521 1478 2568 pestem,
1511 2524 1557 2549 ac
1586 2508 1725 2548 labem
1752 2507 1865 2548 salsae
1892 2507 1991 2566 phi-

150 2574 358 2632 losophiae
396 2589 638 2632 supponere
682 2575 993 2616 contenderunt
1033 2574 1070 2616 ei
1107 2574 1391 2632 philosophiae
1425 2573 1508 2630 (sic
1557 2572 1669 2613 enim
1709 2572 1995 2614 Christianam

152 2638 391 2680 doctrinam
423 2638 656 2679 rectissime
696 2640 912 2696 appellant
949 2641 1087 2681 Graeci
1120 2639 1353 2697 praesertim
1383 2638 1542 2694 Patres)
1581 2654 1709 2694 quam
1751 2639 1829 2679 Dei
1864 2637 1993 2679 Filius

154 2715 309 2745 aeterna
344 2704 433 2761 ipsa
471 2704 675 2760 sapientia
717 2719 738 2743 e
776 2704 880 2745 coelo
921 2704 1095 2750 detulit,
1139 2715 1263 2760 atque
1304 2703 1548 2744 hominibus
1576 2703 1821 2759 impertivit.
1863 2701 1994 2759 Atqui

160 2790 174 2803 κ
212 2767 415 2825 scriptum
450 2778 540 2821 cst3
573 2790 586 2803 υ
613 2767 789 2824 pulchre
812 2768 985 2809 omnino
1012 2767 1056 2808 in
1091 2783 1163 2809 eos
1188 2768 1305 2808 Pauli
1339 2769 1415 2809 ista
1441 2769 1657 2824 jactantur
1676 2767 1720 2808 ⁵:
1760 2788 1776 2804 α
1811 2766 1993 2808 Perdam

266 2951 366 2984 Actio
389 2954 421 2991 1,
439 2963 472 2984 [ι.
500 2953 553 2985 li.

264 2998 394 3032 Matt'u.
412 3010 484 3032 ΧΠ.

231 3073 239 3080 .
265 3045 392 3078 Matth.
415 3056 479 3077 wi.

265 3092 354 3125 Adv.
370 3092 491 3124 haeres.
514 3091 539 3123 l.
559 3090 627 3131 ΙΙΙ,
646 3101 722 3134 cap.
744 3102 800 3125 ιιι.

266 3138 770 3180 Οοήηῑ.Ι,ε.ι,ν.19,20.

204 2955 239 3174 P'ff'wffr*
