2135 3442
171 143 247 180 250
679 140 866 177 LETTRE
896 141 1207 188 ENCYCLIQUE
1235 141 1300 177 DE
1328 141 1407 176 PIE
1436 141 1506 177 IX.

172 239 318 271 nuent.
350 230 523 269 Constat
553 239 710 278 autem,
739 229 835 287 ipsis
867 245 940 271 seu
971 229 1289 279 Conmmnismi,
1318 244 1387 269 seu
1416 228 1663 268 Socialismz·
1690 230 1912 288 magistris,
1946 231 2014 272 di·-

171 309 286 335 versa
305 293 402 334 licet
418 293 499 342 via,
521 309 568 334 ac
585 294 791 335 methodo
813 294 1053 352 agentibus,
1073 293 1176 335 illud
1196 293 1365 334 demum
1385 307 1609 333 commune
1627 308 1714 335 esse
1734 296 2009 352 propositum,

172 369 217 399 ut
239 358 452 415 operarios
475 368 599 415 atque
626 358 729 400 alios
753 358 960 400 inferioris
984 358 1218 416 praesertim
1239 370 1368 399 status
1390 357 1582 398 homines
1603 357 1686 399 suis
1709 358 1905 417 deceptos
1928 359 2009 401 fal-

174 424 305 476 laciis,
333 434 373 464 61
396 423 604 465 faustioris
630 423 885 465 conditionis
913 426 1192 481 promissione
1222 424 1384 471 illusos,
1421 423 1631 464 continuis
1658 423 2013 466 commotionibus

172 489 400 546 exagitent,
442 499 567 544 atque
601 488 655 529 ad
689 491 881 546 graviora
910 489 1111 546 paulatim
1142 488 1335 530 facinora
1374 498 1623 539 exerceant,
1662 498 1708 528 ut
1740 487 2012 545 postmodum

173 553 338 594 illorum
374 568 500 611 opera
530 553 590 593 uti
616 554 777 610 possint
802 552 854 593 ad
883 554 1109 610 superioris
1133 555 1337 610 cujusque
1369 551 1627 593 auctoritatis
1655 552 1844 611 regimen
1875 568 2012 611 oppu-

173 618 407 677 gnandum,
436 617 489 658 ad
524 617 780 675 expilandas,
812 617 1084 675 diripiendas,
1110 618 1175 658 vel
1208 618 1470 659 invadendas
1503 617 1699 658 Ecclesiae
1729 618 1930 675 primum,
1966 633 2014 660 ac

175 683 328 725 deinde
350 683 528 724 aliorum
553 697 915 738 quorumcumque
937 683 1230 740 proprietates,
1258 683 1312 723 ad
1341 682 1483 724 omnia
1516 682 1690 723 tandem
1718 681 1917 724 violanda
1946 681 2013 724 di-

173 749 268 790 vina
301 749 567 804 humanaque
586 749 696 801 jura,
722 748 765 787 in
792 746 921 787 divini
942 746 1075 788 cultus
1100 746 1447 794 destructionem,
1479 758 1602 804 atque
1626 746 1668 787 in
1695 746 2013 789 subversionem

174 813 301 854 totius
334 813 492 854 ordinis
525 811 708 852 civilium
739 810 1000 852 societatum.
1026 813 1074 851 In
1102 822 1219 852 tanto
1249 823 1386 853 autem
1411 811 1537 852 Italiae
1562 811 1800 853 discrimine
1832 823 2015 853 vestrum

172 893 325 919 munus
353 889 431 929 est,
457 876 733 918 Venerabiles
771 877 951 927 Fratres,
973 892 1121 917 omnes
1144 877 1362 934 pastoralis
1385 877 1511 918 studii
1534 892 1685 918 nervos
1708 876 1945 931 intendere,
1969 888 2018 918 ut

174 941 307 984 fidelis
341 942 521 1000 populus
554 952 753 998 agnoscat
780 956 974 998 perversa
1004 940 1248 996 hujusmodi
1285 941 1436 998 plat-ita
1469 953 1509 982 et
1532 953 1774 999 systemata,
1803 943 1835 983 si
1861 941 2017 984 abillis

171 1007 307 1065 decipi
339 1023 380 1048 se
410 1006 608 1064 patiatur,
640 1007 683 1046 in
730 1016 929 1047 aeternam
962 1007 1118 1063 pariter
1166 1021 1214 1046 ac
1243 1007 1523 1064 temporalem
1557 1009 1642 1062 ejus
1665 1008 1896 1065 perniciem
1925 1006 2017 1048 fore

170 1088 350 1115 cessura.

229 1138 486 1178 Moneantur
512 1137 652 1191 itaque
676 1134 821 1176 fideles
854 1151 965 1177 curae
983 1147 1132 1176 vestrae
1155 1135 1403 1186 concrediti,
1430 1138 1640 1193 pertinere
1660 1137 1835 1178 omnino
1859 1136 1912 1177 ad
1938 1153 2014 1178 na-

175 1214 310 1243 turam
338 1204 470 1259 ipsam
502 1202 696 1242 humanae
727 1202 948 1253 societatis,
973 1213 1019 1242 ut
1053 1217 1199 1242 omnes
1236 1202 1472 1242 auctoritati
1502 1203 1799 1259 obtemperare
1832 1201 2018 1244 debeant

172 1268 356 1325 legitime
381 1268 425 1307 in
453 1265 521 1306 illa
545 1266 806 1311 constitutae;
834 1281 913 1307 nec
939 1265 1170 1323 quidquam
1199 1266 1451 1306 commutari
1478 1282 1597 1323 posse
1622 1268 1665 1307 in
1685 1268 1903 1324 praeceptis
1925 1268 2016 1309 Do-

177 1333 296 1383 mini,
320 1347 410 1389 quae
444 1332 485 1371 in
516 1331 640 1371 sacris
664 1329 828 1371 Litteris
848 1346 895 1371 ea
916 1346 1040 1388 super
1068 1346 1112 1371 re
1140 1331 1389 1371 annuntiata
1418 1341 1535 1385 sunt3
1561 1330 1761 1388 scriptum
1785 1343 1846 1372 est
1872 1333 1985 1373 enim
2006 1348 2014 1374 :

179 1419 194 1433 α
219 1398 403 1452 SubJecti
429 1407 560 1438 estote
589 1396 707 1437 omni
726 1397 923 1437 humanae
945 1408 1147 1437 creaturae
1172 1407 1346 1453 propter
1368 1397 1506 1437 Deum
1532 1397 1615 1437 sive
1636 1397 1741 1454 regi,
1767 1398 1885 1453 quasi
1907 1412 2018 1454 prae-

174 1482 190 1497 «
217 1461 399 1513 cellenti,
422 1463 507 1503 sive
540 1462 732 1511 (lucibus,
767 1473 970 1519 tanquam
1001 1462 1053 1502 ab
1086 1477 1137 1503 eo
1171 1462 1303 1503 missis
1337 1461 1392 1503 ad
1419 1461 1651 1503 vindictam
1680 1461 2016 1513 malefactorum,

178 1548 194 1562 «
221 1528 390 1568 laudem
416 1542 513 1569 vero
538 1528 774 1579 bonorumz,
803 1528 899 1584 quia
929 1527 985 1568 sic
1011 1538 1074 1568 est
1093 1527 1287 1568 voluntas
1311 1527 1404 1576 Dei,
1440 1538 1487 1568 ut
1516 1527 1828 1569 benefacientes
1861 1528 2019 1569 obmu-

174 1613 191 1628 «
220 1604 375 1633 tescere
406 1592 565 1633 faciatis
599 1592 931 1649 imprudentium
962 1593 1184 1633 hominum
1217 1593 1499 1650 ignorantiam
1528 1608 1536 1634 z
1566 1593 1685 1649 quasi
1707 1591 1845 1646 liberi,
1867 1603 1910 1633 et
1935 1607 2020 1634 non

175 1678 191 1692 «
221 1659 339 1714 quasi
355 1657 547 1699 velamen
565 1657 770 1698 habentes
790 1657 960 1699 malitiae
978 1657 1230 1708 libertatem,
1253 1657 1326 1698 sed
1344 1658 1448 1698 sicut
1466 1659 1572 1698 servi
1592 1658 1672 1698 Dei
1688 1656 1720 1697 ³.
1744 1678 1760 1694 υ
1783 1658 1835 1697 Et
1851 1673 1990 1698 rursus
2007 1673 2016 1698 ε

177 1745 193 1759 «
223 1724 370 1763 Omnis
388 1724 527 1764 anima
551 1723 827 1780 potestatibus
848 1723 1167 1764 sublimioribus
1194 1715 1358 1764 subdita
1381 1724 1431 1763 sit
1455 1740 1463 1763 ε
1492 1738 1579 1763 11011
1609 1733 1669 1763 651
1698 1721 1810 1762 6111111
1834 1733 2021 1779 potestas

177 1810 195 1824 «
222 1789 299 1829 nisi
324 1803 347 1829 a
370 1790 483 1840 De03
511 1804 603 1845 quae
640 1798 780 1828 autem
809 1799 918 1837 sunt,
949 1804 971 1828 a
994 1790 1085 1829 Deo
1111 1788 1314 1829 ordinatae
1343 1798 1469 1828 sunt:
1493 1788 1634 1843 itaque
1664 1788 1734 1843 qui
1764 1787 1916 1827 resistit
1938 1803 2019 1844 po-

178 1874 194 1889 «
222 1854 376 1903 testati,
402 1854 479 1894 Dei
505 1853 763 1894 ordinationi
786 1852 937 1895 resistit
961 1869 969 1894 :
997 1855 1066 1911 qui
1094 1865 1234 1895 autem
1260 1852 1475 1906 resistunt,
1502 1853 1579 1910 ipsi
1602 1852 1679 1893 sibi
1702 1850 2019 1893 damnationem

180 1940 195 1954 «
225 1917 488 1974 acquirunt2.
522 1938 536 1954 »

233 1984 376 2024 Sciant
396 1994 615 2041 praeterea,
640 1998 729 2026 esse
759 1982 917 2041 pariter
950 1982 1170 2035 naturalis,
1198 1994 1322 2040 atque
1347 1981 1451 2023 adeo
1479 1980 1836 2022 incommutabilis
1868 1979 2020 2021 condi-

178 2049 303 2091 tionis
321 2049 607 2090 humanarum
630 2065 787 2099 rerum,
808 2060 854 2089 ut
871 2048 980 2090 inter
998 2065 1068 2090 eos
1091 2049 1233 2099 etiam,
1259 2048 1329 2105 qui
1349 2047 1391 2088 in
1410 2046 1645 2088 sublimiori
1668 2046 1915 2087 auctoritate
1936 2061 2023 2087 non

176 2124 286 2163 sunt,
313 2112 381 2153 alii
402 2124 544 2155 tamen
569 2113 674 2165 aliis,
695 2115 778 2155 sive
800 2115 856 2155 ob
881 2114 1065 2156 diversas
1086 2115 1231 2165 animi,
1258 2124 1329 2155 aut
1352 2112 1540 2170 corporis
1564 2112 1700 2162 dotes,
1723 2111 1804 2151 six-e
1828 2110 1884 2150 ob
1910 2109 2021 2151 divi-

177 2179 268 2228 tias,
295 2189 336 2218 et
358 2188 527 2219 externa
552 2178 795 2233 hujusmodi
814 2179 926 2219 bona
948 2179 1202 2236 praevaleant
1225 2196 1233 2220 ι
1261 2194 1338 2220 1166
1361 2177 1447 2219 11110
1467 2176 1690 2228 libertatis,
1717 2187 1757 2216 et
1776 2175 2023 2232 aequalitatis

178 2243 355 2283 obtentu
375 2242 464 2282 fieri
485 2259 672 2299 unquam
695 2259 836 2301 posse,
866 2255 912 2285 ut
932 2244 1067 2285 aliena
1088 2245 1220 2293 bona,
1240 2244 1306 2285 vel
1324 2245 1418 2299 jura
1442 2241 1656 2290 invadere,
1685 2251 1756 2281 aut
1775 2239 2020 2297 quomodo-

177 2307 281 2348 libet
305 2307 461 2348 violare
485 2308 644 2349 licitum
664 2309 730 2349 sit.
756 2309 979 2366 Perspicua
1002 2310 1084 2350 hoc
1107 2324 1275 2366 quoque
1299 2308 1340 2348 in
1372 2322 1540 2365 genere,
1565 2317 1606 2347 et
1630 2304 1784 2363 passini
1812 2304 2021 2347 inculcata

177 2382 326 2412 extant
349 2371 392 2412 in
419 2371 543 2413 sacris
567 2374 732 2414 Litteris
758 2373 898 2414 divina
920 2385 1152 2432 praecepta,
1177 2374 1329 2430 quibus
1350 2372 1510 2413 nedum
1534 2371 1586 2411 ab
1611 2371 1888 2428 occupatione
1913 2369 2016 2411 alie.-

180 2452 329 2477 narmn
349 2452 506 2487 rerum,
535 2438 607 2478 sed
627 2439 680 2479 ab
702 2440 792 2496 ipso
818 2438 943 2480 etiam
961 2440 1049 2494 ejus
1068 2439 1278 2481 desiderio
1297 2437 1479 2479 districte
1496 2433 1816 2493 prohibemur³.

237 2512 319 2553 Sed
342 2513 610 2554 meminerint
637 2515 806 2572 insuper
828 2531 1047 2572 pauperes,
1080 2527 1121 2556 et
1151 2513 1290 2555 miseri
1320 2512 1572 2570 quicumque
1600 2512 1793 2553 homines
1813 2522 2018 2569 quantum

178 2578 255 2634 ipsi
278 2577 457 2618 debeant
481 2578 695 2619 catholicae
719 2579 945 2637 Religioni,
969 2581 1012 2620 in
1038 2595 1119 2636 qua
1142 2581 1390 2620 intemerata
1410 2576 1522 2636 viget
1542 2588 1583 2618 et
1604 2577 1742 2634 palam
1765 2576 2019 2635 praedicatur

180 2642 332 2682 Christi
354 2641 565 2694 doctrina,
593 2644 664 2699 qui
683 2643 886 2685 beneficia
911 2645 953 2684 in
977 2659 1196 2702 pauperes,
1220 2643 1285 2684 vel
1309 2643 1481 2683 miseros
1504 2641 1653 2683 collata
1674 2641 1849 2700 perinde
1868 2641 2017 2682 haberi

182 2723 205 2747 a
231 2722 273 2746 se
304 2706 542 2755 declaravit,
572 2723 620 2747 ac
649 2708 681 2748 si
706 2709 813 2748 facta
841 2709 919 2749 sibi
946 2708 1023 2766 ipsi
1047 2707 1242 2748 fuissent⁶
1275 2725 1283 2747 :
1313 2717 1439 2763 atque
1470 2705 1666 2748 omnibus
1693 2706 2019 2764 praenuntiatam

180 2771 312 2812 voluit
334 2771 588 2827 peculiarem
613 2772 835 2821 rationem,
863 2787 989 2828 quam
1019 2773 1062 2811 in
1086 2772 1153 2813 die
1184 2771 1331 2811 Judicii
1354 2771 1575 2812 habiturus
1600 2782 1661 2811 est
1687 2769 1738 2811 de
1763 2769 1914 2811 iisdem
1937 2769 2018 2809 mi-

183 2833 416 2876 sericordiae
440 2836 654 2892 operibus,
678 2836 760 2876 sive
790 2835 946 2876 scilicet
974 2835 1027 2875 ad
1056 2836 1229 2892 praemia
1253 2846 1416 2875 1616111116
1435 2834 1528 2876 vitae
1555 2834 1750 2876 fidelibus
1773 2831 2015 2881 tribuenda,

230 3045 263 3075 1.
293 3041 327 3075 S.
347 3040 453 3082 Petri,
475 3040 586 3086 Epist.
609 3041 639 3085 I,
663 3053 693 3074 c.
710 3053 752 3082 11,
783 3043 839 3081 13,
857 3052 929 3085 seq.

231 3092 264 3123 2.
291 3089 326 3123 S.
349 3088 449 3121 Pauli
461 3088 572 3134 Epist.
588 3087 630 3120 ad
652 3088 844 3128 Romanos,
865 3100 944 3128 xm,
968 3099 994 3127 1,
1012 3098 1084 3132 seq,

229 3138 264 3171 3.
291 3135 420 3181 Exodi,
436 3148 497 3177 xx,
522 3138 577 3176 15,
598 3137 652 3169 17.
673 3155 719 3160 -
734 3133 1000 3168 Deuteronomii
1020 3147 1053 3169 v.
1084 3135 1138 3175 19,
1157 3136 1213 3168 21.

229 3185 261 3217 4.
291 3182 458 3224 Matthaei,
477 3194 581 3228 xxa-111,
606 3185 669 3224 153
689 3195 769 3227 xxv,
794 3185 851 3224 40,
869 3184 926 3217 1³5.
