2135 3442
165 217 213 253 120
478 214 663 249 LETTRE
692 211 1029 257 APOSTOLIQUE
1059 209 1191 244 POUR
1219 211 1280 245 LE
1308 202 1493 245 JUBILE.
1552 210 1669 246 1846.

164 301 300 348 tertio
321 309 557 364 acceptata
578 300 730 357 fuerit,
749 315 828 345 seu
852 299 896 343 in
914 297 1084 360 quibus
1108 305 1271 357 agatur
1289 295 1348 341 de
1368 294 1638 359 praejudicio
1662 296 1784 341 tertii
1806 313 1991 361 semper

164 365 382 427 exceptis,
410 374 641 428 quatenus
670 380 722 410 ea
746 373 852 409 vota
882 363 973 407 sint
998 360 1201 424 perfecta
1230 370 1275 405 et
1294 359 1528 417 absoluta,
1558 377 1645 406 nec
1675 376 1772 406 non
1799 362 1991 424 poenali-

163 431 269 488 bus,
323 446 424 491 quae
470 429 791 493 praeservativa
840 444 866 473 a
902 426 1102 490 peccatis
1148 435 1498 488 nuncupantur,
1551 426 1637 471 nisi
1681 428 1990 473 commutatio

166 496 321 541 futura
361 494 599 558 judicetur
641 492 889 557 ejusmodi,
927 501 976 536 ut
1016 506 1113 535 non
1154 490 1308 535 minus
1347 506 1373 536 a
1411 500 1603 553 peccato
1650 491 1990 537 committendo

164 559 393 618 refraenet,
420 576 562 621 quam
590 559 719 621 prior
749 558 844 602 voti
869 555 1079 617 materia)
1105 555 1154 600 in
1177 555 1266 600 alia
1288 555 1363 617 pia
1389 566 1433 601 et
1461 555 1677 601 salutaria
1713 571 1857 618 opera
1896 555 1990 601 dis-

164 625 410 688 pensando
448 633 759 682 commutare,
789 622 999 683 injuncta
1030 630 1185 666 tamen
1223 621 1304 677 eis,
1348 629 1393 665 et
1421 637 1587 666 eorum
1617 620 1808 666 cuilibet
1843 621 1889 665 in
1915 637 1994 666 su-

164 689 387 752 pradictis
417 688 637 734 omnibus
666 687 938 752 poenitentia
970 685 1182 737 salutari,
1224 684 1418 747 aliisque
1460 685 1671 747 ejusdem
1714 684 1993 731 Confessarii

164 753 357 800 arbitrio
384 753 695 815 injungendis.

230 818 544 864 Concedimus
570 820 758 881 insuper
781 816 1046 862 facultatem
1069 814 1373 876 dispensandi
1399 831 1539 877 super
1570 814 1909 877 irregularitate
1941 831 1996 861 ex

165 883 416 929 violatione
444 898 747 928 censurarum
772 890 1033 939 contracta,
1064 889 1295 942 quatenus
1325 879 1385 924 ad
1422 879 1577 924 forum
1612 889 1857 925 externum
1897 896 1995 926 non

165 948 223 993 sit
246 947 466 1005 deducta,
493 947 565 993 vel
588 947 646 993 de
672 946 789 992 facili
817 944 1110 991 deducenda.
1133 947 1237 989 Non
1263 943 1554 989 intendimus
1577 954 1735 990 autem
1765 961 1849 1007 per
1875 961 1995 1008 prae-

164 1022 314 1057 sentes
337 1028 476 1074 super
506 1011 593 1057 alia
616 1012 778 1072 quavis
810 1010 1145 1071 irregularitate
1172 1009 1267 1054 sive
1293 1025 1350 1054 ex
1374 1008 1564 1067 delicto,
1593 1010 1687 1055 sive
1707 1026 1761 1054 ex
1792 1009 1995 1066 defectu,

164 1077 236 1122 vel
265 1076 466 1139 publica,
494 1078 562 1121 vel
591 1076 796 1133 occulta,
826 1084 905 1121 aut
925 1085 1060 1132 nota,
1087 1073 1269 1135 aliaque
1301 1074 1632 1137 incapacitate,
1660 1084 1740 1119 aut
1771 1073 1998 1121 inhabili-

167 1150 257 1186 tate
281 1141 625 1203 quoquomodo
662 1150 903 1186 contracta
935 1139 1223 1201 dispensare,
1255 1138 1328 1183 vel
1366 1139 1573 1201 aliquam
1610 1138 1878 1184 facultatem
1908 1141 1997 1185 tri-

167 1205 310 1251 buere
344 1221 483 1266 super
519 1206 760 1269 praemissis
793 1203 1112 1267 dispensandi,
1141 1219 1223 1248 seu
1255 1202 1553 1260 habilitandi,
1587 1213 1632 1248 et
1666 1204 1712 1248 in
1746 1203 1997 1266 pristinum

165 1279 336 1315 statum
370 1270 659 1327 restituendi,
690 1270 830 1315 etiam
862 1270 908 1313 in
944 1268 1047 1314 foro
1080 1268 1395 1328 conscientiae,
1424 1284 1575 1330 neque
1607 1269 1747 1313 etiam
1772 1268 1998 1330 derogare

166 1335 497 1380 Constitutioni
532 1351 640 1380 cum
675 1335 899 1397 appositis
936 1332 1333 1379 declarationibus
1371 1333 1504 1379 editae
1540 1349 1567 1379 a
1600 1332 1675 1378 fel.
1714 1349 1808 1378 rec,
1851 1336 1996 1378 Bene-

166 1399 292 1444 dicto
324 1402 426 1445 XIV
459 1399 800 1445 Praedecessore
840 1401 1008 1443 Nostro
1040 1417 1061 1441 t(
1089 1400 1448 1442 Sacramentum
1473 1399 1765 1443 Poem'tentioe
1789 1418 1811 1440 >2
1839 1398 2001 1460 quoad

167 1462 508 1510 inhabilitatem
543 1463 820 1509 absolvendi
852 1462 1151 1525 complicem,
1179 1472 1222 1507 et
1254 1463 1414 1524 quoad
1440 1462 1776 1524 obligationem
1812 1462 1998 1508 denun-

167 1527 401 1585 ciationis,
439 1544 592 1590 neque
627 1528 814 1574 easdem
850 1537 1099 1591 praesentes
1133 1528 1212 1584 iis,
1249 1528 1329 1589 qui
1373 1544 1395 1572 a
1440 1527 1609 1583 Nobis,
1648 1538 1693 1573 et
1733 1527 2001 1590 Apostolica

168 1591 302 1646 Sede,
330 1592 402 1637 vel
429 1592 585 1654 aliquo
615 1592 824 1649 Praelato,
848 1609 929 1637 seu
958 1595 978 1636 J
987 1591 1121 1636 udice
1148 1592 1468 1637 Ecclesiastico
1499 1592 1781 1637 nominatim
1813 1608 2000 1638 excom·

168 1657 413 1711 municafi,
455 1658 687 1719 suspensi,
729 1656 986 1710 interdicti,
1028 1673 1110 1700 seu
1144 1655 1255 1701 alias
1298 1656 1345 1700 in
1386 1656 1659 1712 sententias,
1695 1666 1737 1701 et
1782 1673 2000 1703 censuras

168 1719 385 1765 incidisse
417 1720 662 1778 declarati,
695 1721 765 1766 vel
797 1720 986 1783 publice
1018 1720 1288 1765 denunciati
1317 1720 1505 1777 fuerint,
1540 1720 1628 1766 nisi
1660 1722 1781 1766 intra
1817 1731 2001 1785 tempus

171 1783 400 1831 dictarum
432 1786 573 1830 trium
607 1785 1016 1831 hebdomadarum
1048 1785 1371 1844 satisfecerint,
1398 1796 1477 1831 aut
1506 1802 1616 1831 cum
1649 1786 1858 1848 partibus
1889 1804 2002 1833 con-

171 1848 466 1894 cordaverint
503 1850 598 1895 ullo
636 1850 779 1896 modo
816 1850 1059 1912 suffragari
1096 1866 1232 1911 posse
1271 1859 1351 1894 aut
1386 1850 1575 1896 debere.
1620 1851 1763 1906 Quod
1797 1852 1834 1896 si
1879 1852 2000 1899 intra

172 1912 451 1975 pra=finitum
486 1915 739 1960 terminum
766 1915 943 1977 judicio
977 1914 1256 1960 Confessarii
1292 1915 1554 1961 satisfacere
1594 1932 1690 1960 non
1728 1917 1995 1975 potuerint,

174 1977 352 2022 absolvi
385 1995 521 2041 posse
555 1979 859 2025 concedimus
885 1980 932 2024 in
971 1978 1072 2024 soro
1109 1979 1403 2024 conscientiae
1429 1980 1488 2025 ad
1512 1980 1729 2025 effectum
1756 1979 2003 2028 dumtaxat

175 2042 454 2103 assequendi
498 2044 814 2104 Indulgentias
853 2043 1058 2102 Jubilaei,
1101 2043 1311 2105 injuncta
1366 2044 1651 2106 obligatione
1688 2045 2000 2092 satisfaciendi

173 2106 323 2151 statim
348 2122 401 2151 ac
425 2117 663 2169 poterunt.

240 2173 537 2234 Quapropter
577 2173 624 2217 in
665 2174 834 2219 virtute
874 2183 1042 2219 sanctae
1080 2171 1359 2218 obedientiae
1399 2182 1561 2219 tenore
1603 2174 1898 2236 praesentium
1935 2174 2002 2220 di-

177 2235 341 2280 strictae
385 2237 702 2298 pra-cipimus,
743 2247 881 2300 atque
921 2236 1201 2283 mandamus
1243 2237 1490 2297 omnibus,
1535 2247 1580 2283 et
1625 2238 2000 2302 quibuscumque

177 2298 435 2345 Ordinariis
476 2300 690 2347 locorum
730 2302 1014 2365 ubicumque
1054 2301 1380 2361 existentibus,
1422 2320 1681 2365 eorumque
1706 2303 1923 2362 Vicariis,
1957 2315 2001 2351 et

180 2363 483 2421 Officialibus,
510 2366 581 2411 vel
610 2368 716 2430 ipsis
747 2366 1088 2424 deficientibus,
1121 2367 1225 2424 illis,
1263 2368 1343 2429 qui
1381 2384 1544 2414 curam
1575 2368 1840 2413 animarum
1869 2385 1999 2415 exer-

179 2440 302 2487 cent,
332 2439 381 2474 ut
414 2447 522 2476 cum
547 2435 841 2493 praesentium
864 2433 1142 2478 Litterarum
1167 2441 1498 2495 transsumpta,
1524 2443 1602 2478 aut
1627 2432 1840 2494 exempla
1862 2435 2000 2480 etiam

180 2494 402 2556 impressa
431 2497 711 2557 acceperint,
749 2497 840 2555 illa,
883 2496 963 2542 ubi
998 2497 1202 2559 primum
1234 2514 1321 2560 pro
1362 2507 1657 2561 temporum,
1696 2513 1750 2542 ac
1783 2497 2001 2546 locorum

180 2559 359 2604 ratione
394 2560 534 2604 satius
570 2561 616 2605 in
646 2563 851 2607 Domino
887 2561 1151 2607 censuerint
1172 2577 1253 2623 per
1279 2577 1384 2607 suas
1408 2562 1637 2608 Ecclesias
1661 2578 1715 2608 ac
1747 2563 1998 2621 Dioeceses,

184 2624 467 2681 Provincias,
492 2626 722 2683 Civitates,
746 2626 949 2688 Oppida,
975 2628 1152 2681 Terras,
1179 2635 1223 2670 et
1253 2627 1357 2673 loca
1383 2626 1642 2691 publicent,
1674 2627 1747 2672 vel
1773 2628 2002 2690 publicari

182 2686 368 2742 faciant,
395 2689 675 2751 populisque
702 2691 841 2735 etiam
866 2689 1004 2735 Verbi
1028 2690 1111 2734 Dei
1133 2691 1478 2752 praedicatione,
1509 2693 1668 2754 quoad
1703 2693 1801 2737 fleri
1832 2695 1996 2756 possit,

181 2750 266 2796 rite
304 2755 584 2814 prreparatis,
623 2755 893 2813 Ecclesiam,
935 2771 1014 2799 seu
1050 2755 1275 2802 Ecclesias
1303 2756 1572 2816 visitandas,
1602 2774 1655 2804 ac
1693 2767 1876 2821 tempus
1915 2775 2000 2822 pro

180 2818 393 2878 pra‘senti
413 2817 604 2863 Jubila‘o
627 2818 886 2880 designent.

246 2883 349 2926 Non
387 2881 680 2927 obstantibus
723 2883 1157 2939 ConstitutionibuS,
1205 2896 1249 2930 et
1286 2885 1674 2933 Ordinationibus
1707 2887 1997 2950 ApostoliciS‚

181 2947 434 3008 praesertim
461 2946 632 3009 quibus
670 2947 858 2993 facultas
890 2948 1163 2993 absolvendi
1197 2950 1240 2994 in
1270 2951 1406 2995 certis
1431 2961 1549 2997 tunc
1565 2953 1791 3015 expressis
1819 2951 2002 2998 casibus

180 3011 241 3056 ita
268 3013 478 3057 Romano
506 3011 716 3057 Pontifici
743 3029 828 3075 pro
854 3022 1064 3075 tempore
1100 3015 1307 3059 existenti
1342 3026 1618 3076 reservatur,
1654 3027 1704 3062 ut
1742 3032 1828 3061 nec
1862 3018 2001 3063 etiam

180 3075 368 3134 similes,
403 3077 472 3122 vel
508 3076 752 3122 dissimiles
782 3076 1195 3136 indulgentiarum),
1223 3088 1266 3123 et
1291 3079 1559 3126 facultatum
1583 3080 1855 3142 hujusmodi
1885 3097 2000 3126 con-

181 3141 435 3198 cessiones,
471 3142 556 3186 nisi
586 3141 644 3186 de
677 3141 764 3185 illis
797 3158 1010 3204 expressa
1043 3143 1235 3197 mentio,
1275 3154 1352 3188 aut
1391 3146 1601 3206 specialis
1636 3146 1877 3206 derogatio
1902 3145 1997 3204 fiat,

180 3207 398 3269 cuiquam
422 3206 662 3269 suffragari
681 3206 873 3269 possint,
899 3223 983 3252 nec
1007 3223 1101 3251 non
1122 3207 1280 3268 regula
1305 3207 1363 3253 de
1389 3226 1484 3254 non
1508 3209 1824 3257 concedendis
1847 3210 2002 3255 indul-
