2135 3442
669 169 808 205 XXIX
830 168 1130 206 SEPTEMBRIS
1167 167 1466 205 MDCCCLXIV.

425 400 491 468 S.
553 399 618 467 S.
679 398 989 466 DOMINI
1053 397 1366 465 NOSTRI
1431 397 1554 464 PII
1620 398 1709 464 IX

907 537 1223 588 EPISTOLA

556 771 893 816 VENERABILI
924 770 1125 814 FRATRI
1157 771 1351 815 JOANNI
1384 771 1590 815 THOMAE

758 890 956 917 EPISCOPO
989 891 1374 918 MONTISREGALENSI
1384 909 1392 917 .

833 1033 994 1093 PIUS,
1040 1032 1206 1082 PAPA
1245 1033 1315 1082 IX

369 1170 644 1212 Venerabilis
673 1171 840 1221 Frater,
866 1171 1044 1212 salutem
1070 1181 1110 1212 et
1126 1172 1417 1228 Apostolicccm
1442 1172 1791 1214 Beneclz'ctionem.

214 1282 457 1340 Singularis,
480 1283 697 1341 Nobisque
714 1283 879 1339 jamdiu
898 1283 1141 1325 notissimus
1157 1294 1254 1325 tuus
1271 1300 1368 1342 erga
1387 1299 1466 1325 nos
1487 1299 1620 1336 amor,
1637 1295 1680 1325 et
1697 1284 1831 1342 pietas
1848 1284 1991 1337 efficit,

153 1360 200 1390 ut
221 1348 494 1389 vehementer
514 1349 733 1406 gratuleris
757 1349 809 1390 de
829 1349 944 1390 bona
968 1348 1226 1399 valetudine,
1250 1364 1333 1405 qua
1364 1349 1474 1390 inter
1500 1349 1704 1391 maximas
1726 1350 1992 1401 acerbitates,

155 1414 244 1454 Deo
266 1412 510 1466 auxiliante,
528 1413 721 1465 fruimur,
743 1414 872 1455 veluti
897 1413 1104 1472 significas
1123 1413 1435 1466 amantissimis,
1451 1425 1493 1455 et
1515 1415 1894 1457 observantissimis
1913 1416 1995 1457 tuis

155 1477 336 1529 Litteris,
358 1476 425 1519 die
448 1484 495 1519 17
516 1479 639 1534 hujus
664 1478 822 1520 mensis
856 1478 982 1529 datis,
1007 1495 1097 1535 quae
1121 1478 1254 1520 Nobis
1279 1489 1408 1536 gratae
1430 1479 1666 1521 admodum
1695 1479 1828 1522 fuere.
1857 1480 1992 1522 Perli-

156 1542 306 1583 benter
331 1552 473 1583 autem
493 1544 731 1600 accepimus
752 1543 837 1584 dno
866 1543 1068 1601 opuscula
1088 1560 1111 1585 a
1129 1555 1168 1585 te
1187 1543 1425 1601 conscripta
1447 1544 1635 1602 typisque
1657 1544 1787 1598 edita,
1814 1561 1998 1602 quorum

155 1622 258 1659 uno,
272 1607 536 1648 Venerabilis
552 1608 713 1658 Frater,
731 1624 948 1666 oppugnes
965 1608 1281 1664 injustissimam
1296 1609 1431 1666 legem
1448 1609 1539 1651 istic
1557 1609 1755 1651 adversus
1765 1609 1997 1667 Religiosas

154 1670 389 1729 praesertim
428 1671 620 1712 Familias
671 1673 956 1729 propositam,
1000 1672 1131 1713 altero
1184 1688 1285 1713 vero
1331 1672 1639 1729 iniquissimam
1672 1674 1827 1731 pariter
1859 1675 1997 1732 legem

155 1735 247 1777 istic
289 1751 455 1793 quoque
490 1735 754 1792 propositam
794 1737 847 1777 de
890 1736 1057 1778 Clericis
1100 1736 1259 1777 militiae
1316 1737 1624 1780 adscribendis,
1663 1740 1765 1792 Quae
1810 1739 1995 1781 infandae

156 1816 258 1842 sane
295 1800 407 1858 leges
439 1800 635 1841 omnibus
671 1800 836 1853 divinis,
874 1800 1182 1853 ecclesiasticis,
1213 1802 1490 1859 humanisque
1517 1804 1685 1859 juribus
1718 1804 1782 1845 vel
1816 1805 1996 1846 maxime

157 1866 356 1916 adversae,
381 1864 558 1906 omnino
585 1876 683 1906 suut
701 1866 980 1923 reprobandae
1004 1882 1051 1907 ac
1072 1866 1340 1907 damnandae.
1364 1867 1648 1909 Vehementer
1671 1879 1814 1910 autem
1833 1869 1998 1927 gaude-

156 1946 264 1982 mus,
300 1940 357 1982 te,
393 1929 656 1971 Venerabilis
689 1931 850 1981 Frater,
878 1947 955 1988 pro
986 1931 1152 1989 egregia
1184 1942 1255 1972 tua
1284 1931 1506 1988 religione,
1535 1948 1583 1974 ac
1619 1934 1871 1976 sacerdotali
1906 1936 1998 1977 zelo

158 2006 248 2037 tum
276 1995 620 2037 commemoratis
645 1995 872 2053 opusculis,
900 2006 992 2037 tum
1027 1995 1116 2037 aliis
1149 1996 1313 2054 scriptis
1335 1998 1379 2037 111
1405 1996 1541 2039 lucem
1568 1998 1706 2051 editis,
1728 2000 1999 2042 sanctissimae

158 2070 310 2101 nostrae
329 2059 546 2118 religionis
568 2075 756 2110 causam,
781 2071 823 2102 et
843 2059 1081 2102 doctrinam
1108 2061 1197 2102 sine
1222 2060 1534 2104 intermissione
1564 2074 1732 2105 strenue
1750 2064 1992 2117 defendere,

157 2135 199 2166 et
220 2124 391 2166 nefariis
413 2124 684 2166 inimicorum
709 2125 933 2166 hominum
954 2126 1155 2176 consiliis,
1177 2126 1481 2185 conatibusque
1504 2139 1749 2171 constanter
1773 2130 1994 2172 obsistere.

157 2188 329 2230 Etenim
348 2188 381 2230 si
404 2205 590 2246 unquam
612 2188 730 2240 alias,
754 2190 794 2230 in
823 2191 902 2231 hac
923 2190 1187 2261 potissimum
1211 2202 1328 2232 tanta
1352 2192 1579 2250 impiorum
1600 2195 1822 2237 hominum
1845 2207 1991 2238 contra

158 2253 408 2295 catholicam
449 2253 678 2296 Ecclesiam
718 2255 1049 2313 conspiratione,
1081 2255 1296 2313 Episcopi,
1336 2256 1466 2299 veluti
1496 2258 1655 2316 optime
1691 2262 1844 2312 noscis,
1881 2261 2001 2302 omui

159 2317 313 2367 studio,
345 2329 386 2359 et
430 2318 702 2360 contentione
738 2320 896 2361 debent
928 2320 1093 2362 fortiter
1119 2321 1299 2378 praeliari
1324 2322 1464 2379 praelia
1496 2325 1690 2378 Domini,
1720 2325 1996 2384 ejusdemque

162 2393 315 2424 sanctae
334 2383 530 2424 Ecclesiae
550 2399 717 2425 causam
740 2383 951 2442 impavide
968 2401 1017 2443 pi
1020 2400 1253 2443 opugnare.

221 2521 312 2560 Jam
335 2535 436 2561 vero
470 2536 522 2561 ex
558 2521 707 2563 iisdem
740 2523 823 2564 tuis
849 2523 1017 2565 Litteris
1045 2540 1133 2565 non
1161 2524 1365 2566 mediocri
1394 2536 1504 2566 certe
1535 2525 1751 2583 voluptate
1782 2527 1993 2580 novimus,

163 2584 241 2625 tibi
290 2600 453 2642 magnae
515 2587 793 2628 consolationi
856 2587 983 2630 fuisse
1031 2589 1227 2630 ultimum
1274 2589 1607 2647 prosynodalem
1663 2593 1929 2633 Conventum
1975 2608 1999 2634 a

163 2660 203 2690 te
238 2648 458 2699 habitum,
500 2649 542 2690 in
575 2667 700 2721 quem
733 2668 968 2695 convenere
1005 2654 1206 2696 Canonici
1247 2655 1364 2696 istius
1403 2654 1655 2696 cathedralis
1687 2657 1746 2697 tui
1775 2656 1924 2713 templi
1959 2668 2001 2699 et

164 2714 382 2755 universus
422 2714 539 2755 istius
586 2715 762 2758 civitatis
809 2717 972 2768 Clerus,
1015 2734 1062 2760 ac
1104 2730 1275 2760 centum
1323 2730 1363 2760 et
1409 2719 1557 2761 decem
1600 2720 1719 2762 istius
1760 2722 1998 2764 Dioeceseos

166 2778 358 2819 Parochi.
402 2779 595 2835 Namque
631 2780 780 2822 eodem
815 2784 858 2823 in
896 2795 1107 2825 conventu
1145 2785 1288 2826 omnia
1316 2784 1626 2842 relioiosissime
1662 2797 1832 2844 ptracta
1863 2786 1994 2837 fuere,

167 2858 398 2900 omnesque
421 2842 763 2886 luculentissimis
783 2849 925 2889 1611)15
952 2848 1129 2906 piofessi
1155 2860 1266 2899 sunt,
1292 2821 1416 2890 nihils
1430 2850 1509 2891 sibi
1538 2850 1708 2908 gratius,
1732 2851 1836 2892 nihil
1855 2852 2000 2909 potius

169 2923 255 2949 esse
280 2923 417 2966 posse,
445 2924 572 2965 quam
602 2909 903 2952 sanctissimam
934 2924 1124 2955 nostiam
1148 2914 1290 2966 fidem,
1316 2924 1357 2954 et
1380 2915 1605 2957 Catholicae
1627 2915 1823 2958 Ecclesiae
1844 2915 1997 2958 doctri-

171 2987 271 3013 nam
293 2972 537 3024 defendere,
570 2984 611 3014 et
637 2973 845 3015 immobili
868 2976 948 3017 fide
968 2989 1007 3018 et
1028 2978 1294 3020 obse1vantia
1313 2979 1447 3020 Nobis
1473 2991 1512 3020 et
1531 2980 1627 3021 huic
1646 2981 1758 3021 Petri
1779 2980 1998 3022 Cathedrae

173 3030 349 3073 firmiter
391 3032 620 3074 adhaerere.
668 3033 795 3085 Quod
839 3035 1007 3090 quidun
1052 3053 1139 3077 non
1183 3037 1271 3079 lese
1309 3038 1443 3079 Nobis
1490 3038 1685 3080 solatium
1725 3039 2000 3097 laetitiamque

169 3095 318 3137 attulit.
366 3097 570 3154 Equidem
609 3113 657 3138 ex
693 3098 935 3153 hujusmodi
977 3102 1270 3158 congiessibus
1308 3118 1485 3154 summa,
1530 3105 1620 3145 Deo
1666 3104 1915 3155 auxiliante,
1957 3101 1999 3143 in
