2135 3442
202 162 278 198 204
819 161 1132 197 ALLOCUTION
1160 162 1225 196 DE
1254 162 1333 197 PIE
1362 162 1432 197 IX.

204 260 345 290 autem
365 262 483 304 spem
506 247 710 304 erigimur
741 247 845 298 fore,
869 258 914 288 ut
941 247 1251 305 quamprimum
1275 248 1447 289 aliarum
1471 248 1580 289 illius
1603 250 1740 306 Regni
1762 251 2040 294 Ecclesiarum

201 312 396 354 viduitati
415 312 655 369 prospicere
674 313 894 369 possimus,
917 324 1047 369 utque
1070 314 1194 354 rebus
1209 314 1295 367 jam
1313 328 1424 353 nnnc
1447 314 1489 353 in
1511 312 1729 354 meliorem
1752 315 2039 357 conditionem

203 376 485 435 vergentibus,
507 387 547 416 et
570 376 736 418 favente
759 378 885 417 etiam
909 378 1125 418 Catholica
1147 379 1366 434 Majestatc
1384 380 1464 419 Sua
1485 377 1527 418 in
1553 377 1642 419 aliis
1662 395 1789 436 porro
1808 391 1930 438 atque
1949 382 2040 424 aliis

202 440 416 499 religionis
446 441 639 498 negotiis,
664 441 707 481 in
731 457 822 498 quse
849 441 961 482 idem
985 442 1249 484 Venerabilis
1270 444 1414 485 Frater
1437 443 1664 500 Delegatus
1689 445 1843 486 Noster
1871 445 2036 488 studio-

203 505 365 547 sissime
382 505 602 556 incumbit,
634 516 731 546 vota
752 517 792 547 et
824 505 999 548 consilia
1021 508 1175 549 Nostra
1200 507 1364 550 felicem
1389 508 1513 550 dante
1539 507 1723 550 Domino
1749 509 1908 551 exitum
1926 526 2038 553 asse-

203 582 400 628 quantur.

262 701 357 741 Alia
378 699 506 741 etiam
520 699 646 757 longe
668 700 921 757 amplissima
941 699 1018 740 sub
1038 700 1118 741 alio
1132 717 1288 758 magno
1304 702 1496 759 Principe
1514 703 1628 760 regio
1647 713 1723 753 est,
1744 703 1787 743 in
1803 718 1884 760 qua
1902 704 2044 745 catho-

204 764 292 805 licae
312 764 537 822 Religionis
554 780 618 805 res
639 763 849 805 diuturnis
872 764 1216 822 gravioribusque
1238 766 1547 807 calamitatibus
1580 765 1741 808 afflictae
1764 766 1900 824 ipsum
1917 783 2042 809 reco-

207 829 341 870 lendae
362 830 574 870 memoria*
597 831 869 870 Decessorem
893 829 1098 870 Nostrum
1117 830 1271 871 multos
1290 847 1364 888 per
1384 847 1516 871 annos
1537 831 1761 873 sollicitum
1785 832 2037 885 habuerant,

206 905 246 934 et
265 894 495 951 praecipuas
515 894 691 934 Nostras
707 909 825 934 curas
846 893 923 934 sibi
940 894 1098 950 pariter
1113 894 1396 937 vindicarunt.
1416 895 1621 952 Equidem
1640 896 1942 954 optavissemus
1961 898 2043 938 hoc

206 958 298 1014 ipso
319 957 386 999 die
404 974 477 999 vos
495 957 692 999 certiores
714 957 850 999 facere
877 958 928 999 de
946 959 1064 998 bono
1090 958 1218 1010 exitu,
1240 976 1366 1017 quem
1388 960 1524 1016 aliqua
1540 976 1590 1001 ex
1609 972 1725 1018 parte
1739 962 1915 1003 Nostras
1935 963 2044 1019 ipsas

206 1039 326 1064 curas
344 1022 535 1064 habuisse
556 1021 888 1063 confidebamus.
910 1023 1003 1063 Non
1026 1022 1197 1064 defuere
1214 1036 1353 1065 autem
1375 1024 1544 1082 quidem
1569 1027 1887 1083 epliemeridum
1909 1026 2043 1084 scrip-

204 1098 329 1136 tores,
358 1087 490 1145 quiid
514 1087 650 1144 ipsum
683 1085 856 1127 feliciter
881 1086 1065 1128 evenisse
1098 1086 1364 1130 affirmarim.
1397 1090 1483 1130 Nos
1508 1102 1647 1131 tamen
1670 1090 1774 1132 nihil
1798 1091 1937 1132 adhuc
1963 1107 2041 1133 an-

205 1151 400 1193 nuntiare
427 1150 544 1191 vobis
564 1166 788 1208 possumus
807 1151 885 1191 nisi
905 1152 1071 1192 firmam
1091 1167 1223 1208 spem,
1249 1168 1330 1209 qua
1355 1164 1639 1195 sustentamur
1655 1155 1761 1207 fore,
1784 1167 1832 1197 ut
1853 1157 2045 1213 omnipo-

204 1227 296 1257 tens
315 1227 356 1257 et
373 1215 614 1257 misericors
635 1217 746 1256 Deus
767 1216 976 1273 propitius
994 1215 1187 1273 respiciat
1212 1234 1338 1275 super
1355 1218 1545 1259 Ecclesise
1563 1236 1643 1260 sure
1666 1219 1774 1261 filios
1794 1220 1919 1261 tantis
1939 1221 2044 1261 inibi

204 1280 551 1321 tribulationibus
582 1279 860 1330 conflictatos,
888 1291 929 1321 et
961 1281 1236 1322 sollicitudini
1269 1282 1508 1333 benedicat,
1535 1300 1616 1340 qna
1643 1295 1796 1325 statum
1828 1283 2043 1326 catholiea‘

203 1345 433 1402 Religionis
454 1345 496 1386 in
517 1344 739 1387 meliorem
761 1345 843 1386 illic
864 1346 1154 1388 conditionem
1180 1347 1389 1388 adducere
1413 1350 1685 1390 connitimur.

264 1410 385 1450 Nunc
404 1426 531 1467 porro
554 1410 774 1451 vobiscum
790 1411 1167 1461 communicamus,
1190 1412 1463 1453 venerabiles
1478 1413 1662 1466 Fratres,
1686 1429 1894 1454 summam
1912 1412 2045 1454 admi-

204 1474 428 1528 rationem,
456 1491 537 1531 qua
560 1474 707 1516 intime
729 1474 870 1516 affecti
893 1475 1062 1526 fuimus,
1093 1478 1163 1516 ubi
1187 1477 1386 1535 scriptum
1408 1494 1429 1518 a
1451 1478 1635 1534 quodam
1658 1479 1749 1518 viro
1771 1476 2046 1518 ecclesiastica

205 1538 406 1596 dignitate
432 1538 633 1597 insignito
665 1540 972 1589 elucubratum,
1012 1540 1204 1598 typisque
1239 1542 1399 1583 editum
1434 1542 1485 1583 ad
1508 1543 1595 1583 Nos
1616 1543 1822 1600 pervenit.
1853 1542 2046 1599 Namque

204 1604 317 1646 idem
334 1604 396 1645 vir
410 1606 451 1645 in
464 1605 705 1661 hujusmodi
719 1605 874 1662 scripto
889 1605 940 1645 de
954 1606 1204 1661 quibusdam
1220 1607 1395 1664 loquens
1411 1607 1631 1657 doctrinis,
1648 1622 1750 1664 quas
1763 1605 2045 1647 Ecclesiarum

203 1670 385 1727 regionis
409 1686 490 1710 sure
509 1669 757 1711 traditiones
784 1669 981 1727 appellat,
1007 1681 1048 1711 et
1069 1670 1219 1727 quihus
1247 1671 1369 1727 hujus
1396 1672 1650 1730 Apostolica‘
1670 1671 1787 1713 Sedis
1805 1672 1899 1726 jura
1921 1686 2044 1712 coar-

205 1745 319 1776 ctare
331 1735 578 1786 intenditur,
593 1735 707 1775 hand
723 1734 890 1776 erubuit
903 1750 1102 1787 asserere,
1115 1736 1363 1778 traditiones
1376 1737 1485 1794 ipsas
1497 1752 1518 1777 a
1533 1737 1667 1777 Nobis
1681 1738 1724 1776 in
1735 1737 1870 1794 pretio
1883 1736 2043 1777 haberi.

206 1799 331 1840 Absit
345 1799 574 1849 enimvero,
601 1798 878 1840 venerabiles
894 1800 1073 1851 Fratres,
1100 1811 1147 1841 ut
1162 1817 1280 1842 mens
1295 1812 1367 1842 aut
1383 1801 1583 1858 cogitatio
1604 1802 1737 1842 Nobis
1758 1817 1943 1857 unquam
1962 1800 2049 1842 fue—

204 1864 257 1904 rit
279 1864 343 1904 vel
365 1865 589 1905 minimum
613 1864 824 1906 declinare
848 1879 869 1904 a
893 1865 1104 1919 majorum
1119 1865 1331 1919 institutis,
1354 1877 1425 1906 aut
1446 1867 1655 1907 abstinere
1675 1866 1726 1905 ab
1744 1866 1868 1922 hujus
1885 1865 2047 1906 Sancta*

205 1929 322 1970 Sedis
342 1927 589 1970 auctoritate
613 1939 723 1970 sarta
744 1939 854 1969 tecta
878 1930 1180 1983 conservanda,
1202 1942 1328 1988 atque
1350 1930 1523 1972 tuenda.
1550 1931 1765 1971 Habemus
1786 1929 1984 1987 equidem
2003 1929 2046 1970 in

203 1993 340 2051 pretio
364 1993 597 2051 peculiares
617 1993 877 2043 traditiones,
903 1992 977 2035 sed
1001 2009 1070 2035 eas
1094 2005 1273 2046 tantum,
1308 2012 1398 2053 quae
1422 2012 1444 2037 a
1465 1995 1690 2036 Catholicae
1710 1994 2048 2037 Ecclesiaesensu

204 2074 291 2098 non
308 2058 560 2115 discrepent,
587 2059 816 2116 praesertim
837 2074 937 2098 vero
952 2058 1042 2100 illas
1059 2075 1303 2102 reveremur
1322 2076 1369 2102 ac
1384 2060 1621 2102 firmissime
1636 2072 1818 2110 tuemur,
1840 2075 1931 2116 quae
1950 2075 2047 2100 cum

206 2121 383 2163 aliarum
403 2122 687 2164 Ecclesiarum
711 2123 952 2172 traditione,
982 2134 1104 2180 atque
1132 2126 1174 2165 in
1199 2127 1345 2182 primis
1366 2142 1463 2167 cum
1484 2126 1562 2166 hac
1581 2135 1723 2166 sancta
1746 2126 1940 2166 Romana
1960 2125 2045 2165 Ec-

206 2187 330 2227 clesia
354 2187 480 2244 plane
501 2199 751 2246 congruant,
778 2187 831 2228 ad
853 2203 996 2244 quam,
1024 2200 1067 2228 ut
1082 2189 1125 2231 S.
1151 2190 1297 2231 Irenaei
1313 2191 1453 2232 verbis
1470 2202 1655 2240 utamur,
1680 2212 1696 2226 κ
1719 2199 1891 2247 propter
1908 2189 2046 2246 potio-

212 2272 229 2287 «
252 2266 342 2293 rem
361 2251 722 2310 principalitatem
743 2267 911 2294 necesse
924 2263 985 2293 est
1002 2268 1173 2295 omnem
1189 2256 1413 2297 convenire
1428 2256 1673 2305 Ecclesiam,
1686 2254 1768 2295 hoc
1781 2265 1842 2295 est
1862 2269 1952 2304 eos,
1976 2254 2047 2310 qui

212 2336 231 2352 «
256 2327 353 2356 sunt
384 2316 574 2374 undique
596 2317 756 2367 fideles,
786 2316 827 2357 in
853 2333 933 2373 qua
962 2333 1127 2375 semper
1157 2320 1210 2360 ab
1241 2320 1323 2371 his,
1352 2320 1422 2378 qui
1447 2331 1544 2362 sunt
1569 2319 1771 2376 undique,
1801 2330 2046 2360 conservata

216 2402 232 2416 «
255 2391 316 2421 est
341 2397 404 2435 ea,
435 2397 526 2438 quae
550 2393 611 2423 est
634 2383 687 2422 ab
714 2381 914 2439 apostolis
932 2381 1121 2424 traditio.
1150 2405 1167 2419 »
1195 2384 1255 2441 (S.
1287 2386 1426 2435 tumn,
1450 2385 1608 2426 Contra
1633 2384 1827 2437 lzaereses,
1859 2383 1936 2424 lib.
1965 2384 2043 2435 Ill,

210 2461 304 2503 cap.
324 2446 387 2502 3.)

268 2512 323 2550 At
338 2510 452 2551 alind
469 2510 641 2568 insuper
660 2521 736 2560 est,
753 2510 866 2567 quod
882 2512 1071 2552 animum
1082 2513 1287 2554 Nostrum
1300 2513 1572 2555 vehementer
1584 2512 1700 2571 angit
1711 2524 1752 2554 et
1767 2523 1904 2570 urget.
1921 2513 2047 2570 Igno-

211 2585 298 2616 tum
323 2585 437 2615 certe
461 2574 581 2616 vobis
612 2591 697 2615 non
719 2586 794 2624 est,
822 2575 1094 2617 Venerabiles
1116 2578 1296 2628 Fratres,
1320 2577 1476 2618 multos
1495 2576 1681 2618 hostium
1701 2577 1917 2619 catholicae
1935 2578 2047 2619 veri-

211 2638 305 2680 tatis
327 2639 427 2680 inid
445 2639 682 2697 praesertim
702 2640 857 2681 nostris
878 2642 1143 2698 temporibus
1168 2653 1343 2683 conatus
1363 2657 1459 2682 suos
1481 2643 1718 2693 intendere,
1744 2654 1789 2684 ut
1809 2653 2044 2684 monstrosa

210 2719 386 2760 quaeque
406 2703 655 2761 opinionum
670 2715 866 2761 portenta
889 2704 1146 2762 aequiparare
1162 2706 1364 2747 doctrinae
1383 2707 1551 2757 Christi,
1581 2719 1652 2749 aut
1671 2724 1767 2750 cum
1787 2723 1835 2749 ea
1849 2707 2047 2749 commis·

209 2784 302 2810 cere
324 2769 496 2819 vellent,
529 2779 651 2825 atque
679 2769 736 2808 ita
759 2767 934 2825 impium
962 2768 1066 2809 illud
1091 2769 1143 2810 de
1167 2770 1386 2825 cujuslibet
1411 2771 1623 2828 religionis
1647 2772 1941 2828 indifferentia
1956 2786 2045 2829 sys-

211 2843 320 2874 tema
338 2831 470 2889 magis
487 2832 700 2890 magisque
719 2848 952 2890 propagare
978 2834 1324 2876 commoliuntur.
1350 2836 1583 2878 Novissime
1603 2848 1761 2888 autem,
1780 2836 2044 2879 horrendum

213 2897 346 2939 dictu!
367 2897 526 2938 inventi
549 2896 674 2954 aliqui
695 2907 791 2937 sunt
806 2898 875 2953 qui
899 2913 991 2938 eam
1015 2898 1196 2951 nomini,
1218 2911 1260 2941 et
1281 2902 1533 2958 Apostolicoe
1552 2901 1746 2961 dignitati
1764 2902 1928 2943 Nostrae
1944 2915 2045 2942 con-

214 2962 431 3004 tumeliam
453 2961 758 3019 imposuerunt,
789 2972 835 3001 ut
852 2961 940 3002 Nos
962 2961 1090 3002 veluti
1110 2963 1329 3021 participes
1343 2965 1525 3007 stultitiae
1550 2983 1648 3018 suae,
1669 2977 1712 3008 et
1730 2965 1953 3008 memorati
1972 2979 2046 3006 ne-

215 3026 402 3084 quissimi
418 3027 649 3084 systematis
672 3025 864 3067 fautores
881 3026 1102 3067 traducere
1118 3043 1201 3068 non
1222 3028 1470 3072 dubitarint.
1495 3032 1549 3071 Hi
1566 3032 1766 3072 nimirum
1778 3045 1829 3072 ex
1843 3028 2039 3077 consiliis,

215 3107 238 3132 a
255 3091 486 3150 Religionis
500 3091 715 3133 catholicae
736 3091 953 3132 sanctitate
976 3091 1091 3132 haud
1111 3104 1222 3134 certe
1241 3093 1386 3136 alienis
1399 3128 1408 3145 ,
1432 3111 1522 3152 quae
1538 3097 1579 3136 in
1600 3094 1775 3154 negotiis
1794 3092 2044 3152 quibusdam

223 3156 278 3196 ad
290 3155 454 3198 civilem
473 3155 698 3214 pontificiae
717 3154 897 3197 Ditionis
916 3156 1257 3213 procurationem
1271 3161 1554 3217 spectantibus
1569 3162 1750 3218 benigne
1768 3157 1952 3200 ineunda
1966 3157 2046 3199 du-

221 3219 356 3262 ximus
375 3222 554 3279 publicae
571 3220 863 3263 commoditati
884 3231 924 3261 et
942 3222 1208 3280 prosperitati
1225 3223 1488 3282 ampliandae,
1511 3237 1635 3283 atque
1656 3240 1706 3266 ex
1725 3224 1844 3266 venia
1862 3222 2046 3265 nonnul-
