2135 3442
240 151 316 188 464
755 125 761 129 ’
850 145 1165 182 ALLocuTION
1194 146 1260 181 DE
1289 145 1369 181 ΡῙΕ
1398 145 1471 180 lx.

240 247 356 278 tanta
380 235 479 286 fide,
500 234 656 292 pietate
683 244 724 275 et
751 232 1019 275 observantia
1047 232 1185 274 Nobis
1214 243 1255 273 et
1282 230 1379 273 huie
1407 230 1521 273 Petri
1551 231 1769 272 Cathedrae
1801 231 1977 274 firmiter
1999 235 2083 275 ob-

238 300 388 354 stricti,
407 316 456 342 ac
474 298 757 341 ministerium
773 309 962 339 vestrum
984 297 1213 354 implentes
1239 299 1451 353 majorem
1468 296 1547 337 Dei
1567 295 1764 354 gloriam,
1786 307 1828 338 et
1847 298 2084 340 animarum

239 366 416 407 salutem
451 366 567 406 omni
603 363 744 406 studio
782 377 1013 421 procurare
1052 361 1305 418 gloriamini,
1346 360 1502 418 quique
1540 359 1878 403 concordissimis
1914 361 2080 412 animis,

239 441 365 487 atque
393 429 630 471 admirabili
656 443 755 470 sane
784 443 884 468 cura
911 438 954 468 et
987 442 1130 467 amore
1162 443 1244 468 una
1275 442 1371 468 cum
1398 425 1490 467 aliis
1514 425 1842 467 venerabilibus
1867 426 2085 469 Fratribus

239 494 370 537 totius
393 494 591 536 catholici
619 492 734 535 orbis
757 490 976 549 Episcopis
997 501 1039 532 et
1058 490 1253 533 fidelibus
1273 502 1421 533 vestra*
1449 501 1491 532 et
1517 490 1689 532 illorum
1715 506 1824 531 curae
1845 490 2084 534 commissis

239 559 506 617 gravissimas
522 559 697 600 Nostras
718 557 932 613 angustias
950 566 991 597 ct
1008 555 1257 597 acerbitates
1275 556 1415 598 modis
1438 554 1638 596 omuibus
1655 555 1789 597 lenire
1806 566 1847 596 et
1867 555 2085 598 sublevare

239 640 327 666 non
351 623 560 666 desinitis.
584 621 797 676 Quocirca
823 622 901 662 hac
931 621 1059 661 etiam
1087 620 1308 662 occasione
1338 619 1615 661 amantissimi
1641 636 1760 677 aeque
1786 635 1834 661 ac
1860 619 2086 678 gratissimi

239 689 369 731 animi
397 688 542 731 Nostri
573 704 717 730 sensus
747 702 847 743 erga
872 701 969 737 VOS,
1001 696 1042 726 et
1073 685 1176 727 alios
1206 701 1354 728 omnes
1380 684 1655 726 venerabiles
1684 686 1873 735 Fratres,
1903 695 1944 726 et
1972 684 2087 742 ipsos

239 755 383 796 fideles
424 752 695 812 amplissimis
732 750 873 793 verbis
916 750 1057 808 palam
1100 750 1355 808 publiceque
1400 750 1669 808 profitemur.
1714 751 1752 791 A
1788 750 1908 791 vobis
1945 760 2086 791 autem

241 818 534 876 exposcimus,
571 830 614 859 ut
652 832 749 858 cum
785 816 838 857 ad
869 826 1030 856 vestras
1060 814 1270 856 redieritis
1303 815 1501 856 dioeceses
1530 814 1666 856 velitis
1699 814 1859 856 eisdem
1889 814 2087 856 fidelibus

239 894 386 926 vestrae
415 882 641 942 vigilantiae
676 880 933 923 concreditis
971 880 1050 921 hos
1087 880 1218 921 animi
1247 880 1393 921 Nostri
1423 896 1570 922 sensus
1595 881 1754 922 Nostro
1779 878 1951 921 nomine
1976 895 2088 920 nun-

239 948 367 999 tiare,
400 948 581 1005 illosque
619 946 823 988 certiores
860 945 999 987 facere
1031 944 1084 986 de
1118 955 1296 1002 paterna
1328 945 1483 986 Nostra
1515 945 1558 986 in
1594 944 1690 986 illos
1720 943 1914 996 caritate,
1950 943 2088 1000 deque

239 1013 485 1071 Apostolica
516 1011 833 1061 Benedictione,
867 1025 997 1067 quam
1028 1025 1078 1050 ex
1110 1009 1262 1051 intimo
1296 1009 1425 1050 corde
1460 1010 1712 1068 profectam,
1746 1021 1787 1051 et
1819 1025 1916 1051 cum
1949 1007 2088 1050 omnis

239 1092 347 1119 verse
376 1076 585 1119 felicitatis
613 1088 714 1117 voto
744 1078 1015 1131 conjunctam
1042 1075 1163 1117 vobis
1193 1074 1310 1133 ipsis,
1342 1074 1380 1115 V
1383 1074 1618 1117 enerabiles
1648 1076 1833 1127 Fratres,
1858 1086 1898 1117 et
1927 1073 2087 1116 eisdem

240 1141 437 1184 fidelibus
460 1141 679 1200 impertire
700 1142 979 1184 vehementer
998 1141 1207 1182 laetamur.
