2135 3442
164 179 240 215 5⁶24
713 167 1062 212 DriccARATION
1092 176 1184 211 Das
1212 164 1453 220 rivfiQUES.

161 272 334 314 paratum
362 276 443 301 esse
461 263 626 300 animam
644 263 772 314 potius
793 275 934 312 ponere
956 275 1067 311 quam
1086 261 1184 298 hanc
1205 261 1290 307 Dei,
1307 259 1498 307 Ecclesiae,
1523 274 1565 297 ac
1584 260 1737 308 justitiae.
1757 273 1906 298 causam
1926 262 2004 300 ullo

162 323 278 359 modo
299 323 476 360 deserere
493 322 519 362 ²,
550 339 566 355 υ
594 322 739 369 Quibus
760 320 953 372 praeclaris
975 320 1103 357 ,verbis
1123 334 1192 357 nos
1213 320 1467 357 acclamantes
1484 333 1526 356 ac
1549 319 1773 368 plaudentes
1793 321 2004 369 responde-

163 394 262 427 mus,
289 394 358 417 nos
378 383 519 418 Tecum
541 389 577 417 et
598 382 645 417 ad
665 393 858 417 carcerem
881 388 918 416 et
938 379 985 416 ad
1003 388 1163 416 mortem
1184 379 1238 415 ire
1265 386 1420 429 paratos
1441 391 1542 425 esse3
1568 380 1698 428 Teque
1719 378 1914 415 humiliter
1934 392 2002 415 ro-

160 452 306 488 gamus,
336 448 378 476 ut
407 439 446 476 in
474 439 543 476 hac
571 438 799 483 constantia,
825 452 868 475 ac
898 437 1116 475 firmissimo
1137 437 1335 489 proposito
1361 450 1516 474 maneas
1538 436 1766 487 immobilis,
1787 437 1930 486 angelis
1959 447 1997 476 et

160 497 379 535 hominibus
399 498 530 535 invicti
549 499 667 534 animi
689 507 725 535 et
745 510 902 535 summae
918 496 1068 534 virtutis
1089 498 1346 548 spectaculum
1367 498 1498 533 factus.
1525 497 1569 533 ld
1589 496 1702 533 etiam
1723 510 1741 533 a
1763 499 1814 532 Te
1835 495 2001 546 postulat

161 556 301 594 Christi
321 556 489 594 Ecclesia
510 570 582 607 pro
606 557 713 603 cujus
737 555 899 593 feliciori
929 555 1114 605 regimine
1141 555 1321 592 Romanis
1342 554 1588 592 Pontificibus
1617 554 1737 592 civilis
1764 554 2001 605 principatus

158 616 490 667 providentissime
512 615 582 653 fuit
607 615 825 659 attributus,
850 628 1011 665 quaeque
1031 614 1127 651 adeo
1154 614 1270 652 sensit
1291 615 1460 661 ejusdem
1483 615 1641 651 tutelam
1668 615 1716 650 ad
1736 614 1856 665 ipsam
1878 612 2001 665 perti-

157 688 264 722 nere,
283 684 339 722 ut,
361 676 456 712 Sede
480 674 570 712 olim
596 674 813 726 Apostolica
833 682 1007 724 vacante,
1029 672 1260 723 gravissimis
1282 674 1320 710 in
1339 672 1535 723 angustiis,
1559 672 1790 724 temporales
1813 675 1995 709 Romanae

157 733 335 771 Ecclesiae
349 734 606 785 possessiones
621 747 753 770 omnes
772 732 1075 770 Constantiensis
1093 732 1252 770 Concilii
1271 735 1414 779 Patres,
1436 731 1491 769 uti
1513 746 1560 770 ex
1579 731 1739 782 publicis
1759 740 1862 782 patet
1881 732 2001 768 docu-

157 791 309 839 mentis,
328 792 367 829 in
389 807 506 830 unum
527 792 855 838 administrarent;
879 791 917 828 id
936 791 1130 842 postulant
1150 790 1288 828 Christi
1309 791 1439 828 fideles
1458 804 1526 842 per
1545 804 1677 828 omnes
1693 799 1880 827 terrarum
1897 787 2001 826 orbis

157 850 333 901 regiones
346 851 523 903 dispersi,
542 851 605 902 qui
620 851 738 888 libere
753 852 799 888 ad
815 855 866 888 Te
879 851 1026 899 venire,
1040 850 1236 900 libereque
1251 849 1490 887 conscientia?
1505 863 1580 887 suae
1591 849 1791 887 consulere
1805 848 1970 899 gestiunt
1983 863 1994 894 ς

155 909 193 947 id
214 911 382 961 denique
409 911 491 962 ipsa
519 911 640 949 civilis
663 910 834 961 deposcit
861 910 1037 959 societas,
1070 923 1154 959 quae
1175 923 1223 946 ex
1249 907 1319 945 Tui
1340 908 1536 958 regiminis
1556 908 1802 946 subversione
1828 922 1894 946 sua
1912 906 1994 959 ipsa

155 977 290 1006 nutare
308 969 422 1007 sentit
439 971 702 1007 fundamenta.

206 1144 279 1180 Sed
299 1142 392 1193 quid
410 1144 540 1195 plura!
565 1146 621 1180 Tu
642 1145 796 1181 tandem
817 1144 1025 1195 aliquando
1048 1145 1226 1182 scelestos
1245 1143 1422 1181 homines
1443 1151 1480 1181 et
1500 1143 1690 1180 bonorum
1715 1143 1993 1181 ecclesiastico-

152 1215 239 1238 rum
268 1203 484 1253 direptores
511 1203 613 1250 justo
637 1203 782 1250 judicio
813 1205 1000 1241 damnans
1031 1204 1161 1242 omnia
1201 1217 1285 1254 quae
1313 1211 1558 1254 patraverant
1600 1221 1615 1235 «
1642 1202 1751 1239 irrita
1780 1211 1816 1240 et
1847 1203 1949 1239 nulla
1973 1219 1989 1236 1>

151 1261 442 1310 proclamasti13
473 1270 578 1299 actus
605 1276 738 1299 omnes
765 1263 811 1299 ab
838 1263 884 1300 iis
904 1263 1114 1301 intentatos
1134 1262 1385 1312 «illegitimos
1404 1261 1562 1299 omnino
1583 1271 1620 1299 et
1646 1262 1883 1311 sacrilegos»
1915 1275 1993 1299 esse

150 1318 351 1356 decrevisti
373 1319 406 1367 ²3
426 1320 607 1371 ipsosque
632 1321 763 1358 talium
785 1321 1000 1359 facinorum
1025 1336 1111 1359 reos
1132 1323 1254 1374 poenis
1272 1330 1308 1358 et
1325 1320 1495 1358 censuris
1518 1320 1782 1358 ecclesiasticis
1807 1319 1995 1357 obnoxios

144 1375 234 1428 jure
255 1392 298 1415 ac
315 1379 454 1415 merito
475 1379 677 1416 declarasti
694 1380 724 1417 ³.

203 1438 282 1473 Hos
308 1445 384 1474 tam
414 1450 549 1487 graves
575 1437 643 1474 Tui
670 1439 748 1475 oris
769 1452 980 1487 sermones,
1003 1449 1128 1477 tamve
1152 1439 1335 1490 praeclara
1366 1447 1470 1489 gesta
1492 1447 1667 1475 nostrum
1691 1447 1748 1475 est
1773 1446 1995 1475 reverenter

149 1494 342 1546 excipere,
365 1495 487 1546 iisque
517 1496 673 1547 plenum
699 1510 896 1535 assensum
915 1512 1119 1536 renovare.
1150 1498 1268 1535 Sicuti
1292 1497 1393 1536 enim
1416 1511 1554 1549 corpus
1579 1495 1709 1548 capiti,
1736 1496 1796 1534 cui
1812 1495 1990 1547 jungitur

149 1554 411 1591 membrorum
434 1554 661 1605 compagine
678 1569 829 1606 unaque
855 1556 946 1604 vita,
970 1557 1009 1594 in
1036 1556 1216 1594 omnibus
1239 1556 1430 1603 condolet,
1454 1556 1505 1593 ita
1524 1569 1593 1593 nos
1616 1559 1757 1593 Tecum
1778 1555 1994 1593 consentire

147 1625 301 1650 necesse
330 1622 402 1651 est.
435 1613 518 1651 Tibi
549 1613 588 1650 in
617 1614 721 1651 omni
746 1619 826 1652 Tua
847 1616 918 1653 hac
939 1616 1182 1653 acerbissima
1204 1615 1425 1662 afflictione,
1449 1615 1502 1652 sic
1524 1614 1810 1663 conjungimur,
1839 1622 1880 1650 ut
1908 1625 1994 1663 quae

147 1670 231 1708 Tibi
251 1671 331 1722 pati
350 1672 563 1722 contingat,
580 1674 713 1709 eadem
734 1682 771 1710 et
791 1687 873 1721 nos,
889 1674 1030 1712 amoris
1051 1688 1254 1720 consensu,
1279 1673 1484 1724 patiamur.
1498 1677 1621 1710 Deum
1636 1671 1783 1710 interea
1801 1670 1994 1723 supplices

147 1728 383 1778 invocamus,
413 1739 456 1767 ut
482 1739 557 1768 tam
583 1731 726 1781 iniquae
752 1745 881 1769 rerum
906 1732 1189 1783 perturbationi
1216 1734 1486 1783 finem'ponat,
1513 1731 1799 1781 Ecclesiamque
1823 1730 1909 1767 Filii
1935 1730 1992 1767 sui

147 1801 341 1839 sponsam,
365 1798 441 1826 tam
459 1789 598 1827 misere
617 1790 849 1841 expoliatam
870 1805 913 1828 ac
931 1805 1154 1843 oppressam
1175 1792 1337 1843 pristino
1357 1790 1488 1828 decori
1506 1804 1549 1827 ac
1568 1789 1736 1828 libertati
1750 1789 1937 1830 restituat.

201 1956 275 1991 Sed
292 1953 433 1992 mirum
464 1955 575 1992 nobis
596 1969 673 1992 non
700 1965 756 1993 est
781 1966 858 1994 tam
888 1956 1043 2004 acriter,
1063 1966 1100 1994 et
1126 1956 1271 1994 infense
1295 1956 1401 1994 Sedis
1430 1956 1660 2007 Apostolicae
1679 1956 1766 2003 jura
1795 1953 1924 2006 impeti
1954 1963 1992 1992 et

144 2012 379 2064 impugnari.
402 2016 486 2051 Jam
511 2015 611 2051 enim
633 2028 653 2051 a
673 2015 848 2066 pluribus
869 2016 992 2063 annis,
1013 2029 1059 2053 eo
1079 2016 1234 2053 devenit
1251 2015 1528 2052 nonnullorum
1545 2014 1746 2052 hominum
1769 2013 1931 2061 insania,
1951 2022 1993 2050 ut

144 2084 223 2108 non
245 2073 409 2123 amplius
433 2072 599 2123 singulas
620 2074 797 2111 Ecclesiae
818 2074 1012 2111 doctrinas
1033 2074 1210 2126 rejicere,
1242 2074 1301 2111 vel
1326 2074 1364 2110 in
1388 2073 1547 2111 dubium
1576 2086 1756 2111 revocare
1781 2080 1990 2119 conentnr3

145 2132 213 2168 sed
224 2139 343 2168 totam
356 2132 507 2183 penitus
518 2133 715 2171 veritatem
727 2134 988 2181 christianam,
1005 2135 1331 2184 christianamque
1347 2134 1625 2186 rempublicam
1641 2132 1812 2170 funditus
1823 2139 1993 2170 evertere

146 2189 217 2225 sibi
237 2198 487 2242 proponant.'
500 2191 598 2228 Hinc
611 2192 834 2243 impiissima
859 2195 1067 2230 tentamina
1081 2207 1190 2230 vanae
1212 2194 1392 2240 scientiae,
1418 2193 1595 2243 falsaeque
1616 2190 1843 2230 eruditionis
1860 2198 1993 2227 contra

148 2248 350 2284 Sacrarum
368 2249 599 2287 Litterarum
620 2251 831 2298 doctrinas,
851 2251 1098 2303 ipsarumque
1120 2251 1430 2302 inspirationem3
1453 2252 1542 2289 hinc
1563 2251 1752 2288 malesana
1773 2249 1990 2287 sollicitudo

144 2306 383 2354 juventutem
401 2309 577 2347 Ecclesiae
597 2309 729 2347 matris
749 2311 876 2348 tutelae
899 2312 1132 2348 subtractam
1159 2310 1360 2360 quibusvis
1382 2310 1510 2348 saeculi
1531 2310 1740 2357 erroribus,
1763 2309 1821 2346 vel
1841 2307 1987 2345 seclusa

147 2364 283 2415 saepius
308 2367 413 2403 omni
444 2367 622 2419 religiosa
650 2368 903 2418 institutione,
924 2369 1141 2408 imbuendiz
1174 2369 1265 2406 hinc
1298 2383 1409 2406 novae
1431 2382 1562 2420 eaeque
1578 2367 1909 2419 perniciosissimae
1936 2366 1984 2403 de

147 2422 293 2470 sociali,
318 2424 476 2475 politico
498 2440 604 2476 aeque
628 2440 670 2463 ac
698 2427 878 2477 religioso
900 2442 1029 2466 rerum
1056 2428 1191 2466 ordine
1216 2427 1388 2475 theoriae,
1411 2441 1495 2478 quae
1521 2427 1679 2478 impune
1705 2436 1991 2476 quaquaversus

147 2490 404 2533 sparguntur3
424 2483 515 2521 hinc
536 2485 664 2522 multis
683 2485 883 2534 familiare,
902 2486 942 2524 in
961 2487 1020 2524 his
1036 2486 1251 2539 praesertim
1274 2486 1367 2534 oris,
1393 2486 1570 2524 Ecclesiae
1591 2485 1859 2523 auctoritatem
1879 2496 1991 2535 sper-

149 2553 256 2588 nere,
268 2541 356 2588 jura
374 2541 445 2578 sibi
460 2542 666 2590 vindicare,
688 2554 879 2596 praecepta
893 2546 1132 2598 proculcare,
1154 2546 1348 2584 ministros
1369 2546 1619 2597 vilipendere,
1638 2545 1781 2582 cultum
1798 2543 1990 2590 deridere,

148 2599 252 2650 ipsos
275 2601 322 2637 de
344 2600 528 2650 religione
555 2615 720 2651 errores,
742 2605 820 2641 imo
840 2605 1113 2643 ecclesiasticos
1132 2619 1286 2656 quoque
1304 2605 1407 2642 viros
1427 2604 1466 2641 in
1483 2605 1715 2656 perditionis
1736 2603 1836 2640 viam
1854 2603 1990 2640 misere

148 2659 333 2696 abeuntes
362 2659 521 2697 laudare
561 2674 603 2697 ac
634 2661 671 2698 in
701 2663 851 2702 honore
882 2664 1040 2702 habere.
1076 2664 1325 2702 Venerabiles
1356 2663 1554 2700 Antistites
1591 2678 1635 2700 ac
1666 2664 1737 2700 Dei
1769 2662 1992 2700 Sacerdotes

151 2726 465 2765 exauctorantur,
485 2719 641 2756 exulare
657 2731 863 2773 coguntur,
882 2722 998 2760 autin
1016 2737 1190 2761 carceres
1201 2723 1478 2769 detruduntur3
1499 2722 1670 2772 quinimo
1687 2730 1773 2759 ante
1789 2718 1992 2758 tribunalia

151 2775 289 2823 civilia,
302 2790 374 2828 pro
392 2777 604 2815 constantia
618 2777 656 2814 in
671 2793 778 2817 sacro
788 2781 998 2819 ministerio
1017 2783 1210 2829 obeundo,
1226 2781 1503 2819 contumeliose
1518 2782 1809 2833 pertrahuntur.
1826 2782 1993 2817 Gemunt

151 2834 290 2873 Christi
310 2838 467 2887 Sponsae
487 2836 564 2873 suis
580 2837 747 2888 expulsae
765 2841 886 2892 tectis,
907 2841 1036 2879 inedia
1056 2843 1135 2879 fere
1157 2850 1407 2892 consumptae,
1426 2841 1488 2878 vel
1512 2840 1587 2878 cito
1609 2841 1899 2886 consumendae3
1920 2837 1992 2875 viri

152 2893 321 2945 religiosi
347 2896 396 2931 ad
420 2895 590 2932 seculum
623 2894 735 2932 inviti
763 2911 935 2936 remeare
965 2909 1176 2950 coguntur;
1205 2914 1313 2937 sacro
1345 2899 1523 2937 Ecclesiae
1546 2898 1783 2951 patrimonio
1814 2898 1991 2935 violentae

155 2965 288 2990 manus
309 2953 551 3001 injiciuntur3
572 2953 826 3004 pessimorum
848 2956 1049 3006 librorum,
1071 2958 1378 3010 ephemeridum,
1398 2967 1435 2995 et
1451 2958 1659 3008 imaginum
1678 2957 1857 3004 colluvie,
1885 2955 1988 3005 fidei,

154 3010 340 3059 moribus,
360 3012 526 3061 veritati,
547 3013 620 3064 ipsi
636 3015 876 3051 verecundiae
896 3017 1118 3054 continuum
1141 3017 1472 3069 asperrimumque
1493 3017 1634 3054 bellum
1651 3016 1827 3054 infertur.

205 3160 237 3190 1.
265 3157 376 3202 Epist.
396 3159 557 3205 Encycl„
580 3172 640 3193 xvc
658 3159 731 3206 jan.
757 3163 860 3204 1860,
875 3174 911 3207 p.
935 3165 967 3204 7,
987 3165 1019 3197 8.
1041 3183 1087 3187 -
1104 3167 1139 3198 2.
1166 3165 1355 3207 Allocutio‚
1374 3177 1455 3198 xxw
1468 3174 1555 3211 sept.
1586 3167 1685 3205 1859,
1710 3178 1747 3210 p.
1766 3168 1800 3201 7.

203 3205 238 3238 3.
261 3205 448 3247 Allocutio,
469 3219 513 3239 xx
530 3207 608 3252 jun.
633 3211 734 3253 1859,
750 3221 787 3254 p.
808 3212 841 3244 8.
863 3228 910 3233 —
925 3212 959 3244 4.
986 3210 1122 3243 Litterae
1140 3213 1365 3257 Apostolicae,
1380 3225 1464 3245 xxv1
1482 3212 1593 3246 martii
1617 3215 1722 3247 1860.
