2135 3442
130 169 179 204 74
845 164 971 200 BREF
1001 164 1066 199 DE
1095 163 1174 198 PIE
1203 162 1268 198 Vl.

130 268 258 310 quarn
278 268 302 293 a
324 254 520 293 Romano
537 251 741 293 Pontifice
766 250 818 292 ad
840 249 945 292 illud
959 259 1195 301 vocaretur,
1217 246 1283 289 vel
1302 247 1345 286 in
1368 246 1442 286 illo
1468 244 1750 287 firmaretur¹.
1780 245 1978 287 Similiter

129 333 300 375 quoque
321 316 471 372 dejecit
502 315 746 358 Conradum
768 315 1023 373 Episcopum
1049 330 1071 354 a
1098 311 1196 354 sede
1219 322 1310 351 tum
1333 309 1603 359 Hildesiensi,
1630 319 1722 350 tum
1743 309 1978 351 Wirtzbur-

128 381 260 439 gensi,
279 396 330 422 eo
345 381 460 438 quod
472 392 694 438 utramque
706 378 945 422 inconsulto
959 380 1154 419 Romano
1165 373 1370 416 Pontifice
1389 385 1635 431 arroganter
1653 373 1974 430 assumpserat².

128 447 252 488 Petiit
280 445 498 487 humiliter
529 445 572 487 S.
602 443 842 486 Bernardus
876 443 928 483 ab
958 440 1153 483 Honorio
1190 440 1245 489 II,
1278 449 1326 480 ut
1361 438 1608 480 Albericum
1628 437 1979 480 Catalaunensem

129 526 204 553 suo
227 509 427 568 suffragio
448 509 629 551 electum
661 508 913 550 confirmare
940 506 1184 563 dignaretur
1203 503 1235 554 ⁸,
1273 503 1389 560 quod
1406 502 1531 560 plane
1567 501 1756 544 ostendit
1787 513 1980 543 sanctum

130 575 329 617 abbatem
354 575 570 633 agnovisse
601 574 756 615 nullius
782 570 989 613 momenti
1012 569 1322 627 Episcoporum
1344 568 1573 610 electiones
1605 583 1714 617 esse,
1748 566 1827 607 nisi
1857 581 1981 624 apos-

129 639 254 681 tolica
278 639 558 681 intercederet
576 636 845 697 approbatio.

189 705 410 746 Postremo
433 719 530 745 eum
546 705 759 745 continuae
775 702 1058 742 excitarentur
1073 696 1312 746 discordiae,
1326 697 1549 747 tumultus,
1566 695 1793 752 caeterique
1811 693 1981 746 abusus,

131 770 321 826 oportuit
344 769 551 827 populum
573 767 625 809 ab
650 765 927 809 electionibus
948 776 1182 812 removere,
1209 762 1384 818 ejusque
1414 761 1717 811 testimonium,
1747 770 1789 800 et
1812 758 1983 801 deside-

130 834 243 874 rium
265 834 372 875 circa
393 848 617 890 personam
635 831 874 889 eligendam
894 828 1128 887 praeterire.

192 900 296 951 Quae
320 897 495 955 quidem
512 897 657 956 populi
675 895 876 944 exclusio,
900 895 933 935 si
956 892 1137 951 provide
1158 902 1261 932 tunc
1286 901 1347 932 est
1365 889 1556 942 inducta,
1583 905 1680 931 cum
1705 889 1758 931 de
1783 888 1882 930 solis
1910 903 1984 929 ca-

133 962 299 1004 tholicis
319 962 372 1003 ad
394 962 623 1004 electiones
657 959 929 1001 admittendis
968 958 1196 1016 agebatur,
1234 955 1338 1013 quid
1364 955 1596 996 dicendum
1617 957 1696 996 erit
1725 953 1779 995 de
1815 952 1986 994 decreto

132 1027 357 1068 nationalis
380 1038 626 1075 conventus,
656 1027 771 1080 cujus
792 1025 846 1074 vi,
872 1023 1120 1081 posthabito
1144 1021 1274 1071 clero,
1304 1019 1536 1062 electiones
1556 1017 1802 1074 hujusmodi
1826 1016 1985 1076 gallicis

132 1090 386 1133 districtibus
407 1092 665 1141 tribuuntur,
688 1089 730 1129 in
756 1088 907 1146 quibus
928 1103 1024 1129 cum
1049 1087 1348 1127 contineantur
1373 1083 1524 1138 Judaei,
1551 1083 1755 1136 h'aeretici,
1780 1093 1822 1124 et
1853 1081 1987 1123 multa

133 1155 495 1197 heterodoxorum
518 1170 688 1213 genera,
720 1167 904 1210 quorum
928 1153 972 1192 in
999 1150 1313 1209 episcopalibus
1339 1148 1619 1191 electionibus
1647 1165 1736 1190 non
1762 1146 1989 1189 mediocris

132 1234 228 1276 pars
249 1221 483 1269 interesset,
512 1230 613 1260 tunc
648 1217 751 1259 illud
784 1227 1132 1273 consequeretur,
1172 1213 1290 1272 quod
1320 1213 1504 1256 maxime
1533 1213 1772 1265 abhorruit,
1804 1228 1853 1253 ac
1880 1211 1988 1253 ferre

133 1283 268 1325 noluit
285 1285 326 1324 S.
339 1283 566 1342 Gregorius
580 1284 777 1341 Magnus,
793 1283 865 1339 qui
887 1282 941 1323 ad
959 1280 1304 1323 Mediolanenses
1318 1278 1529 1321 scribens⁶
1541 1312 1551 1332 ,
1570 1289 1745 1320 testatus
1761 1288 1846 1318 est:
1863 1296 1882 1312 «
1900 1276 1990 1317 Nos

139 1370 154 1382 «
191 1346 233 1388 in
256 1349 473 1389 hominem
493 1347 566 1405 qui
588 1363 673 1388 non
699 1363 723 1387 a
758 1346 993 1399 catholicis,
1018 1356 1061 1387 et
1088 1345 1273 1386 maxime
1301 1359 1324 1384 a
1343 1342 1637 1401 Longobardis
1660 1342 1844 1399 eligitur,
1875 1340 1990 1381 nulla

139 1433 155 1447 «
190 1413 428 1469 praebemus
458 1413 620 1453 ratione
650 1427 983 1453 consensum....
1016 1411 1114 1467 quia
1136 1408 1318 1450 vicarius
1349 1409 1391 1449 S.
1421 1407 1639 1450 Ambrosii
1663 1407 1863 1463 indignus
1900 1405 1989 1446 evi-

136 1496 154 1512 «
192 1476 342 1519 denter
366 1476 617 1527 ostenditur,
639 1477 672 1517 si
689 1477 847 1518 electus
864 1491 887 1516 a
909 1475 1067 1515 talibus
1088 1473 1325 1514 ordinatur.
1351 1494 1368 1508 »

191 1542 255 1582 Ita
284 1542 399 1582 enim
430 1557 519 1582 non
550 1541 687 1582 solum
718 1550 1024 1581 renovarentur
1056 1539 1401 1596 perturbationes
1429 1553 1601 1588 omnes,
1643 1535 1989 1591 offensionesque

128 1607 214 1660 jam
240 1620 261 1646 a
288 1616 405 1646 tanto
427 1617 618 1663 tempore
639 1604 823 1655 abolitae,
851 1603 926 1645 sed
950 1615 992 1644 et
1024 1603 1144 1644 facile
1166 1602 1210 1644 in
1237 1604 1470 1661 Episcopos
1497 1602 1783 1659 deligerentur
1801 1598 1894 1650 viri,
1919 1598 1991 1656 qui

133 1670 227 1711 illos
244 1671 287 1710 in
306 1686 379 1711 sua
398 1685 596 1711 errorum
616 1669 857 1726 corruptela
889 1668 1025 1709 socios
1057 1667 1285 1719 haberent,
1311 1678 1353 1708 et
1377 1667 1618 1724 magistros,
1646 1666 1713 1707 vel
1736 1664 1810 1721 qui
1842 1663 1991 1705 saltem

134 1733 296 1776 occulte
315 1734 358 1774 in
381 1735 523 1775 animo
545 1749 689 1775 sensus
717 1733 910 1775 foverent
931 1742 1214 1789 congruentes
1239 1731 1432 1773 sensibus
1454 1732 1702 1784 electorum,
1733 1741 1781 1771 ut
1810 1728 1992 1770 advertit

133 1798 176 1839 S.
201 1798 489 1855 Hieronymus
511 1798 523 1819 ⁵
550 1797 694 1839 dicens
726 1815 734 1837 :
770 1819 786 1832 «
818 1798 1155 1854 Nonnumquam
1179 1807 1291 1837 errat
1320 1796 1457 1853 plebis
1480 1796 1679 1852 vulgique
1698 1793 1922 1849 judicium,
1952 1803 1994 1833 et

139 1884 154 1897 «
192 1863 235 1903 in
260 1863 549 1905 sacerdotibus
569 1862 902 1920 comprobandis
923 1862 1212 1919 unusquisque
1239 1860 1324 1902 suis
1348 1861 1541 1901 moribus
1564 1858 1693 1911 favet,
1720 1870 1763 1900 et
1793 1873 1881 1898 non
1904 1868 1991 1898 tam

138 1947 155 1962 «ε
193 1927 372 1977 bonum,
412 1944 541 1985 quam
573 1928 636 1969 sui
669 1925 850 1968 similem
881 1926 1032 1983 quaerit
1061 1925 1350 1983 praepositum.
1388 1945 1405 1959 »
1440 1924 1554 1977 Quid
1585 1935 1728 1965 autem
1760 1923 1814 1964 ab
1847 1922 1992 1978 hujus-

134 1990 253 2032 modi
276 1993 506 2049 Episcopis,
528 1997 600 2050 qui
623 1991 800 2032 aliunde
831 1996 1043 2031 intrarent
1070 2006 1193 2048 quam
1218 2006 1302 2046 per
1327 1994 1496 2039 ostium,
1522 2000 1631 2030 esset
1659 1986 1989 2045 expectandum,

135 2056 268 2097 immo
292 2057 394 2113 quid
415 2073 503 2097 non
531 2055 771 2097 timendum
789 2056 832 2096 in
849 2055 1100 2113 religionem
1128 2054 1246 2102 mali,
1270 2055 1343 2111 qui
1370 2054 1631 2111 deceptionis
1652 2053 1806 2110 laqueo
1830 2050 1991 2093 detenti

136 2119 253 2161 nullo
275 2121 404 2162 modo
423 2136 446 2161 a
465 2121 714 2178 deceptione
736 2131 940 2178 poterunt
967 2121 1177 2178 corrigere
1208 2119 1420 2177 populum
1436 2117 1481 2160 ⁶?
1508 2118 1574 2159 Illi
1595 2129 1709 2160 certe
1728 2117 1992 2174 qualescum—

137 2200 219 2241 que
239 2196 388 2235 essent,
415 2184 576 2225 nullam
607 2185 818 2225 haberent
839 2183 999 2241 ligandi
1032 2195 1074 2225 et
1094 2183 1289 2225 solvendi
1312 2194 1583 2241 potestatem,
1621 2192 1772 2240 utpote
1804 2181 1992 2237 legitima

136 2247 335 2290 missione
355 2260 558 2301 carentes,
586 2259 627 2290 et
653 2259 772 2290 extra
795 2247 992 2290 Ecclesiae
1021 2248 1371 2290 communionem
1394 2263 1482 2290 esse
1511 2246 1657 2289 statim
1676 2245 1995 2287 declararentur

138 2313 191 2354 ab
213 2313 292 2354 hac
313 2314 464 2354 Sancta
484 2313 606 2363 Sede,
639 2313 757 2370 quod
775 2328 942 2371 semper
965 2313 1104 2354 faeere
1131 2316 1175 2354 in
1193 2312 1439 2368 hujusmodi
1472 2311 1639 2353 casibus
1660 2313 1704 2351 in
1721 2325 1800 2351 usu
1822 2309 1987 2359 habuit,

137 2376 267 2434 idque
287 2394 398 2419 nuuc
416 2379 543 2419 etiam
562 2377 736 2436 publico
758 2389 1075 2436 programmate
1097 2377 1284 2420 declarat
1299 2379 1343 2418 in
1365 2377 1567 2418 omnibus
1584 2375 1896 2434 Episcoporum
1918 2375 1992 2415 Ul-

138 2442 452 2496 trajectensium
477 2443 750 2484 electionibus
765 2441 778 2464 ⁷
790 2477 799 2484 .

199 2506 279 2548 Sed
301 2508 343 2547 in
364 2507 534 2548 decreto
553 2508 823 2564 consequitur
846 2507 1007 2564 aliquid
1030 2506 1146 2564 quod
1171 2507 1313 2548 adhuc
1334 2506 1518 2547 deterius
1540 2503 1709 2545 videtur
1733 2519 1839 2557 esse,
1860 2503 1990 2545 nimi-

141 2586 237 2612 rum
256 2571 378 2612 electi
396 2588 414 2612 a
438 2573 522 2613 suis
547 2571 805 2613 districtibus
829 2571 1031 2629 Episcopi
1051 2572 1254 2626 jubentur
1270 2569 1669 2627 Metropolitanum,
1697 2569 1761 2610 vel
1783 2570 1993 2610 seniorem

143 2634 260 2676 adire
281 2636 538 2694 Episcopum
563 2636 616 2677 ad
651 2636 926 2677 obtinendam
953 2636 1006 2676 ab
1027 2636 1099 2676 illo
1125 2634 1509 2682 confirmationem,
1534 2649 1661 2690 quam
1684 2634 1717 2674 si
1734 2633 1804 2676 ille
1834 2649 1990 2675 conce-

143 2698 242 2741 dere
262 2702 529 2750 recusaverit,
552 2700 855 2757 praescribitur,
884 2710 932 2741 ut
952 2701 1078 2755 hujus
1099 2700 1278 2756 repulsae
1302 2713 1474 2740 causam
1497 2697 1541 2738 in
1573 2698 1778 2755 scriptum
1804 2698 1986 2756 redigat,

142 2775 270 2821 utque
311 2764 468 2805 exclusi
488 2765 760 2821 interponere
783 2766 948 2822 possint
980 2764 1311 2821 appellationem
1341 2780 1393 2804 ex·
1417 2763 1548 2803 abusu
1583 2763 1696 2820 apud
1721 2763 1991 2821 magistratus

220 2910 226 2916 .
254 2881 413 2917 Rainald.
435 2882 480 2915 ad
500 2895 583 2915 ann.
605 2884 709 2923 1099,
731 2890 772 2913 11⁰
788 2884 844 2916 19.

220 2956 227 2963 .
255 2929 390 2964 Albert.
408 2930 554 2969 Krantz,
578 2929 782 2974 metropol.‚
799 2929 863 2963 lib.
884 2928 970 2969 VII,
993 2940 1024 2962 c.
1044 2940 1133 2969 xvn,
1154 2930 1174 2973 {xj
1196 2932 1228 2963 1.

221 3002 228 3010 .
255 2976 367 3022 Epist.
386 2979 442 3017 13,
465 2985 553 3011 tom.
574 2976 605 3019 I,
625 2989 721 3022 oper.
740 2987 778 3019 p.
802 2979 860 3016 33,
879 2974 964 3009 edit.
986 2976 1139 3010 Mauriu.

224 3050 230 3057 .
256 3023 369 3068 Epist.
391 3026 425 3061 4,
447 3023 508 3057 lib.
526 3024 573 3064 ΙΙ,
594 3035 674 3068 pag.
695 3025 786 3058 1094
806 3031 838 3055 et
858 3034 928 3067 seq.

221 3097 228 3104 .
258 3071 337 3105 Lib.
360 3071 376 3103 I
393 3070 532 3104 advers.
553 3070 690 3111 Jovin„
712 3077 754 3102 110
774 3073 829 3110 14,
850 3081 930 3114 pag.
948 3071 1031 3110 292,
1051 3077 1138 3102 tom.
1156 3069 1206 3110 II,
1225 3081 1323 3114 oper.
1345 3067 1428 3102 edit.
1447 3069 1592 3103 vallars.

221 3144 228 3152 .
258 3117 294 3150 S.
316 3119 458 3151 Damas.
477 3118 589 3163 Epist.
611 3120 645 3158 3,
667 3124 706 3149 n⁰
725 3119 758 3158 2,
781 3117 870 3149 inter
890 3116 1027 3149 collect.
1047 3128 1067 3148 a
1084 3117 1280 3156 Coustant.‚
1301 3128 1380 3161 pag.
1406 3118 1470 3150 482
1492 3124 1524 3148 et
1542 3119 1622 3151 486.

221 3191 228 3198 .
256 3164 434 3199 Benedict.
457 3166 559 3207 XIV,
581 3164 626 3198 ad
652 3164 804 3197 univers.
826 3163 954 3197 cathol.
976 3164 1011 3196 in
1032 3162 1199 3196 foederato
1219 3164 1337 3209 Belgio
1362 3163 1673 3205 commorantibus,
1694 3161 1730 3194 in
1750 3161 1824 3207 ejus
1842 3160 1989 3202 Bullar„

148 3217 175 3245 t.
194 3210 225 3252 I,
246 3220 357 3246 const.
382 3215 438 3246 11.

193 2884 215 3196 -ῘΦΟῚΡΕΟΙΘΗ
