2135 3442
143 217 190 253 38
456 215 646 250 LETTRE
673 214 1012 259 APOSTOLIQUE
1041 213 1172 248 POUR
1199 212 1261 246 LE
1289 202 1473 246 JUsslLii.
1532 211 1649 247 1846.

144 303 272 365 poris
303 302 505 364 spatium
533 300 700 346 devote
731 301 984 355 oraverint,
1017 315 1070 343 ac
1096 306 1278 360 quarta,
1310 306 1356 341 et
1383 305 1511 340 sexta
1538 295 1667 349 feria,
1694 305 1739 340 et
1762 297 1970 344 Sabbato

145 368 284 412 unius
323 382 375 411 ex
407 366 543 411 dictis
574 364 955 410 hebdomadibus
978 362 1308 424 jejunaverint,
1341 370 1387 405 et
1418 360 1538 404 intra
1563 359 1751 405 easdem
1786 361 1970 408 hebdo-

144 430 307 476 madas
343 440 534 493 peccata
558 445 639 474 sua
659 429 859 474 confessi
895 428 1244 473 Sanctissimuin
1282 424 1581 470 Eucharistiae
1617 426 1971 472 Sacramentum

146 504 414 540 reverenter
455 495 759 556 susceperint,
796 502 839 538 et
875 491 1157 555 pauperibus
1187 489 1390 551 aliquam
1426 489 1791 551 eleemosynam,
1831 501 1973 552 prout

147 560 401 621 unicuique
439 558 629 604 devotio
659 566 888 620 suggeret,
927 556 1248 617 erogaverint3
1290 554 1454 599 ceteris
1485 570 1600 599 vero
1630 564 1757 599 extra
1798 554 1974 600 Urbem

146 624 416 686 praedictam
453 623 741 685 ubicumque
779 620 1073 683 degentibus,
1102 620 1181 681 qui
1214 618 1439 664 Ecclesias
1461 617 1521 664 a'b
1557 617 1818 664 Ordinariis
1842 619 1974 665 loco-

146 705 270 746 rum,
297 688 369 732 x'el
396 704 557 732 eorum
584 688 794 743 Vicariis,
827 703 905 730 seu
933 684 1228 739 officialibus,
1267 693 1346 728 aut
1366 683 1424 728 de
1442 683 1630 728 illorum
1651 683 1898 740 mandato,
1928 694 1975 730 et

147 753 258 815 ipsis
288 751 634 808 deficientibus,
661 768 746 814 per
784 767 879 807 eos,
903 750 983 810 qui
1011 749 1075 794 ibi
1098 765 1259 796 curam
1290 748 1560 793 animarum
1582 758 1814 806 exercent,
1841 759 1974 812 post-

148 833 289 879 quam
323 817 381 862 ad
414 815 601 861 illorum
631 817 845 861 notitiam
880 814 950 859 ha*
982 817 1157 859 Nostra?
1183 813 1511 878 pervenerint,
1541 812 1872 873 designandas,
1902 811 1976 859 vel

147 897 307 926 earum
328 880 534 942 aliquam
557 882 707 943 spatio
725 881 864 925 trium
891 878 1101 924 similiter
1119 877 1532 925 hebdomadarum
1560 894 1644 940 per
1664 878 1857 923 eosdem
1881 895 1973 924 una

143 961 255 991 cum
284 944 905 991 Ecclesiisstabilienda—ivm
929 942 1002 988 bis
1033 943 1335 1000 visitaverint,
1368 942 1550 1005 aliaque
1579 943 1806 988 recensita
1824 958 1976 1006 opera

142 1009 318 1055 devote
341 1012 621 1072 peregerint,
656 1009 975 1073 plenissimam
1007 1010 1219 1055 omnium
1255 1017 1561 1071 peccatorum
1603 1007 1972 1068 Indulgentiam,

141 1074 264 1119 sicut
281 1075 328 1118 in
347 1089 472 1119 anno
493 1074 673 1120 Jubilaei
697 1072 990 1118 visitantibus
1007 1083 1154 1120 certas
1169 1073 1401 1119 'Ecclesias
1419 1072 1634 1128 ·int1·a,'et
1656 1081 1787 1118 extra
1798 1072 1977 1118 Urbem

145 1139 417 1200 praedictam
451 1138 649 1185 concedi
677 1138 936 1195 consuevit,
975 1147 1138 1184 tenore
1171 1137 1471 1202 praesen'tium
1500 1137 1808 1183 concedimus
1835 1147 1978 1200 atque

142 1203 457 1266 indulgemus.

202 1283 523 1328 Concedimus
546 1283 702 1339 etiam,
726 1292 783 1327 ut
805 1282 1095 1343 navigantes,
1116 1293 1264 1344 atque
1284 1284 1370 1328 iter
1383 1291 1573 1344 agentes
1597 1298 1747 1344 quum
1765 1281 1977 1344 primum

141 1346 203 1392 ad
234 1363 317 1392 sua
341 1363 388 1392 se
412 1346 650 1392 domicilia
676 1347 964 1409 receperint,
993 1347 1216 1410 operibus
1239 1347 1565 1410 suprascriptis
1593 1346 1811 1410 peractis,
1835 1356 1882 1391 et
1904 1345 1977 1391 bis

142 1411 326 1457 visitata
351 1411 556 1456 Ecclesia
586 1411 868 1468 Catbedra‘li,
897 1411 970 1456 vel
994 1413 1165 1473 majori
1190 1412 1260 1457 vel
1290 1412 1482 1476 propria
1502 1410 1767 1457 parochiali
1790 1411 1883 1456 looi
1906 1411 1978 1474 ip-

143 1491 304 1520 sorum
335 1476 584 1530 domicilii,
607 1475 833 1521 eamdem
853 1476 1202 1537 indulgentiam
1231 1478 1456 1539 consequi
1484 1477 1668 1538 possint
1694 1486 1740 1522 et
1769 1475 1972 1522 valeant.

141 1539 449 1601 'Regularibus
469 1556 580 1585 vero
603 1541 820 1602 personis
842 1541 1081 1602 utriusque
1115 1557 1252 1586 sexus
1277 1543 1417 1586 etiam
1441 1542 1489 1586 in
1505 1542 1723 1587 claustris
1747 1550 1977 1604 perpetuo

145 1603 440 1665 degentibus,
486 1620 572 1649 nec
610 1620 708 1649 non
733 1605 833 1650 aliis
866 1605 1243 1668 quibuscumque
1282 1616 1383 1652 'tam
1412 1605 1559 1664 laicis,
1599 1621 1741 1668 quam
1776 1605 1980 1650 Saecula-

143 1667 290 1726 ribus,
311 1670 381 1714 xel
400 1667 699 1729 Regularibus
720 1669 766 1714 in
790 1685 973 1714 carcere
998 1681 1075 1715 aut
1093 1671 1357 1733 captivitate
1380 1670 1698 1725 existentibus,
1727 1670 1797 1715 ve]
1823 1670 1979 1732 aliqua

144 1734 356 1795 corporis
381 1732 667 1790 infirmitate,
706 1750 784 1778 seu
817 1734 908 1779 alio
951 1751 1253 1797 quocumque
1278 1735 1620 1798 impedimento
1649 1730 1871 1792 detentis,
1898 1736 1977 1797 qui

144 1808 404 1843 memorata
431 1813 592 1859 opera,
618 1797 690 1842 vel
710 1814 874 1843 eorum
899 1798 1053 1860 aliqua
1082 1811 1299 1862 praestare
1326 1800 1641 1861 nequiverint,
1670 1809 1720 1844 ut
1749 1799 1824 1844 illa
1857 1801 1981 1845 Con-

146 1861 358 1906 fessarius
393 1878 445 1907 ex
485 1871 593 1907 actu
633 1862 908 1925 approbatis
943 1879 971 1908 a
1005 1864 1221 1909 locorum
1269 1863 1532 1909 Ordinariis
1573 1865 1620 1909 in
1660 1864 1747 1909 alia
1795 1864 1981 1926 pietatis

144 1942 291 1988 opera
319 1936 629 1984 commutare,
660 1927 733 1972 vel
758 1927 804 1971 in
840 1927 968 1972 aliud
995 1929 1265 1991 proximum
1301 1939 1484 1991 tempus
1519 1945 1774 1992 prorogare
1810 1929 1974 1991 possit,

145 2006 292 2051 eaque
327 1991 585 2052 injungere,
622 2006 723 2051 quae
747 1992 835 2054 ipsi
869 1994 1148 2054 poenitentes
1181 1993 1367 2039 efficere
1396 1994 1590 2055 possint,
1615 2010 1730 2039 :cum
1760 1993 1978 2039 facultate

145 2055 285 2099 etiam
317 2054 620 2117 dispensandi
643 2071 785 2118 super
814 2058 1166 2103 Commu‘nione
1198 2075 1304 2104 cam
1342 2059 1515 2120 pueris,
1552 2060 1632 2120 qui
1671 2058 1890 2103 nondum
1915 2058 1987 2103 ad·

144 2119 347 2180 primam
386 2119 783 2165 Communionem
820 2121 1009 2167 admissi
1038 2122 1238 2177 fuerint,
1283 2123 1454 2186 pariter
1490 2122 1805 2169 concedimus
1835 2133 1977 2185 atque

145 2183 454 2244 indulgemus.

210 2267 406 2328 Insuper
438 2265 656 2311 omnibus
683 2276 727 2311 et
758 2267 948 2327 singulis
981 2268 1370 2315 Christifidelibus
1400 2269 1726 2326 Saecularibus,
1752 2279 1798 2314 et
1827 2270 1978 2331 Regu-

146 2328 320 2374 laribus
360 2331 562 2390 cujUsvis
602 2331 791 2376 Ordinis
831 2341 875 2376 et
924 2333 1140 2391 instituti,
1186 2335 1328 2380 etiam
1361 2335 1621 2397 specialiter
1665 2335 1970 2391 nominandi,

148 2394 381 2438 licentiam
409 2395 713 2439 concedimus
746 2406 790 2440 et
823 2396 1106 2456 facultatem,
1132 2408 1181 2442 ut
1211 2398 1298 2443 sibi
1322 2399 1382 2443 ad
1408 2399 1535 2443 bunc
1558 2399 1779 2445 effectum
1807 2398 1977 2461 eligere

147 2459 326 2520 possint
376 2474 719 2519 quemcumque
772 2459 1096 2522 Presbyterum
1148 2463 1497 2508 Confessarium
1551 2473 1647 2509 tam
1698 2464 1977 2510 Saecularem

147 2537 290 2584 quam
318 2522 592 2584 Regularem
609 2540 662 2567 ex
688 2533 792 2569 actu
820 2525 1090 2587 approbatis
1116 2543 1142 2571 a
1161 2527 1378 2573 locorum
1402 2527 1665 2574 Ordinariis
1692 2531 1806 2591 (qua
1825 2529 1974 2574 facul-

148 2595 240 2631 tate
283 2587 351 2631 uti
396 2587 576 2649 possint
619 2588 755 2633 etiam
794 2590 1038 2649 Moniales,
1088 2593 1306 2648 Novitiae,
1355 2593 1553 2655 aliaeque
1595 2594 1814 2639 mulieres
1856 2594 1976 2639 intra

148 2650 344 2695 claustra
370 2651 606 2713 degentes,
642 2652 903 2698 dummodo
936 2655 1255 2701 Confessarius
1281 2657 1570 2720 approbatus
1595 2659 1654 2703 sit
1677 2675 1762 2721 pro
1794 2659 1976 2704 Monia-

146 2713 308 2774 libus),
331 2717 408 2777 qui
437 2732 516 2760 eos
536 2716 596 2761 ab
619 2719 1134 2779 excommunicationis,
1161 2724 1495 2784 suspensionis,
1511 2723 1703 2785 aliisque
1728 2722 1977 2770 Ecclesias-

149 2778 250 2823 ticis
274 2781 533 2836 sententiis,
560 2790 603 2825 et
627 2783 834 2826 censuris
860 2782 1002 2843 ajure
1026 2784 1096 2828 vel
1119 2785 1177 2830 ab
1202 2786 1396 2832 bomine
1422 2788 1585 2850 quavis
1608 2789 1667 2832 de
1694 2804 1835 2834 eausa
1847 2786 1972 2845 latis,

147 2843 220 2888 vel
240 2843 427 2889 inflictis
452 2855 618 2907 ,praeter
638 2846 755 2890 infra
782 2857 1014 2908 exceptas,
1040 2865 1126 2893 nce
1151 2867 1245 2894 non
1266 2852 1324 2896 ab
1343 2852 1563 2897 omnibus
1580 2854 1802 2915 peccatis,
1823 2868 1976 2898 exces-

147 2906 292 2965 sibus,
316 2908 590 2954 criminibus
610 2920 655 2954 et
678 2909 873 2964 delictis,
898 2915 1197 2972 quantumvis
1216 2916 1432 2975 gravibus
1455 2927 1502 2962 et
1519 2918 1808 2975 enormibus,
1832 2917 1975 2961 etiam

149 2970 365 3017 locorum
391 2973 670 3030 Ordinariis,
687 2975 784 3019 sive
807 2974 964 3031 Nobis,
984 2986 1028 3020 et
1051 2978 1159 3023 Sedi
1183 2982 1460 3041 Apostolicae
1487 2982 1677 3044 speciali
1691 2982 1797 3028 licet
1823 2981 1974 3026 forma

148 3038 408 3094 reservatis,
427 3047 472 3082 et
488 3054 690 3099 quorum
718 3038 954 3085 absolutio
979 3041 1090 3086 alias
1115 3047 1413 3104 quantumvis
1437 3047 1594 3109 ampla
1619 3063 1717 3092 non
1746 3045 1973 3106 intellige—

148 3110 276 3145 retur
297 3117 538 3160 concessa,
565 3103 612 3147 in
635 3103 737 3148 foro
769 3106 1080 3157 conscientian
1118 3116 1160 3152 et
1184 3107 1272 3153 hac
1302 3110 1402 3154 vice
1430 3119 1613 3155 tantum
1642 3110 1903 3164 absolvere,
1928 3117 1973 3153 et

147 3164 347 3212 liberare
382 3167 589 3223 valeant3
627 3177 672 3213 et
712 3169 904 3230 insuper
936 3179 1046 3214 vota
1078 3186 1384 3235 qutecumque
1420 3176 1559 3220 etiam
1590 3176 1760 3236 jurata,
1795 3182 1841 3218 et
1864 3172 1973 3218 Sodi

149 3231 421 3291 Apostolicae
459 3241 693 3278 reservata
729 3233 994 3293 (castitatis,
1042 3236 1299 3295 religionis,
1348 3248 1391 3283 et
1436 3239 1754 3301 obligationis,
1803 3253 1906 3300 quae
1946 3254 1972 3282 a
