2135 3442
165 131 242 168 418
782 126 1097 162 ALLOCUTION
1126 127 1192 162 DE
1221 127 1301 162 PIE
1326 126 1396 162 IX.

165 230 252 257 non
284 213 364 254 levi
396 212 497 270 ipsis
529 212 683 253 solatio
718 223 760 253 ct
788 212 1073 254 consolationi
1114 212 1301 254 futuram
1326 211 1801 255 honorificentissimam
1819 215 2007 257 mentio-

165 294 278 329 nem,
304 293 433 335 quam
455 277 508 319 de
527 276 719 318 extinctis
740 277 826 319 suis
846 277 993 319 liberis
1017 288 1059 318 et
1084 276 1340 336 propinquis
1360 276 1514 318 merito
1535 276 1714 319 facimus
1738 280 1794 319 ob
1821 279 2009 336 splendi-

165 343 267 385 dum
291 357 391 384 sane
410 341 571 383 eximiae
596 357 745 384 eorum
765 357 865 399 erga
884 342 991 392 Nos,
1025 352 1066 382 et
1095 341 1207 383 113110
1238 342 1438 382 Sanctam
1462 341 1617 382 Sedem
1639 341 1755 393 fidei,
1781 341 1949 400 pietatis
1968 355 2011 386 et

166 407 322 450 amoris
345 407 599 465 exemplum,
629 406 746 464 quod
776 405 1009 448 christiano
1028 406 1121 447 orbi
1144 423 1241 449 cum
1259 406 1491 447 immortali
1515 421 1664 447 eorum
1682 406 1868 448 nominis
1885 406 2010 449 lande

167 472 465 514 exhibuerunt.
509 474 650 529 Atque
679 471 723 512 in
753 486 847 512 eam
871 470 1065 528 profecto
1096 487 1215 529 spem
1245 471 1449 529 erigimur
1478 470 1585 522 fore,
1614 483 1661 512 ut
1686 470 1714 512 ii
1750 487 1915 522 omnes,
1939 473 2011 530 qui

167 537 396 595 gloriosam
424 553 503 595 pro
524 535 722 578 Ecclesia:
746 550 871 577 causa
892 545 1076 577 mortem
1096 536 1310 587 obierunt,
1330 535 1445 578 illam
1466 535 1769 593 sempiternam
1784 551 2012 593 assequan-

168 614 236 644 tur
257 618 407 660 pacem
435 613 476 643 et
499 600 761 650 beatitatem,
798 615 926 657 quam
946 616 969 641 a
990 601 1080 641 Deo
1118 601 1292 659 Optimo
1323 601 1514 643 Maximo
1546 603 1765 659 apprecati
1786 617 1946 653 sumus,
1970 613 2012 643 et

167 667 383 725 apprecari
422 681 640 724 nunquam
670 664 932 706 omittemus.
955 665 1052 719 Quo
1073 665 1167 708 1000
1188 666 1342 708 debitis
1366 682 1539 724 quoque
1564 665 1764 708 laudibus
1783 666 2010 724 prosequi-

165 748 261 773 mur
279 732 455 773 dilectos
482 730 590 772 filios
615 729 814 788 prcesides
847 729 1180 787 provinciarum,
1205 730 1441 788 praesertim
1469 730 1949 782 Urbino-Pisaurensis,
1970 743 2011 773 et

165 797 417 854 Spoletanae,
446 795 518 853 qui
543 795 585 835 in
619 795 697 835 1130
718 793 961 836 tristissima
984 806 1230 853 temporum
1253 795 1546 837 vicissitudine
1568 812 1644 838 suo
1666 812 1842 838 munere
1863 796 2011 838 sedulo

167 871 495 917 constanterque
515 858 727 917 perfuncti
751 870 865 900 sunt.

223 927 317 967 Jam
334 942 452 976 vero,
478 923 754 966 Venerabiles
776 925 962 975 Fratres,
987 923 1082 980 quis
1107 923 1218 965 ferre
1242 940 1433 982 unquam
1456 925 1617 982 poterit
1636 925 1844 984 insignem
1866 925 2011 984 impu-

168 990 357 1032 dentiam
389 1002 430 1032 et
466 987 742 1046 hypocrisim,
780 1003 863 1045 qua
891 988 1138 1046 nequissimi
1176 988 1394 1031 invasores
1426 990 1469 1031 in
1507 990 1591 1032 suis
1622 990 2013 1049 programmatibus

168 1070 353 1096 asserere
375 1070 462 1095 non
484 1053 697 1104 dubitant,
723 1069 765 1095 se
783 1055 964 1095 Nostras
983 1053 1169 1111 aliasque
1195 1054 1325 1095 Italiae
1347 1055 1464 1097 adire
1484 1055 1740 1113 provincias,
1774 1067 1821 1098 ut
1846 1056 2014 1098 11111110-

166 1120 264 1161 ralis
285 1118 447 1160 ordinis
467 1117 675 1177 principia
696 1118 952 1160 restituant?
972 1120 1111 1177 Atque
1131 1118 1175 1160 id
1194 1120 1246 1160 ab
1271 1118 1320 1161 iis
1344 1130 1505 1161 temere
1525 1120 1775 1172 affirmatur,
1800 1121 1871 1178 qui
1895 1137 2012 1163 acer-

166 1183 322 1225 rimum
351 1183 580 1225 Catholicae
610 1183 822 1235 Ecclesire,
859 1185 1034 1242 ejusque
1060 1183 1285 1237 Ministris,
1320 1201 1367 1226 ac
1393 1187 1523 1227 rebus
1538 1186 1703 1241 jamdiu
1721 1186 1883 1228 bellum
1903 1186 2014 1228 infe-

166 1260 325 1299 rentes,
367 1259 408 1290 et
447 1247 751 1290 ecclesiasticas
770 1298 776 1305 ,
793 1250 924 1307 leges,
973 1264 1260 1306 censurasque
1306 1250 1432 1307 plane
1469 1250 1752 1309 despicientes
1788 1251 1878 1293 ausi
1917 1263 2014 1293 sunt

167 1313 499 1372 spectatissimos
524 1325 614 1355 tum
639 1314 682 1356 S.
713 1316 767 1356 R.
801 1315 851 1356 E.
882 1314 1145 1366 Cardinales,
1170 1326 1263 1356 tum
1293 1315 1546 1374 Episcopos,
1571 1327 1662 1357 tum
1688 1315 2014 1373 probatissimos

166 1379 386 1436 utriusque
419 1378 530 1419 Cleri
560 1378 674 1420 viros
706 1379 750 1420 in
775 1378 941 1422 vincula
977 1379 1211 1436 conjicere,
1253 1380 1489 1438 Religiosas
1526 1379 1727 1422 Familias
1770 1396 1792 1421 e
1829 1380 2015 1439 propriis

165 1444 368 1486 caenobiis
407 1443 645 1501 expellere,
688 1444 884 1486 Ecclesiae
914 1447 1029 1486 bona
1063 1444 1265 1502 diripere,
1294 1456 1336 1486 et
1362 1445 1530 1486 civilem
1557 1446 1685 1502 hujus
1712 1445 1874 1486 Sanctae
1898 1444 2015 1487 Sedis

164 1508 452 1567 principatum
471 1519 650 1550 vastare.
675 1508 840 1550 Scilicet
859 1510 1032 1551 moralis
1059 1509 1222 1551 ordinis
1242 1509 1451 1568 principia
1472 1511 1525 1551 ab
1557 1509 1605 1551 iis
1626 1510 1916 1561 restituentur,
1943 1509 2014 1567 qui

164 1573 356 1632 publicas
393 1574 597 1630 cujusque
620 1573 744 1620 ,falsie
772 1573 977 1615 doctrincc
1001 1574 1166 1616 scholas
1187 1585 1228 1615 et
1247 1574 1505 1616 meretricias
1526 1575 1654 1616 etiam
1674 1575 1829 1617 domos
1849 1573 2013 1617 consti-

164 1649 305 1688 tuunt,
338 1637 493 1694 quique
522 1637 823 1679 abominandis
858 1638 1025 1695 scriptis
1045 1650 1086 1680 et
1106 1639 1282 1680 scenicis
1310 1640 1563 1697 spectaculis
1592 1640 1817 1697 pudorem,
1845 1638 2012 1698 pudici-

164 1701 282 1753 tiam,
305 1702 587 1750 honestatem,
607 1701 809 1743 virtutem
827 1702 1062 1753 offendere,
1086 1703 1379 1754 eliminare,·et
1399 1715 1663 1745 sacrosancta
1687 1703 1839 1744 divinae
1856 1715 2014 1745 nostrae

163 1766 382 1824 religionis
412 1765 633 1823 mysteria,
668 1778 948 1817 sacramenta,
984 1780 1195 1825 praeeepta
1218 1780 1259 1809 et
1278 1768 1486 1818 instituta,
1519 1784 1746 1825 sacrosque
1776 1767 2010 1821 ministros,

163 1831 283 1882 ritus,
320 1830 592 1872 ca·remonias
634 1830 824 1885 irridere,
865 1843 1156 1882 contemnere,
1209 1848 1464 1889 omnemque
1498 1832 1672 1887 justitia·
1711 1832 1923 1873 rationem
1962 1833 2015 1874 de

163 1896 307 1937 medio
329 1895 492 1947 tollere,
521 1911 570 1937 ac
591 1907 682 1936 tum
705 1896 924 1953 religionis
947 1908 1039 1938 tum
1071 1896 1201 1938 civilis
1221 1897 1435 1938 societatis
1452 1896 1733 1938 fundamenta
1756 1896 2013 1939 labefactare

164 1972 205 2002 et
224 1971 414 2002 evertere
443 1960 745 2002 connituntur!

221 2027 270 2065 In
300 2025 377 2066 1130
416 2024 545 2081 igitur
583 2035 672 2066 tam
701 2025 872 2082 injusta,
897 2037 984 2068 tam
1006 2026 1148 2068 hostili
1173 2038 1215 2069 et
1243 2027 1459 2069 horrenda
1497 2026 1627 2068 civilis
1653 2027 1800 2069 Nostri
1821 2038 1865 2068 et
1886 2027 2012 2100 hujus

164 2092 324 2131 Sanctae
354 2089 472 2131 Sedis
508 2089 772 2148 principatus
805 2091 1077 2149 aggressione
1099 2103 1139 2133 et
1166 2091 1446 2150 occupatione
1472 2107 1494 2132 a
1518 2091 1752 2166 Subalpino
1773 2094 1887 2150 Rege
1906 2094 2012 2148 ejus-

162 2170 243 2211 que
263 2155 408 2196 Gube1
414 2171 483 2195 mo
505 2166 657 2197 contra
685 2172 832 2197 omnes
854 2157 1026 2212 justitiae
1052 2157 1164 2214 leges
1186 2168 1228 2198 et
1249 2157 1482 2198 universale
1506 2156 1698 2214 gentium
1722 2159 1790 2212 jus
1819 2169 2006 2215 peracta,

159 2219 306 2261 Nostri
334 2218 460 2261 officii
491 2221 627 2277 probe
662 2236 877 2263 memores
906 2221 951 2262 in
980 2221 1062 2263 hoc
1094 2221 1354 2280 amplissimo
1387 2233 1529 2263 vestro
1561 2237 1774 2273 consessu,
1800 2233 1841 2264 et
1864 2238 2010 2264 coram

161 2283 357 2325 universo
394 2283 603 2326 catholico
639 2285 745 2325 orbe
776 2285 980 2327 Nostram
1010 2302 1159 2327 vocem
1196 2286 1337 2328 denuo
1369 2285 1644 2328 veliementer
1675 2285 1931 2339 attollimus,
1961 2303 2008 2330 ac

163 2363 310 2388 omnes
340 2347 524 2389 nefarios
552 2348 867 2408 sacrilegosque
894 2351 1084 2406 ejusdem
1113 2350 1242 2409 Regis
1265 2363 1310 2394 et
1335 2350 1541 2393 Gubernii
1565 2366 1689 2392 ausus
1706 2352 2003 2409 reprobamus,

162 2412 416 2470 penitusque
451 2413 717 2466 damnamus,
765 2431 997 2473 omnesque
1030 2427 1148 2457 actus
1175 2417 1300 2474 plane
1326 2416 1464 2457 nullos
1485 2426 1526 2456 et
1546 2414 1687 2456 irritos
1723 2415 2001 2468 declaramus,

164 2477 447 2529 decernimus,
475 2494 523 2519 30
543 2478 673 2521 civilis
704 2496 788 2537 quo
821 2482 1015 2522 Romana
1037 2481 1172 2538 pollet
1189 2481 1390 2532 Ecclesia,
1414 2479 1676 2538 principatus
1698 2479 2001 2538 integritatem,

164 2543 336 2599 ejusque
354 2542 465 2596 jura,
495 2559 586 2599 quae
623 2544 676 2585 ad
716 2561 863 2587 omnes
896 2545 1128 2588 catholicos
1159 2545 1394 2603 pertinent,
1427 2544 1554 2586 etiam
1571 2556 1697 2602 atque
1718 2544 1845 2586 etiam
1865 2545 2001 2587 recla-

164 2622 345 2659 manmS,
366 2617 407 2646 et
426 2607 656 2649 reclamare
675 2625 893 2667 nunquam
922 2610 1187 2653 desistemus.

220 2670 380 2712 Verum
399 2670 661 2713 dissimulare
672 2689 1005 2732 nonpossumus,
1026 2675 1300 2717 Venerabiles
1321 2676 1503 2724 Fratres,
1523 2691 1686 2716 summa
1709 2675 1797 2717 Nos
1818 2673 2001 2732 opprimi

163 2733 460 2785 amalitudine,
489 2751 587 2777 00111
613 2736 657 2777 111
694 2749 782 2779 tam
811 2739 984 2781 scelesta
1004 2751 1046 2782 et
1065 2756 1285 2797 nunquam
1314 2739 1413 2781 satis
1445 2739 1699 2781 exsecranda
1731 2738 2000 2798 agglessione

164 2799 290 2840 alieni
311 2798 453 2840 auxilii
474 2815 614 2857 opem,
638 2802 763 2844 131115
783 2819 885 2845 exoi
890 2805 942 2846 tis
964 2804 1296 2855 difficultatibus,
1315 2805 1452 2846 adhuc
1471 2803 1773 2846 desideremus.
1791 2803 2000 2861 Equidem

163 2863 392 2905 notissimae
411 2863 531 2905 vohis
561 2876 659 2906 sunt
681 2867 837 2908 iteratae
877 2868 1182 2911 declarationes
1215 2869 1351 2911 Nobis
1378 2869 1496 2910 sactae
1525 2870 1578 2911 ab
1605 2885 1692 2911 uno
1714 2885 1765 2910 ex
1785 2867 1996 2926 potentis-

163 2927 278 2970 simis
306 2930 488 2987 Europae
510 2929 792 2987 Principibus.
820 2934 1020 2976 Attamen
1044 2934 1147 2976 dum
1176 2933 1344 2976 illarum
1373 2934 1537 2990 jamdiu
1566 2945 1834 2992 expectamus
1864 2931 1996 2974 effee-

162 3003 266 3043 tnm,
307 3009 394 3034 non
434 3009 659 3051 possumus
693 3010 780 3036 non
811 2997 1080 3040 vehementer
1115 2999 1213 3057 angi
1250 3015 1297 3040 ac
1331 2999 1572 3057 perturbari
1603 3015 1700 3041 cum
1726 2996 1994 3056 inspiciamus

157 3057 352 3098 nefandae
388 3059 672 3130 usurpationis
705 3071 850 3102 auct01
854 3077 897 3103 es
917 3063 1183 3122 fautoresque
1209 3063 1409 3105 audacter
1430 3063 1746 3121 insolente1que
1766 3061 1809 3103 in
1828 3058 1992 3102 nefario

156 3137 230 3163 suo
258 3123 478 3180 ploposito
511 3123 731 3182 persistere
757 3141 804 3167 ac
832 3128 1047 3185 progiedi‚
1085 3140 1289 3186 tanquam
1327 3140 1443 3172 celto
1480 3128 1741 3171 confidentes
1774 3123 1989 3168 neminem

156 3185 234 3228 sibi
254 3203 402 3245 reapse
424 3187 652 3231 adversari.
