2135 3442
800 200 856 235 XI
886 201 1049 236 DECEM
1058 201 1162 236 BRIS
1191 201 1476 239 MDCCCLXII.

560 420 670 488 SS.
723 421 1035 487 DOMINI
1085 421 1401 490 NOSTRI
1448 422 1569 489 P11
1620 423 1710 492 IX

750 561 1057 613 LlTTERAE
1096 563 1525 615 APOSTOLICAE

699 684 1030 728 VENERABILI
1068 685 1268 729 FRATRt
1303 686 1580 731 GREGORIO

624 805 948 831 ΔΜΚΟΗΙΕΡΙΞΟΟΡΟ
996 806 1232 833 MONACENsx
1278 808 1328 833 ET
1379 807 1645 834 PRISINGENSI

900 912 1047 962 PIUS
1089 913 1251 962 PAPA
1295 914 1358 963 lX

422 1045 695 1085 benet-abilis·
723 1046 887 1096 Frater,
912 1048 1091 1089 salutem
1112 1057 1152 1089 ec
1173 1048 1509 1089 Benerlietionem
1534 1047 1842 1104 Apostolicam.

267 1159 537 1200 Gravissimas
559 1159 668 1198 inter
693 1160 956 1211 acerbitates,
978 1162 1130 1217 quibus
1151 1160 1340 1217 undique
1361 1160 1612 1218 premimur,
1637 1159 1679 1200 in
1704 1161 1780 1201 hac
1804 1171 1919 1200 tanta
1941 1171 2054 1201 tem-

207 1239 357 1281 porum
387 1222 707 1280 perturbatione
740 1235 782 1265 et
812 1225 1031 1282 iniquitate
1059 1227 1332 1267 vehementer
1364 1225 1572 1275 dolemus,
1605 1240 1703 1267 cum
1735 1240 1972 1275 noscamus,
2010 1227 2053 1266 in

207 1289 329 1329 variis
363 1287 601 1328 Germaniae
638 1289 881 1345 regionibus
916 1290 1089 1347 reperiri
1123 1290 1352 1331 nonnullos
1386 1289 1615 1331 catholicos
1653 1290 1781 1330 etiam
1817 1290 1946 1341 viros,
1981 1290 2052 1347 qui

206 1368 367 1394 sacram
405 1351 665 1409 theologiam
703 1368 750 1393 ac
786 1354 1098 1412 philosophiam
1135 1355 1352 1396 tradentes
1388 1353 1563 1395 minime
1600 1354 1796 1394 dubitant
1823 1353 2053 1410 quamdam

206 1417 439 1458 inauditam
471 1417 608 1458 adhuc
639 1417 680 1457 in
708 1418 893 1459 Ecclesia
917 1418 1100 1460 docendi
1134 1419 1432 1475 scribendique
1462 1418 1703 1460 libertatem
1731 1417 1946 1469 inducere,
1970 1435 2053 1461 no-

204 1498 360 1539 vasque
386 1493 427 1523 et
457 1481 632 1523 omnino
661 1483 966 1540 improbandas
996 1483 1222 1541 opiniones
1255 1484 1395 1541 palam
1424 1484 1674 1541 publiceque
1704 1482 1907 1541 profiteri,
1937 1494 1978 1524 et
2010 1483 2051 1525 in

203 1548 351 1606 vulgus
374 1546 660 1589 disseminare.
682 1547 791 1588 Hinc
817 1564 904 1588 non
928 1548 1007 1589 levi
1034 1564 1217 1590 moerore
1242 1548 1382 1590 affecti
1408 1548 1579 1597 fuimus,
1600 1546 1866 1588 Venerabilis
1889 1548 2048 1598 Frater,

203 1614 276 1654 ubi
299 1612 556 1654 tristissimus
579 1612 634 1652 ad
661 1612 747 1652 Nos
773 1614 890 1652 venit
913 1615 1101 1662 nuntius,
1130 1614 1426 1670 Presbyterum
1449 1614 1654 1654 Jacobum
1678 1612 2047 1663 Frohschammer,

205 1677 245 1717 in
271 1677 352 1718 ista
374 1677 619 1718 Monacensi
650 1676 881 1717 Academia
906 1677 1190 1734 philosophice
1218 1678 1437 1723 doctorem
1464 1676 1712 1730 hujusmodi
1737 1676 1918 1718 docendi
1945 1680 2049 1718 scri-

201 1741 414 1798 bendique
444 1740 658 1782 licentiam
690 1756 776 1797 prae
813 1741 962 1782 ceteris
996 1741 1219 1787 adhibere„
1260 1756 1443 1797 eumque
1474 1742 1560 1781 suis
1597 1740 1795 1797 operibus
1832 1740 1876 1781 in
1914 1741 2048 1783 lucem

202 1805 326 1847 editis
354 1805 732 1864 perniciosissimos
762 1806 869 1846 tucri
902 1821 1085 1846 errores.
1122 1807 1247 1847 Nulla
1277 1806 1403 1863 igitur
1434 1805 1680 1862 interposita
1709 1821 1846 1856 mora,
1882 1807 2048 1848 No'strae

201 1870 528 1928 Congregationi
547 1870 667 1910 libris
689 1870 890 1911 notandis
911 1870 1146 1928 praepositae
1169 1870 1481 1920 mandavimus,
1508 1882 1551 1910 ut
1571 1869 1783 1927 praecipua
1811 1870 2044 1922 volumina,

200 1951 291 1992 quae
310 1935 496 1991 ejusdem
515 1935 757 1991 Presbyteri
782 1934 814 1975 F
817 1934 1138 1975 rohschammer
1158 1935 1329 1975 nomine
1349 1934 1718 1985 circumferuntur,
1743 1950 1842 1975 cum
1864 1934 2050 1978 maxima

199 1999 416 2057 diligentia
440 1999 584 2040 sedulo
602 1998 901 2056 perpenderet,
916 2010 956 2040 et
976 2002 1117 2039 onmia
1138 2000 1190 2040 ad
1211 2000 1301 2041 Nos
1318 1999 1504 2040 referret.
1521 2000 1624 2051 Quae
1642 1998 1857 2040 volumina
1879 2015 2046 2058 germa-

198 2065 290 2106 nice
312 2065 465 2121 scripta
486 2063 655 2104 titulum
676 2063 837 2104 habent
856 2079 864 2104 :
887 2088 946 2093 —
972 2064 1234 2104 Introductis>
1258 2071 1298 2104 in
1320 2063 1643 2119 Philosoplzimn
1658 2080 1672 2111 ,·
1693 2089 1751 2095 -—-
1770 2064 1822 2104 (le
1840 2064 2049 2106 Libertate

197 2134 406 2180 scientiae;
428 2153 486 2158 —
508 2128 765 2178 Athenseum,
789 2154 848 2159 -—
871 2144 1050 2184 quorum
1072 2129 1257 2186 primum
1276 2144 1388 2170 anno
1416 2132 1544 2178 1858,
1567 2129 1749 2170 alterum
1774 2145 1887 2170 anno
1916 2134 2043 2181 1861,

196 2192 369 2234 tertium
391 2208 493 2233 vero
517 2203 705 2233 vertente
737 2194 817 2233 hoc
849 2209 961 2233 anno
994 2197 1104 2235 1862
1139 2193 1228 2234 istis
1250 2192 1583 2234 Monacensibus
1613 2194 1724 2250 typis
1747 2193 1791 2234 in
1813 2193 1949 2235 lucem
1985 2205 2048 2236 est

197 2257 374 2299 editum.
408 2259 556 2314 Itaque
591 2258 739 2299 eadem
776 2259 1056 2316 Congregatio
1098 2258 1262 2300 Nostris
1293 2259 1506 2299 mandatis
1545 2258 1767 2316 diligenter
1807 2259 2047 2316 obsequens

197 2337 363 2363 summo
379 2322 517 2363 studio
541 2324 903 2363 accuratissimum
928 2338 1104 2364 examen
1129 2322 1324 2373 instituit,
1347 2323 1632 2379 omnibusque
1657 2323 1784 2364 semel
1809 2322 2047 2381 iterumque

196 2387 305 2428 serio
335 2402 383 2427 ac
402 2398 566 2427 mature
597 2403 644 2427 ex
674 2403 791 2429 more
817 2387 1010 2429 discussis
1033 2399 1072 2428 et
1095 2389 1314 2445 perpensis
1333 2387 1552 2443 judicavit,
1579 2391 1808 2429 Auctorem
1835 2388 1880 2428 in
1908 2387 2044 2445 pluri-

192 2452 273 2492 bus
295 2467 382 2491 non
406 2462 517 2492 recte
541 2454 709 2502 sentire,
737 2454 908 2509 ejusque
938 2452 1174 2493 doctrinam
1199 2469 1221 2493 a
1240 2453 1416 2493 veritate
1433 2451 1639 2492 catholica
1660 2453 1875 2493 aberrare.
1899 2454 2043 2510 Atque

194 2516 237 2556 id
262 2532 311 2556 ex
335 2515 487 2573 duplici
512 2517 742 2573 praesertim
775 2528 919 2574 parte,
946 2528 985 2558 ct
1012 2519 1150 2575 primo
1182 2517 1355 2574 quidem
1382 2527 1609 2574 propterea
1629 2517 1745 2572 quod
1769 2526 1918 2558 auctor
1940 2517 2044 2559 tales

195 2580 390 2621 humanae
420 2581 573 2620 rationi
603 2581 762 2622 tribuat
784 2583 907 2631 vires,
936 2598 1026 2638 quse
1056 2581 1210 2623 rationi
1236 2582 1313 2639 ipsi
1349 2582 1522 2622 minime
1551 2591 1828 2638 competunt,
1856 2582 2042 2624 secundo

195 2661 308 2695 vero,
326 2644 442 2701 quod
463 2661 553 2685 eam
573 2647 712 2686 omnia
737 2647 957 2704 opinandi,
975 2658 1016 2688 et
1033 2646 1240 2704 quidquid
1257 2662 1421 2703 semper
1439 2645 1622 2687 audendi
1646 2646 1885 2687 libertatem
1902 2647 2043 2688 eidem

194 2709 349 2751 rationi
383 2709 610 2759 concedat,
648 2721 693 2750 ut
726 2710 857 2768 ipsius
892 2711 1088 2752 Ecclesia*
1120 2713 1214 2767 jura
1243 2710 1453 2761 officium,
1488 2722 1529 2752 et
1558 2710 1787 2752 auctoritas
1816 2710 1869 2752 de
1897 2711 2040 2754 medio

197 2776 373 2815 omnino
397 2774 619 2815 tollantur.

253 2840 450 2896 Namque
489 2849 635 2879 auctor
662 2838 704 2878 iu
740 2839 888 2896 primis
920 2840 1094 2891 edocet,
1133 2839 1473 2898 philosophiam,
1503 2839 1534 2880 si
1572 2851 1686 2881 recta
1717 2842 1804 2896 ejus
1834 2840 2041 2883 habeatur

195 2904 329 2955 notio,
360 2919 483 2962 posse
508 2919 593 2944 non
613 2903 746 2943 solum
781 2905 997 2961 percipere
1036 2917 1077 2945 ct
1107 2905 1339 2963 intelligere
1376 2921 1424 2946 ea
1459 2904 1685 2946 christiana
1708 2905 1921 2963 dogmata,
1943 2920 2038 2962 quae

195 2968 396 3010 naturalis
422 2969 529 3009 ratio
556 2983 651 3008 cum
683 2967 764 3007 side
788 2968 917 3009 habret
951 2970 1191 3010 comnnmia
1227 2970 1451 3026 {tanquam
1487 2985 1713 3010 commune
1749 2969 1904 3011 scilicet
1935 2984 2034 3026 per-

193 3033 399 3090 ceptionis
423 3032 659 3089 objectum)
689 3048 839 3073 verum
870 3033 994 3073 eiiam
1023 3050 1090 3083 ca,
1124 3051 1214 3091 qaue
1248 3035 1520 3075 christianam
1546 3034 1797 3091 religionem
1825 3033 2035 3090 fidemque

193 3097 375 3138 maxime
397 3109 437 3139 et
460 3098 627 3156 proprie
653 3096 857 3147 efficiunt,
881 3097 1102 3154 ipsumque
1124 3098 1279 3139 scilicet
1301 3098 1662 3156 supernaturalem
1683 3097 1863 3139 hominis
1885 3096 2029 3148 finem,

194 3172 234 3202 et
254 3177 300 3203 ea
322 3161 480 3214 omnia,
506 3178 596 3220 quae
618 3161 669 3203 ad
689 3160 827 3219 ipsum
851 3172 1058 3218 spectant,
1080 3173 1204 3219 atquc
1230 3162 1556 3204 sacratissimum
1578 3161 1810 3204 Dominicae
1829 3162 2031 3203 Incarna-
