2135 3442
227 169 301 206 1268
708 162 901 197 LETTRE
929 160 1272 206 APOSTOLIQUE
1300 159 1366 194 DE
1394 158 1474 193 PIE
1502 156 1573 193 IX.

228 253 353 296 tionis
373 250 617 309 mysterium
643 248 696 289 ad
734 248 929 290 humanae
957 248 1129 289 rationis
1168 259 1209 288 et
1236 243 1510 303 philosophiae
1541 241 1803 299 provinciam
1831 242 2056 299 pertinere,

226 317 522 372 rationemque
538 347 547 365 ,
579 315 678 356 dato
707 313 788 354 hoc
820 314 1005 368 objecto,
1029 312 1114 353 suis
1142 310 1320 369 propriis
1346 306 1562 367 principiis
1585 305 1764 348 scienter
1787 306 1840 347 ad
1867 322 1915 347 ea
1937 323 2060 364 posse

227 382 462 441 pervenire.
491 378 577 420 Etsi
605 394 704 420 vero
733 377 915 434 aliquam
944 377 1057 418 inter
1086 377 1174 418 hacc
1199 387 1241 417 et
1265 375 1334 415 illa
1358 374 1557 430 dogmata
1585 370 1897 412 distinctionem
1918 383 2062 413 auctor

226 447 411 497 inducat,
440 456 481 487 et
503 444 591 485 haec
611 442 758 484 ultima
787 441 941 482 minori
967 443 1060 496 jure
1083 439 1238 482 rationi
1264 438 1494 487 adtribuat,
1519 448 1661 477 tamen
1692 436 1802 476 clare
1835 448 2060 493 aperteque

229 511 374 562 docet,
407 509 536 551 etiam
566 509 655 550 haec
684 506 893 548 contineri
926 508 1035 546 inter
1067 505 1152 556 illa,
1178 521 1269 562 quae
1292 519 1435 545 veram
1463 503 1762 559 propriamque
1789 500 1971 542 scientiae
1991 517 2062 543 seu

227 574 507 634 philosophice
536 573 756 614 materiam
786 571 1060 612 constituunt.
1092 571 1298 624 Quocirca
1333 585 1382 610 cx
1416 566 1602 624 ejusdem
1637 567 1831 607 Auctoris
1861 566 2065 608 sententia

230 639 428 683 concludi
458 637 631 680 omnino
669 637 799 694 possit
840 652 887 676 ac
913 635 1087 686 debeat,
1121 636 1330 676 rationem
1365 633 1407 674 in
1443 631 1715 673 abditissimis
1750 631 1875 672 etiam
1915 631 2065 673 divinae

231 704 453 764 Sapientiae
475 720 522 744 ac
551 702 769 758 Bonitatis,
799 700 930 741 immo
961 700 1089 741 etiam
1119 712 1160 742 et
1184 700 1326 740 liberae
1356 700 1443 754 ejus
1476 696 1702 738 voluntatis
1724 695 1946 753 mysteriis,
1970 696 2066 739 licet

230 770 373 829 posito
401 767 666 810 revelationis
701 768 887 821 objecto,
908 781 1031 823 posse
1067 781 1117 806 ex
1144 766 1294 822 seipsa,
1327 780 1415 805 non
1438 764 1526 818 jam
1550 778 1599 803 ex
1630 761 1780 802 divinae
1808 760 2068 804 auctoritatis

231 834 457 893 principio,
486 832 559 874 sed
585 848 635 873 ex
656 829 917 871 naturalibus
943 831 1025 872 suis
1046 828 1266 888 principiis
1293 839 1336 869 et
1353 828 1511 869 viribus
1532 826 1587 868 ad
1608 825 1828 868 scientiam
1847 842 1918 867 seu
1938 826 2068 868 certi-

232 898 425 941 tudinem
445 895 680 956 pervenire.

292 1018 396 1070 Quae
425 1013 605 1056 auctoris
627 1011 823 1053 doctrina
848 1027 976 1069 quam
1010 1010 1112 1052 falsa
1136 1010 1189 1052 sit
1213 1022 1254 1052 et
1283 1025 1460 1052 erronea
1487 1025 1615 1051 nemo
1639 1020 1715 1057 est,
1740 1011 1810 1066 qui
1832 1009 2070 1051 christianae

236 1080 437 1124 doetrinae
470 1077 720 1120 rudimentis
741 1076 805 1118 vel
832 1076 979 1118 leviter
1008 1076 1196 1117 imbutus
1226 1091 1312 1116 non
1341 1074 1453 1115 illico
1483 1074 1638 1125 videat,
1668 1075 1876 1133 planeque
1903 1074 2068 1117 sentiat.

233 1147 427 1203 Namque
460 1143 494 1184 si
527 1139 592 1184 isti
632 1141 912 1200 philosophiae
949 1141 1129 1183 cultores
1169 1156 1269 1182 vera
1306 1156 1353 1181 ac
1389 1139 1477 1181 sola
1508 1138 1683 1183 rationis
1724 1151 1764 1180 et
1794 1139 2073 1198 philosophiae

236 1209 708 1268 disciplinaeet‘uerentur
745 1206 952 1266 principia
981 1217 1024 1248 et
1049 1209 1165 1263 jura,
1203 1205 1356 1247 debitis
1391 1215 1501 1246 certe
1537 1203 1733 1245 laudibus
1765 1216 1904 1246 essent
1927 1222 2072 1264 perse-

236 1273 651 1335 queneti.1·Siqui‹len1
674 1288 769 1314 vera
797 1288 845 1313 ac
868 1288 967 1313 sana
994 1270 1261 1330 philosophia
1284 1269 1595 1311 nobilissimum
1618 1284 1739 1311 suum
1768 1269 1908 1311 locum
1929 1271 2072 1323 habet,

236 1339 547 1395 cum‘ej'usdem
578 1337 857 1396 philosophiae
887 1336 965 1388 sit,
996 1336 1216 1378 veritatem
1256 1335 1479 1394 diligenter
1507 1334 1731 1392 inquirere,
1761 1334 2077 1394 humanamque

236 1404 446 1447 rationem
476 1403 574 1445 licet
600 1403 726 1461 primi
749 1401 934 1443 hominis
954 1402 1077 1459 culpa
1108 1403 1450 1451 obtenebratam,
1473 1401 1590 1442 nullo
1613 1411 1754 1441 tamen
1778 1400 1910 1441 modo
1937 1400 2076 1442 extin-

237 1482 365 1521 ctam,
401 1480 516 1510 recte
552 1484 599 1509 ac
629 1467 775 1509 sedulo
806 1467 1016 1518 excolere,
1041 1466 1273 1517 illustrare,
1298 1468 1470 1524 ejusque
1497 1465 1749 1523 cognitionis
1776 1466 2006 1520 objectum,
2031 1481 2079 1508 ac

238 1524 472 1593 permultas
487 1533 692 1593 ⁸veritates
714 1531 949 1590 percipere,
984 1533 1095 1573 bene
1118 1531 1369 1589 intelligere,
1399 1546 1662 1589 promovere,
1689 1546 1919 1587 earumque
1946 1529 2080 1589 pluri-

237 1615 341 1650 mas,
363 1598 425 1640 uti
441 1597 519 1639 Dei
541 1597 822 1647 existentiam,
847 1608 1058 1646 naturam,
1082 1597 1299 1647 attributa,
1329 1612 1419 1653 quae
1446 1595 1573 1637 etiam
1601 1596 1705 1637 fides
1732 1595 1944 1637 credenda
1974 1612 2079 1653 pro-

237 1663 374 1722 ponit,
401 1679 477 1721 per
505 1673 756 1720 argumenta
777 1676 828 1703 ex
853 1661 936 1702 suis
960 1660 1177 1718 principiis
1204 1662 1333 1719 petita
1360 1662 1672 1719 demonstrare,
1689 1660 1917 1709 vindicare,
1937 1661 2082 1704 defen-

239 1728 353 1779 dere,
387 1739 511 1784 atque
544 1727 624 1768 hoc
657 1725 787 1767 modo
819 1725 930 1766 viam
950 1725 1115 1767 munire
1150 1726 1203 1766 ad
1236 1726 1324 1768 haec
1347 1725 1547 1783 dogmata
1576 1724 1658 1766 fide
1690 1724 1842 1766 rectius
1876 1727 2077 1783 tenenda,

240 1804 282 1834 et
305 1792 360 1834 ad
380 1792 452 1833 illa
474 1791 601 1833 etiam
622 1790 909 1832 reconditiora
929 1790 1143 1848 dogmata,
1178 1807 1270 1848 quoe
1290 1791 1376 1832 sola
1398 1791 1482 1832 fide
1502 1789 1664 1848 percipi
1683 1791 1867 1847 primum
1884 1803 2077 1848 possunt,

240 1867 287 1898 ut
307 1855 378 1897 illa
397 1856 539 1913 aliquo
568 1856 698 1897 modo
721 1872 743 1897 a
767 1855 933 1896 ratione
957 1855 1262 1913 intelligantur.
1287 1857 1386 1897 Haec
1416 1855 1590 1913 quidem
1615 1871 1753 1912 agere,
1787 1867 1914 1912 atque
1943 1856 1986 1897 in
2016 1857 2082 1899 his

239 1920 395 1963 versari
429 1920 558 1962 debet
595 1936 736 1962 severa
780 1931 822 1961 et
859 1919 1143 1977 pulcherrima
1186 1937 1293 1962 verae
1336 1919 1612 1979 philosophiae
1654 1919 1843 1962 scientia.
1882 1921 1950 1962 Ad
1989 1938 2082 1979 quae

240 1985 478 2043 praestanda
499 1985 532 2026 si
552 1985 629 2026 viri
651 1984 765 2026 docti
786 1984 829 2025 in
849 1985 1086 2026 Germaniae
1104 1985 1343 2027 Academiis
1367 1985 1582 2026 enitantur
1599 2001 1679 2043 pro
1700 1985 1897 2044 singulari
1919 1985 2086 2045 inclytae

240 2050 348 2091 illius
367 2049 561 2092 Nationis
590 2050 646 2091 ad
666 2051 890 2092 severiores
915 2052 1210 2108 gravioresque
1237 2050 1474 2108 disciplinas
1507 2050 1761 2092 excolendas
1785 2053 2084 2109 propensione,

243 2131 392 2157 eorum
416 2115 605 2156 studium
642 2132 665 2156 a
697 2115 833 2157 Nobis
872 2117 1178 2173 comprobatur
1219 2127 1259 2157 et
1298 2115 1636 2166 commendatur,
1666 2131 1762 2157 cum
1798 2115 1841 2156 in
1875 2131 2088 2158 sacrarum

242 2196 385 2221 rerum
405 2180 633 2221 utilitatem
655 2180 983 2239 profectumque
1009 2192 1269 2231 convertant,
1300 2197 1391 2238 quae
1414 2181 1473 2221 illi
1503 2180 1556 2221 ad
1581 2196 1679 2221 suos
1700 2196 1800 2222 usus
1831 2180 2083 2224 invenerint,

243 2245 299 2285 At
320 2261 422 2286 vero
438 2247 480 2286 in
499 2245 581 2287 1100
602 2245 850 2303 gratissimo
876 2261 976 2286 sane
992 2246 1166 2303 negotio
1183 2246 1364 2287 tolerare
1386 2261 1603 2302 nunquam
1617 2261 1855 2303 possumus,
1875 2257 1922 2286 ut
1944 2245 2088 2287 omnia

244 2321 403 2351 temere
435 2311 787 2368 permisceantur,
814 2323 944 2369 utque
978 2310 1086 2351 ratio
1120 2311 1212 2352 illas
1233 2310 1361 2352 etiam
1383 2327 1462 2360 res,
1496 2326 1587 2367 quae
1617 2309 1668 2351 ad
1698 2309 1828 2351 fidem
1854 2310 2085 2368 pertinent,

246 2385 425 2432 occupet
458 2387 582 2432 atque
613 2377 860 2434 perturbet,
893 2391 990 2417 cum
1018 2375 1267 2427 certissimi,
1303 2375 1589 2432 omnibusque
1616 2374 1824 2416 notissimi
1857 2375 1938 2417 sint
1964 2375 2083 2426 fines,

246 2439 357 2480 ultra
388 2456 491 2497 quos
522 2440 630 2482 ratio
663 2456 884 2498 nunquam
916 2456 992 2482 suo
1019 2441 1115 2497 jure
1148 2452 1209 2483 est
1232 2456 1469 2499 progressa,
1507 2440 1572 2482 vel
1596 2439 1795 2498 progredi
1818 2450 1968 2498 potest.

309 2664 448 2720 Atque
477 2662 530 2703 ad
557 2663 801 2718 hujusmodi
834 2664 1034 2721 dogmata
1058 2681 1106 2706 ea
1144 2665 1285 2706 omnia
1308 2664 1492 2706 maxime
1523 2675 1565 2705 et
1593 2663 1854 2722 apertissime
1883 2674 2085 2721 spectant,

250 2743 343 2785 quae
371 2729 738 2785 supernaturalem
767 2729 952 2770 hominis
988 2729 1290 2781 elevationem,
1315 2746 1362 2771 ac
1394 2730 1711 2787 supernaturale
1749 2730 1837 2785 ejus
1872 2744 1968 2770 cum
1999 2730 2089 2770 Deo

251 2793 553 2835 commercium
584 2793 828 2850 respiciunt,
865 2805 991 2851 atque
1026 2794 1079 2835 ad
1114 2796 1227 2835 hunc
1250 2794 1375 2835 finem
1411 2794 1594 2836 revelata
1626 2805 1871 2836 noscuntur.
1904 2795 1957 2835 Et
1990 2809 2090 2835 sane

251 2874 348 2901 cum
369 2860 458 2899 haec
478 2857 675 2914 dogmata
695 2857 775 2898 sint
795 2874 917 2916 supra
940 2871 1152 2914 naturam,
1176 2859 1333 2900 idcirco
1355 2859 1538 2900 naturali
1558 2859 1739 2909 ratione,
1763 2875 1810 2900 ac
1828 2857 2090 2900 naturalibus

251 2922 469 2981 principiis
501 2921 651 2979 attingi
694 2938 780 2962 non
824 2935 1017 2979 possunt.
1058 2925 1290 2981 Nunquam
1332 2924 1518 2981 iqnidcin
1551 2924 1659 2965 ratio
1700 2924 1784 2966 suis
1828 2922 2090 2965 naturalibus

249 2987 475 3045 principiis*
503 2987 555 3028 ad
593 2987 840 3042 hujusmodi
877 2988 1077 3045 dogmata
1113 2989 1292 3030 scienter
1333 2990 1554 3031 tractanda
1594 2988 1700 3030 effici
1742 3000 1882 3046 potest
1918 2987 2086 3029 idonea.

254 3053 380 3106 Quod
419 3053 452 3094 si
485 3052 574 3093 ha‘e
610 3052 674 3093 isti
708 3062 869 3092 temere
900 3068 1136 3095 asseverare
1175 3054 1381 3103 audeant,
1422 3054 1576 3105 sciant,
1612 3070 1655 3096 se
1684 3065 1796 3096 certe
1823 3070 1908 3095 non
1938 3069 1960 3093 a
1984 3067 2090 3108 quo-

253 3117 457 3159 rumlibet
506 3117 731 3158 doctorum
773 3116 1001 3174 opinione,
1046 3118 1119 3158 sed
1166 3135 1187 3159 a
1233 3120 1472 3170 communi,
1516 3131 1554 3160 et
1606 3135 1822 3176 nunquam
1869 3117 2090 3158 immutata

255 3182 450 3224 Ecclesiae
481 3182 673 3224 doctrina
704 3182 916 3224 recedere.
958 3183 1020 3223 Ex
1051 3182 1203 3224 (livinis
1232 3184 1343 3225 enim
1371 3184 1554 3227 Litteris.
1579 3196 1620 3226 et
1648 3195 1887 3225 sanctorum
1916 3182 2088 3222 Patrum
