2135 3442
200 151 274 188 178
700 147 887 183 LETTRE
916 147 1226 193 ENCYCLIQUE
1254 148 1320 183 DE
1347 147 1426 182 PIE
1456 146 1532 184 IX.

201 234 417 287 thesauris,
451 245 513 274 tot
548 234 855 291 Prophetarum
886 233 1248 293 praedietionibus,
1280 244 1345 274 tot
1375 232 1676 274 miraculorum
1704 233 1945 290 splendore,
1973 240 2038 279 tot

197 302 431 357 Martyrum
454 298 704 349 constantia,
729 310 793 340 tot
814 300 1064 341 Sanctorum
1084 299 1215 356 gloria
1240 299 1304 340 vel
1322 297 1504 338 maxime
1521 296 1633 338 clara
1653 307 1694 338 et
1712 298 1900 356 insignis,
1921 300 2037 342 salu-

199 377 306 407 tares
325 365 540 423 proferens
557 365 707 405 Christi
726 364 852 422 leges⁷
876 380 923 405 ac
944 366 1123 419 majores
1144 365 1187 404 in
1215 363 1306 404 dics
1334 379 1384 403 ex
1406 361 1702 403 crudelissimis
1725 362 1821 419 ipsis
1837 380 2037 421 persecu-

196 430 382 472 tionibus
407 429 514 471 vires
539 429 771 486 acquirens,
801 430 1047 470 universum
1071 428 1220 470 orbem
1244 438 1356 468 terra
1382 427 1589 483 marique,
1616 443 1638 467 a
1665 426 1761 467 solis
1788 439 1880 468 ortu
1905 445 2038 487 usque

200 497 252 538 ad
276 511 485 547 occasum,
515 511 601 536 uno
631 494 774 535 Crucis
806 494 957 536 vexillo
985 494 1180 550 pervasit,
1213 504 1339 549 atque
1368 491 1580 533 idolorum
1610 490 1833 549 profligata
1857 491 2033 544 fallacia,

198 577 388 604 errorum
418 560 593 618 depulsa
621 558 815 616 caligine,
854 558 1202 616 triumphatisque
1230 559 1431 613 cujusque
1455 556 1618 615 generis
1646 557 1853 607 hostibus,
1894 573 2040 602 omnes

198 626 389 684 populos,
417 636 575 683 genteS,
600 625 791 665 nationes
808 635 1035 681 utcumque
1050 622 1313 663 immanitate
1333 622 1552 665 barbaras.
1577 636 1624 661 ac
1646 620 1804 670 indole,
1829 621 2035 673 moribus,

195 691 374 749 legibus,
400 689 596 731 institutis
618 689 801 730 diversas
825 688 977 730 divinae
1007 687 1257 746 cognitionis
1282 686 1443 728 lumine
1476 686 1708 735 illustravit,
1740 696 1864 742 atque
1882 686 2041 728 suavis-

198 757 304 798 simo
338 757 463 813 ipsius
498 753 649 795 Christi
681 756 785 811 jugo
823 753 1022 809 subjecit,
1057 752 1313 794 annuntians
1348 752 1547 793 omnibus
1581 767 1749 809 pacem,
1784 751 2040 794 annuntians

200 822 332 863 bona.

258 953 361 1004 Qua=
382 961 491 992 certe
515 949 656 990 omnia
678 958 794 988 tanto
814 947 963 988 divinae
983 946 1196 1004 sapientiae
1221 960 1268 986 ac
1287 945 1486 1003 potentiae
1509 944 1674 1002 fulgore
1692 944 1882 1001 undique
1903 945 2041 987 collu-

199 1028 309 1066 cent,
334 1027 380 1057 ut
399 1015 599 1070 cujusque
622 1026 742 1053 mens
764 1023 805 1052 et
827 1011 1026 1068 cogitatio
1050 1011 1116 1051 vel
1140 1010 1263 1051 facile
1286 1009 1496 1066 intelligat
1523 1011 1795 1051 christianam
1816 1009 1943 1052 fidem
1963 1011 2040 1053 Dei

200 1098 304 1141 opus
329 1096 435 1123 esse.
457 1081 602 1134 Itaque
623 1077 810 1118 humana
833 1077 942 1117 ratio
973 1091 1024 1116 ex
1058 1074 1404 1132 splendidissimis
1435 1075 1561 1123 hisce,
1587 1090 1703 1131 teque
1727 1090 1775 1114 ac
1796 1074 2042 1117 firmissimis

200 1144 472 1205 argumentis,
486 1143 594 1184 clare
611 1152 839 1199 aperteque
853 1155 1109 1198 cognoscens
1123 1141 1261 1180 Deum
1277 1138 1468 1193 ejusdem
1484 1139 1583 1180 fidei
1604 1150 1822 1181 auctorem
1842 1140 2036 1190 existere,

199 1213 372 1254 ulterius
391 1207 590 1266 progredi
612 1205 772 1263 nequit,
794 1204 867 1246 sed
885 1205 1028 1262 quavis
1049 1203 1297 1245 difficultate
1327 1220 1375 1245 ac
1395 1203 1662 1245 dubitatione
1684 1203 1853 1262 penitus
1876 1206 2039 1260 abjecta

201 1289 325 1334 atque
354 1284 531 1322 remota,
557 1286 682 1312 omne
718 1269 856 1312 eidem
886 1269 985 1311 fidei
1013 1269 1264 1326 obsequium
1286 1269 1472 1325 praebeat
1495 1279 1677 1325 oportet,
1707 1284 1804 1309 cum
1825 1285 1903 1326 pro
1927 1282 2042 1311 certo

199 1343 354 1383 habeat
376 1356 398 1380 a
419 1340 510 1379 Deo
530 1336 736 1378 traditum
754 1351 840 1377 esse
855 1334 1064 1393 quidquid
1082 1334 1186 1376 fides
1199 1334 1285 1391 ipsa
1301 1332 1545 1375 hominibus
1561 1332 1841 1386 credendum,
1858 1345 1899 1375 et
1916 1350 2044 1392 agen-

201 1406 303 1447 dum
328 1401 543 1462 proponit.

262 1471 397 1527 Atque
417 1468 516 1509 hinc
536 1466 662 1524 plane
690 1475 863 1522 apparet
886 1464 929 1504 in
949 1475 1109 1521 quanto
1134 1479 1273 1504 errore
1292 1463 1352 1504 illi
1374 1464 1503 1504 etiam
1528 1474 1760 1513 versentur,
1790 1462 1861 1520 qui
1880 1464 2043 1505 ratione

202 1536 434 1583 abutentes,
457 1548 505 1574 ac
522 1531 602 1573 Dei
613 1529 779 1586 eloquia
802 1540 1020 1586 tamquam
1039 1529 1274 1569 humanum
1294 1544 1401 1586 opus
1421 1527 1720 1577 existimantes,
1738 1529 1912 1586 proprio
1932 1529 2048 1570 arbi-

200 1600 282 1641 trio
298 1600 366 1640 illa
385 1597 610 1655 explicare,
633 1593 898 1651 interpretari
917 1604 1075 1634 temere
1094 1593 1266 1643 audent,
1286 1609 1383 1634 cum
1399 1594 1513 1633 Deus
1527 1592 1614 1650 ipse
1632 1593 1769 1633 vivam
1783 1593 2046 1634 constituerit

202 1663 508 1711 auctoritatem,
533 1675 623 1717 quse
645 1674 790 1700 verum
812 1657 1129 1715 legitimumque
1154 1658 1329 1698 coelestis
1358 1673 1440 1698 suae
1473 1656 1738 1697 revelationis
1773 1672 1943 1698 sensum
1963 1658 2044 1699 do-

202 1740 326 1778 ceret,
351 1725 651 1773 constabiliret,
682 1737 911 1779 omnesque
934 1723 1235 1763 controversias
1254 1723 1298 1762 in
1326 1722 1450 1763 rebus
1470 1720 1582 1770 fidei,
1609 1732 1650 1761 et
1673 1737 1840 1762 morum
1864 1722 2040 1778 infizllz'-

202 1794 280 1834 bili
296 1791 456 1849 judicio
485 1790 713 1838 dirimeret,
739 1803 792 1828 ne
817 1786 961 1829 fideles
992 1787 1342 1828 circumferantur
1366 1786 1483 1827 omni
1505 1796 1633 1826 vento
1663 1785 1865 1826 doctrinae
1887 1787 1932 1827 in
1961 1803 2042 1829 ne-

202 1859 331 1916 quitia
353 1856 578 1898 hominum
603 1853 658 1895 ad
682 1853 1084 1894 circumventionem
1107 1853 1272 1893 erroris.
1293 1852 1396 1904 Quze
1415 1851 1585 1909 quidem
1607 1851 1697 1892 viva
1723 1862 1763 1891 et
1790 1851 2044 1908 infallibilis

204 1921 431 1964 auctoritas
454 1921 498 1961 in
527 1935 576 1960 ea
610 1929 776 1959 tantum
797 1918 908 1975 viget
932 1916 1133 1966 Ecclesia,
1166 1932 1256 1973 quae
1280 1932 1302 1956 a
1327 1915 1493 1956 Christo
1518 1916 1703 1956 Domino
1726 1931 1848 1972 supra
1872 1916 2044 1957 Petrum

201 1987 329 2029 totius
352 1984 547 2027 Ecclesiae
570 1985 721 2040 Caput,
750 1982 990 2040 Principem
1014 1993 1055 2023 et
1076 1983 1309 2033 Pastorem,
1337 1982 1453 2036 cujus
1482 1980 1613 2021 fidem
1643 1996 1878 2037 numquam
1900 1980 2043 2023 defec-

201 2064 340 2093 turam
359 2048 566 2108 promisit,
581 2047 799 2098 aedificata,
814 2063 910 2088 suos
926 2047 1136 2104 legitimos
1153 2062 1318 2104 semper
1336 2046 1466 2086 habet
1482 2045 1710 2086 Pontifices
1731 2046 1818 2087 sine
1833 2045 2044 2088 intermis-

203 2117 319 2157 sione
334 2116 386 2156 ab
407 2114 498 2172 ipso
521 2114 649 2154 Petro
673 2112 875 2153 ducentes
892 2112 1097 2169 originem
1114 2110 1158 2151 in
1181 2113 1271 2167 ejus
1292 2110 1503 2151 Cathedra
1523 2109 1768 2162 collocatos,
1792 2120 1835 2151 et
1851 2109 2042 2164 ejusdem

203 2182 332 2223 etiam
354 2179 570 2227 doctrinae,
600 2177 825 2234 dignitatis,
850 2176 1025 2216 honoris
1045 2192 1092 2217 ac
1115 2175 1334 2233 potestatis
1359 2175 1549 2216 haeredes
1569 2185 1611 2216 et
1630 2175 1831 2216 vindices.
1857 2175 1912 2215 Et
1930 2191 2042 2231 quo-

201 2247 316 2287 niam
332 2245 407 2285 ubi
426 2244 571 2284 Petrus
591 2240 649 2282 ibi
666 2241 853 2282 Ecclesia
871 2240 903 2293 ¹,
927 2256 974 2281 ac
993 2241 1143 2281 Petrus
1166 2256 1241 2297 per
1260 2242 1506 2281 Romanum
1526 2239 1776 2281 Pontificem
1798 2238 1986 2295 loquitur
2005 2239 2037 2290 ²,

202 2322 244 2352 et
264 2324 432 2367 semper
453 2309 496 2348 in
512 2307 593 2348 suis
610 2305 916 2347 successoribus
936 2305 1050 2355 vivit,
1066 2316 1107 2345 et
1121 2304 1330 2359 judicium
1354 2315 1520 2346 exercet
1539 2303 1550 2324 ³
1563 2337 1571 2353 ,
1595 2320 1643 2345 ac
1660 2313 1828 2361 praestat
1847 2319 2038 2360 quaeren-

201 2376 312 2416 tibus
331 2373 429 2415 fidei
450 2374 667 2413 veritatem
681 2370 715 2421 ⁶,
737 2371 892 2412 iccirco
919 2370 1059 2410 divina
1080 2369 1247 2427 eloquia
1280 2385 1330 2410 eo
1354 2369 1479 2426 plane
1507 2384 1629 2409 sensu
1659 2378 1756 2408 sunt
1777 2368 2036 2425 accipi-enda,

203 2455 329 2496 quem
353 2438 487 2480 tenuit
515 2452 563 2477 ac
592 2446 706 2476 tenet
735 2436 823 2476 haec
844 2436 1038 2475 Romana
1060 2435 1294 2474 Beatissimi
1332 2432 1445 2473 Petri
1473 2432 1699 2481 Cathedra,
1735 2448 1827 2489 quae
1851 2433 2042 2474 omnium

201 2504 483 2545 Ecclesiarum
503 2511 637 2542 mater
659 2511 701 2542 et
725 2501 924 2558 magistra
945 2500 977 2549 ⁵,
1002 2499 1129 2539 fidem
1152 2515 1173 2539 a
1196 2498 1362 2539 Christo
1380 2496 1570 2538 Domino
1591 2497 1807 2548 traditam,
1835 2498 2042 2555 integram

201 2568 527 2622 inviolatamque
555 2581 717 2622 semper
742 2565 933 2614 servavit,
967 2580 1145 2620 eamque
1174 2563 1323 2604 fideles
1358 2560 1543 2609 edocuit⁷
1585 2562 1780 2602 omnibus
1815 2561 2042 2603 ostendens

202 2633 344 2675 salutis
367 2632 573 2679 semitam,
595 2640 635 2670 et
656 2629 907 2686 incorruptae
934 2629 1116 2670 veritatis
1147 2627 1405 2668 doctrinam.
1436 2627 1535 2666 Haec
1563 2625 1772 2683 siquidem
1801 2624 2041 2684 principalis

202 2697 400 2746 Ecclesia,
424 2694 537 2736 unde
555 2694 689 2735 unitas
706 2692 984 2735 Sacerdotalis
1003 2704 1147 2734 exorta
1163 2697 1190 2740 θ,
1219 2692 1308 2732 haec
1329 2690 1498 2748 pietatis
1524 2691 1786 2748 metropolis,
1810 2691 1854 2731 in
1874 2706 1954 2748 qua
1978 2701 2038 2731 est

203 2764 365 2820 integra
383 2762 615 2803 christianae
636 2758 866 2815 religionis,
891 2773 938 2799 ac
960 2758 1144 2815 perfecta
1167 2755 1357 2797 soliditas
1372 2753 1405 2805 ⁷,
1430 2755 1474 2796 in
1496 2771 1578 2812 qua
1601 2771 1768 2814 semper
1787 2755 2039 2814 Apostolicae

255 2918 287 2950 1.
315 2915 349 2949 S.
371 2913 531 2947 Ambros.
551 2912 586 2944 in
604 2912 694 2944 Psal.
718 2913 776 2946 40.

279 2991 286 2997 .
315 2960 451 2994 Concil.
472 2959 637 2993 Chalced.
660 2961 737 2991 Act.
761 2961 796 2992 2.

280 3035 286 3041 .
313 3007 448 3055 Synod.
467 3007 594 3051 Ephes.
615 3008 692 3040 Act.
715 3009 751 3040 3.

278 3083 286 3090 .
313 3057 350 3090 S.
372 3057 464 3089 Petr.
484 3054 647 3100 Chrysol.
667 3053 777 3097 Epist.
798 3051 843 3085 ad
861 3051 1004 3084 Eutich.

252 3108 286 3139 5.
313 3102 447 3136 Concil.
466 3100 567 3134 Trid.
589 3102 675 3135 Sess.
692 3100 778 3134 VII.
799 3098 843 3131 de
862 3098 991 3143 Raptis.

251 3154 283 3186 6.
312 3150 347 3184 S.
368 3148 535 3196 Cypriam.
554 3148 664 3192 Epist.
684 3150 742 3182 55.
763 3145 808 3179 ad
826 3145 967 3179 Cornel.
988 3143 1122 3177 Pontis.

250 3201 283 3233 7.
300 3193 964 3243 Litter.Synod.Joann.Constantinop.
973 3191 1018 3225 ad
1025 3190 1205 3227 Hormisd.
1216 3190 1386 3225 Pontif.et
1398 3191 1537 3226 Sozom.
1549 3189 1767 3226 Histor.Lih.
1783 3189 1852 3225 ΠΙ.
1860 3187 2034 3234 Cap-viu.

252 2965 273 3092 FOON.)
