2135 3442
791 250 909 286 XXX
934 251 1128 289 APRILIS
1163 253 1413 292 MDCCCLX.

1033 361 1173 370 —

534 451 647 521 SS.
699 454 1006 521 DOMINI
1054 455 1370 525 NOSTRI
1416 455 1538 524 PII
1586 457 1676 526 IX

946 603 1262 654 EPISToLA

1035 712 1169 720 ——

678 794 1012 839 VENERABILI
1049 797 1251 841 FRATRI
1282 798 1525 843 HENRICO

806 915 1006 942 EPISCOPO
1038 917 1396 946 WRATISLAVIENSI

862 1034 1007 1085 PIUS
1046 1034 1214 1086 ΡΑΡΑ
1250 1036 1323 1086 IX

372 1144 644 1186 Venerabilis
672 1146 843 1199 Frater,
869 1147 1051 1189 salutem
1077 1157 1118 1190 et
1141 1149 1440 1206 Apostolieczm
1463 1150 1821 1191 Benedictionem,

229 1237 387 1279 Dolore
421 1238 536 1280 haud
566 1239 772 1282 mediocri
803 1241 967 1294 litteris,
1001 1258 1105 1300 quas
1142 1259 1280 1301 nuper
1317 1244 1371 1285 ad
1406 1245 1497 1286 Nos
1528 1244 1698 1295 dedisti,
1731 1244 2016 1303 percepimus,

170 1301 343 1344 dissidia
363 1304 671 1346 catholicorum
688 1320 766 1363 per
787 1306 967 1348 Antonii
990 1308 1215 1349 Guntherii
1233 1308 1555 1366 philosophiam
1574 1320 1715 1361 enata,
1738 1320 2020 1367 posteaquam

166 1368 296 1410 Sedes
314 1369 561 1426 Apostolica
582 1370 634 1411 de
657 1371 784 1426 hujus
803 1372 1027 1430 Scriptmis
1054 1389 1157 1430 ope1
1161 1373 1255 1415 ibus
1276 1385 1322 1415 et
1342 1374 1537 1416 doctrina
1557 1374 1802 1430 judicasset,
1822 1374 2019 1416 nondum

167 1449 259 1476 esse
283 1434 449 1492 penitus
482 1435 681 1486 extincta,
719 1449 947 1495 propterea
973 1439 1090 1495 quod
1120 1454 1217 1480 cum
1249 1439 1351 1480 alibi
1379 1451 1471 1480 tum
1491 1439 1535 1480 in
1567 1438 1647 1481 ista
1681 1438 2020 1481 Wratislaviensi

165 1499 395 1541 Academia
415 1499 541 1540 etiam
560 1500 669 1541 111101
689 1517 814 1543 saciae
837 1502 1039 1544 doctrinae
1068 1503 1291 1560 magistros
1312 1505 1594 1562 reperiantur,
1620 1503 1692 1561 qui
1708 1503 1914 1545 nonnulla
1937 1503 2024 1545 sal·

166 1574 251 1606 tem
271 1565 474 1606 Gunthei
466 1581 562 1607 111111
581 1566 781 1624 dogmata
798 1567 980 1610 retinere
998 1579 1126 1625 atque
1145 1568 1376 1610 defendere
1392 1568 1537 1610 multis
1558 1568 1798 1610 videantur.
1822 1570 2017 1621 Quorum

164 1644 274 1671 unus
295 1629 473 1671 dilectus
500 1630 659 1672 scilicet
680 1630 788 1672 filius
809 1634 995 1673 Joannes
1024 1635 1071 1674 B.
1099 1633 1262 1674 Baltzer
1281 1632 1644 1675 Wratislaviensis
1664 1632 1861 1674 Ecclesiae
1886 1648 2021 1673 cano-

164 1693 299 1745 nicus,
324 1710 422 1736 cum
452 1695 662 1746 libellum,
696 1695 739 1736 111
771 1712 855 1753 quo
894 1697 946 1738 de
970 1696 1156 1738 hominis
1177 1709 1329 1738 natura·
1362 1697 1598 1747 disseritur,
1614 1696 1721 1754 tibi,
1752 1696 2018 1739 Venerabilis

164 1759 330 1809 Frater,
373 1760 634 1812 tradidisset,
668 1760 867 1818 precihus
899 1763 993 1818 ejus
1029 1762 1328 1803 obsecundans
1363 1762 1558 1804 libellum
1594 1762 1794 1804 eumdem
1831 1762 1886 1803 ad
1922 1762 2014 1803 Nos

163 1823 449 1875 transmisisti,
482 1841 652 1881 rogans,
688 1836 733 1866 ut
754 1826 913 1867 Nostro
933 1825 1111 1882 judicio,
1140 1827 1244 1884 quid
1270 1827 1322 1868 de
1343 1826 1537 1868 doctrina
1556 1827 1600 1867 in
1621 1843 1671 1868 eo
1693 1838 1898 1869 contenta
1918 1842 2017 1868 sen-

162 1888 355 1930 tiendum
376 1891 442 1940 sit,
467 1889 731 1931 definiretur.
756 1892 820 1932 Ac
850 1892 941 1932 Nos
973 1891 1144 1948 quidem
1169 1903 1307 1942 tuum,
1344 1891 1608 1933 Venerabilis
1637 1893 1802 1944 Frater,
1830 1891 2018 1933 studium

162 1954 377 1995 catholicae
399 1955 601 1996 doctrinae
623 1956 790 1997 tueudae
814 1972 1079 2014 magnopere
1107 1956 1351 2006 laudantes,
1391 1968 1519 2013 atque
1541 1972 1618 2013 pro
1649 1955 1843 1997 muneris
1871 1955 2017 1998 Nostri

161 2017 300 2060 officio
316 2019 423 2060 nihil
443 2020 578 2078 magis
593 2037 700 2062 curae
719 2021 930 2062 habentes
952 2037 1079 2078 quam
1102 2020 1200 2061 fidei
1217 2020 1460 2078 depositum
1479 2020 1639 2077 ubique
1658 2032 1866 2062 terrarum
1881 2021 2013 2063 intac-

161 2094 253 2124 tum
274 2084 487 2126 custodire
511 2085 703 2142 interque
725 2085 1037 2128 Christifideles
1058 2101 1224 2126 servare
1250 2085 1460 2127 unitatem
1484 2085 1654 2143 spiritus
1675 2085 1718 2126 in
1738 2085 1911 2127 vinculo
1936 2101 2012 2143 pa-

161 2148 241 2199 cis,
281 2150 459 2191 Baltzeri
490 2150 697 2208 scriptum
726 2150 948 2192 nonnullis
985 2152 1110 2207 hujus
1141 2150 1262 2191 almae
1290 2150 1424 2192 Urbis
1453 2149 1669 2207 theologis
1700 2149 2015 2192 discutiendum

161 2213 427 2255 tradidimus.
454 2216 651 2268 Quorum
674 2215 759 2257 fida
779 2215 988 2257 relatione
1010 2227 1277 2273 compertum
1311 2215 1447 2257 Nobis
1483 2226 1569 2266 est,
1619 2214 1661 2255 in
1691 2230 1742 2256 eo
1774 2214 2015 2256 doctr-inam

161 2278 369 2329 eamdem,
395 2295 486 2336 quae
514 2280 559 2321 in
591 2280 817 2322 Guntherii
843 2280 965 2322 libris
1000 2292 1037 2322 11
1028 2280 1181 2322 s1d1tur
1211 2292 1253 2323 et
1291 2291 1389 2322 ante
1424 2281 1579 2322 horum
1606 2279 1964 2337 proscriptionem
1990 2296 2014 2321 a

159 2343 350 2385 Baltzelo
369 2359 538 2402 quoque
552 2347 930 2404 propugnabatur,
957 2345 1132 2387 1-01111011
1158 2345 1352 2402 nihilque
1376 2345 1492 2386 aliud
1516 2344 1600 2402 agi,
1624 2344 1706 2385 nisi
1728 2355 1776 2385 ut
1800 2345 1888 2386 haec
1910 2343 2011 2385 doc-

160 2408 268 2449 trina
301 2408 619 2452 demonstietui
642 2422 684 2452 et
707 2411 839 2452 veibo
864 2410 943 2452 Dei
968 2410 1129 2468 5011Ρ10
1167 2426 1214 2451 110
1244 2409 1403 2451 tradito
1437 2378 1684 2459 0011ἶο111115,
1718 2425 1799 2451 1100
1825 2409 1911 2450 ulla
1940 2425 2012 2451 ra-

158 2472 275 2516 1110110
316 2475 524 2516 contraria
562 2492 651 2517 esse
680 2475 744 2527 iis,
780 2492 872 2533 qum
897 2476 967 2517 SS.
1007 2475 1215 2530 Concilia,
1258 2474 1513 2516 nominatim
1549 2473 1789 2515 Concilium
1825 2489 2010 2516 oecume-

159 2541 302 2580 mcum
321 2540 419 2580 VIII
439 2551 480 2581 et
510 2541 752 2583 Viennense
777 2542 855 2583 sub
880 2542 1097 2582 Clemente
1119 2542 1154 2582 V
1178 2551 1432 2590 statuerunt,
1458 2551 1529 2581 aut
1552 2539 1634 2597 ipsi
1658 2539 1747 2580 Nos
1769 2538 1921 2581 litteris
1956 2537 2009 2579 ad

159 2602 361 2645 dilectum
378 2604 511 2645 fllium
536 2606 740 2647 Nostrum
755 2605 1026 2647 Cardinalem
1046 2606 1353 2663 Presbyterum
1377 2604 1429 2646 (10
1448 2603 1610 2646 Geissel
1630 2603 2009 2662 Archiepiscopum

159 2668 458 2711 Coloniensem
476 2669 544 2710 die
562 2672 641 2712 XV
655 2670 765 2726 junii
798 2674 908 2712 1857
930 2669 1348 2727 datisjudicavimus,
1366 2668 1553 2710 dicentes
1581 2668 1802 2709 hominem
1830 2684 2010 2726 corpore

157 2746 198 2776 et
212 2734 350 2776 anima
372 2734 429 2775 ita
447 2735 622 2785 absolvi,
646 2747 690 2775 ut
710 2735 855 2776 anima
873 2751 1007 2793 eaque
1023 2733 1243 2777 rationalis
1266 2734 1319 2775 sit
1337 2750 1438 2775 vera
1457 2749 1534 2791 per
1553 2749 1596 2775 se
1614 2746 1741 2790 atque
1757 2732 2007 2774 immediata

158 2799 348 2857 corporis
369 2799 521 2841 forma.
545 2801 602 2840 At
622 2816 722 2840 vero
742 2801 836 2842 Nos
859 2817 947 2841 non
962 2799 1093 2841 modo
1114 2800 1181 2840 his
1197 2798 1341 2840 verbis
1362 2798 1619 2840 catholicam
1640 2798 1692 2839 de
1711 2798 1886 2839 homine
1911 2798 2009 2839 doc-

158 2865 314 2906 trinam
339 2863 666 2914 declaravimus,
702 2865 774 2906 sed
794 2864 923 2906 etiam
952 2867 1064 2907 hanc
1092 2864 1229 2923 ipsam
1252 2864 1506 2905 catholica-m
1543 2863 1783 2904 doctrinam
1813 2861 2006 2904 doctrina

157 2929 381 2972 Guntherii
398 2928 492 2971 laedi
512 2928 898 2986 pronuntiavimus.
923 2929 991 2971 Ad
1012 2929 1128 2987 quod
1148 2928 1181 2970 si
1197 2928 1363 2969 Baltzer
1384 2928 1576 2969 animum
1593 2927 1857 2978 advertisset,
1884 2926 2004 2967 intel-

155 2995 326 3036 lexisset
346 3010 461 3044 sane,
490 2993 730 3035 doctrinam
750 2993 803 3035 de
828 2994 1018 3045 homine,
1048 3010 1176 3051 quam
1199 2993 1243 3034 in
1265 3009 1340 3034 suo
1362 2993 1517 3050 scripto
1536 2992 1775 3051 profitetur,
1801 3003 2003 3048 tanquam

158 3059 448 3102 ecclesiasticis
475 3059 751 3117 dogmatibus
775 3070 1108 3100 consentaneam
1140 3058 1369 3100 defendere
1400 3057 1515 3100 idem
1552 3073 1642 3099 esse
1675 3068 1802 3114 atque
1823 3057 2003 3097 Nosmet

157 3126 362 3176 incusare,
383 3125 499 3181 quod
519 3124 562 3165 in
583 3121 879 3166 Guntheriana
898 3123 1088 3164 doctrina
1106 3123 1335 3178 judicanda
1353 3122 1648 3164 erraverimus.
1672 3122 1876 3163 Notatum
1894 3134 2003 3177 prae-

156 3200 272 3232 terea
290 3200 368 3240 est,
392 3189 629 3231 Baltzerum
655 3188 699 3230 111
725 3187 797 3229 1110
829 3203 903 3230 5110
927 3187 1090 3239 libello,
1124 3204 1256 3245 quum
1284 3204 1457 3229 omnem
1484 3185 1818 3229 controversiam
1842 3183 1896 3225 ad
1918 3183 2000 3224 hoc
