2135 3442
108 195 183 230 278
724 188 1029 225 ›tLLOCUTION
1059 190 1124 224 DE
1154 190 1232 224 PIE
1262 190 1332 225 IX.

111 292 205 318 nem
229 290 326 333 erga
348 273 576 315 Ecclesiam
602 274 854 316 contrahere
889 274 1114 316 videretur.
1144 276 1290 332 Itaque
1309 275 1463 315 Noster
1485 274 1595 315 idem
1617 275 1797 332 Legatus
1816 293 1947 320 novos

110 339 328 399 proposuit
361 339 556 380 articulos
579 338 784 380 Gubernii
822 341 929 380 votis
957 339 1137 391 meliori,
1171 355 1250 396 qua
1286 339 1373 380 fieri
1406 354 1529 396 posse
1564 339 1751 389 censuit,
1786 342 1948 384 ratione

108 416 429 453 consentaneos,
458 404 608 460 quibus
632 415 674 445 et
698 404 799 444 alios
822 403 1014 458 adjunxit
1036 405 1076 444 in
1100 404 1141 444 id
1164 415 1415 461 spectantes,
1442 414 1488 444 ut
1504 403 1690 444 Ecclesia
1707 405 1823 444 omni
1842 420 1950 462 pene

109 470 237 512 civilis
262 469 538 510 immunitatis
565 485 639 510 usu
668 469 849 509 caritura
874 467 985 508 hanc
1004 469 1150 510 saltem
1170 471 1375 524 jacturam
1399 468 1594 509 liberiore
1618 468 1658 508 in
1678 468 1846 526 reliquis
1869 485 1951 510 suae

111 535 367 576 auctoritatis
391 534 589 575 exercitio
615 543 926 590 compensaret.
953 533 1188 574 Declaravit
1211 545 1301 574 tum
1324 534 1478 590 Regius
1501 534 1695 590 Legatus,
1719 533 1952 590 postulatu-

110 614 204 640 rum
226 614 269 640 se
289 614 418 639 novas
443 615 464 638 a
495 614 569 638 suo
594 596 812 639 Gubernio
833 598 1145 648 instructiones,
1169 609 1215 639 ut
1231 598 1355 656 plene
1379 598 1432 639 ad
1454 598 1669 655 proposita
1697 597 1953 655 respondere

111 676 265 722 posset.
289 665 540 722 Ignoramus
557 661 756 719 equidem
781 677 833 701 an
858 662 1152 704 instructiones
1171 663 1248 704 illae
1271 665 1454 704 Romam
1478 677 1667 719 unquam
1685 661 1950 716 advenerin13

112 730 184 771 sed
207 730 414 784 conjicere
440 729 538 769 licet
560 728 741 784 Regium
763 726 1028 767 Gubernium
1046 742 1138 768 rem
1159 727 1364 768 distulisse
1385 738 1558 785 propter
1580 727 1816 768 notissimas
1839 727 1953 768 cala-

113 795 292 843 mitates,
318 809 408 850 quae
431 792 595 833 Italiam
620 807 729 849 pene
750 790 988 831 universam
1011 791 1190 833 subinde
1209 791 1464 843 afflixerunt,
1491 808 1665 849 quaeque
1689 791 1778 833 Nos
1798 793 1908 850 ipsos
1930 807 1953 833 a

112 870 198 899 tota
220 859 372 900 Nostra
406 857 516 898 civili
544 858 714 897 Ditione
743 855 956 897 discedere
987 868 1231 914 coegerunt.
1262 858 1438 908 Postea,
1465 856 1778 914 tranquillitatis
1808 858 1951 907 rebus,

114 923 215 963 dum
238 938 371 980 prope
394 922 618 980 Neapolim
643 932 810 978 tempus
832 920 1182 978 praestolaremur,
1210 936 1293 978 quo
1323 923 1368 962 in
1392 922 1553 963 Urbem
1582 921 1721 962 redire
1745 932 1952 979 opportu-

115 1003 216 1028 num
240 988 364 1038 foret,
391 1003 523 1027 novus
546 986 645 1027 illuc
670 984 724 1026 ad
747 985 835 1026 Nos
859 986 1006 1026 missus
1034 997 1097 1027 est
1122 986 1492 1028 Extraordinarius
1513 987 1708 1043 Legatus,
1737 986 1803 1026 cui
1833 1001 1954 1028 man-

115 1053 259 1094 datum
285 1053 393 1093 inter
422 1052 501 1093 alia
526 1062 631 1103 erat,
657 1061 704 1091 ut
728 1048 1009 1091 intermissam
1035 1050 1087 1091 de
1108 1051 1389 1092 conventione
1414 1051 1709 1092 tractationem
1728 1061 1951 1108 repeteret.

115 1118 310 1159 Attamen
331 1127 555 1175 postquam
581 1115 632 1158 de
663 1114 754 1157 aliis
775 1114 954 1173 negotiis
979 1114 1144 1172 egisset,
1176 1126 1420 1157 revocatum
1445 1130 1487 1157 se
1512 1114 1741 1157 declaravit
1772 1131 1792 1156 a
1820 1117 1954 1174 Regio

112 1182 343 1232 Gubernio,
367 1198 414 1222 ac
436 1197 480 1223 re
504 1180 686 1222 necdum
705 1180 903 1221 inchoata
924 1179 1128 1222 discessit.
1150 1181 1294 1237 Itaque
1318 1195 1489 1238 sperare
1511 1180 1641 1230 licuit,
1665 1180 1808 1238 Regiis
1825 1179 1955 1222 Mini-

114 1246 206 1288 stris
231 1247 508 1305 opportunius
531 1247 665 1287 visum
690 1245 814 1287 fuisse
839 1256 885 1286 ut
904 1244 1099 1286 tractatio
1123 1244 1191 1286 illa
1215 1244 1259 1286 in
1280 1257 1446 1303 tempus
1467 1246 1601 1303 magis
1621 1245 1840 1297 idoneum,
1863 1256 1956 1303 post

114 1311 316 1353 Nostrum
336 1311 492 1354 scilicet
513 1311 558 1352 in
578 1312 742 1352 Urbem
761 1310 960 1361 reditum,
985 1310 1285 1353 remitteretur.

171 1623 372 1663 Attamen
395 1637 552 1680 paucos
577 1633 674 1679 post
700 1637 864 1664 menses
889 1624 1143 1681 accepimus,
1172 1625 1350 1682 Regium
1371 1624 1510 1681 ipsum
1530 1623 1811 1664 Ministerium
1836 1622 1956 1664 detu-

116 1686 210 1728 lisse
232 1687 286 1727 ad
310 1688 446 1744 Regni
466 1687 645 1728 Comitia
673 1703 830 1728 novam
849 1689 1008 1744 Legem
1033 1688 1085 1730 de
1108 1689 1368 1730 Clericorum
1389 1699 1429 1729 et
1450 1688 1733 1730 Ecclesiarum
1754 1688 1957 1729 immuni—

116 1763 199 1792 tate
230 1751 398 1808 penitus
424 1750 651 1801 abolenda,
677 1752 729 1792 de
749 1751 910 1805 judicio
931 1752 1059 1792 etiarn
1081 1767 1203 1809 super
1222 1754 1505 1792 Patronorum
1524 1751 1884 1792 nominationibus
1904 1751 1959 1793 ad

115 1815 322 1858 Beneficia
342 1815 631 1857 Ecclesiastica
652 1815 958 1857 Tribunalibus
978 1817 1110 1857 Laicis
1134 1815 1424 1866 attribuendo,
1448 1831 1525 1857 nec
1546 1831 1632 1857 non
1656 1815 1709 1856 de
1733 1815 1821 1856 aliis
1844 1831 1957 1857 non-

117 1881 254 1931 nullis,
279 1882 363 1921 sive
384 1880 552 1931 eodem,
577 1881 663 1921 sive
693 1879 918 1938 posteriori
941 1892 1149 1939 tempore,
1174 1892 1321 1923 contra
1343 1880 1535 1922 Ecclesiae
1559 1882 1641 1936 jus,
1666 1890 1737 1921 aut
1760 1895 1847 1921 non
1870 1880 1959 1922 sine

118 1945 345 2004 Religionis
368 1945 556 2002 periculo
582 1945 829 1986 statuendis.

174 2011 233 2050 Ut
253 2009 439 2067 primum
461 2010 514 2051 de
536 2009 781 2066 hujusmodi
803 2010 927 2068 Legis
950 2010 1239 2067 propositione
1267 2009 1545 2068 significatum
1564 2008 1699 2051 Nobis
1722 2020 1798 2060 est,
1822 2009 1957 2051 recla-

120 2075 224 2115 mari
249 2086 397 2115 contra
421 2075 539 2116 illam
558 2075 753 2130 jussimus
786 2086 876 2116 tum
905 2090 928 2115 a
949 2074 1162 2116 Cardinali
1179 2074 1337 2116 Nostro
1352 2075 1665 2116 Prosecretario
1690 2075 1844 2125 Status,
1867 2085 1958 2116 tum

122 2140 246 2181 etiam
285 2155 309 2179 a
337 2140 492 2180 Nostro
515 2139 760 2196 Apostolico
781 2140 943 2181 Nuntio
978 2151 1078 2181 tunc
1104 2144 1302 2198 Augustae
1327 2141 1609 2182 Taurinorum
1642 2140 1835 2198 degente.
1875 2139 1959 2181 Sed

121 2216 295 2261 utraque
328 2203 628 2245 reclamatione
663 2204 841 2246 cadente
877 2206 920 2246 in
958 2205 1150 2256 irritum,
1186 2205 1450 2262 expostulare
1483 2204 1608 2262 paulo
1645 2215 1744 2262 post
1772 2205 1960 2262 oportuit

120 2280 266 2310 contra
286 2267 412 2325 ipsaS,
440 2285 544 2326 quas
573 2271 918 2322 memoravimus,
942 2270 1148 2312 novitates
1172 2271 1225 2311 ab
1249 2281 1430 2328 utroque
1455 2269 1619 2327 legibus
1640 2268 1823 2310 ferendis
1843 2269 1958 2310 Con-

121 2334 212 2375 silio
233 2334 504 2391 approbatas,
523 2346 565 2376 et
580 2334 711 2392 Regia
732 2335 873 2376 statim
892 2335 1140 2377 auctoritate
1160 2335 1354 2377 sancitas.
1375 2337 1422 2376 In
1445 2351 1529 2391 quo
1552 2335 1640 2388 ejus
1658 2334 1718 2375 rei
1738 2349 1959 2393 progressu

124 2409 251 2455 atque
278 2397 392 2439 exitu
413 2414 501 2439 non
530 2399 634 2440 illud
657 2399 787 2441 modo
815 2400 1064 2451 dolendum,
1090 2400 1206 2458 quod
1235 2399 1494 2441 sanctissima
1517 2398 1710 2439 Ecclesiae
1729 2401 1839 2455 jura,
1867 2415 1959 2456 quae

125 2479 176 2504 ex
198 2464 421 2503 Canonum
445 2464 732 2505 sanctionibus
756 2465 800 2505 in
825 2476 887 2506 tot
911 2465 1159 2506 saeculorum
1185 2464 1458 2506 diuturnitate
1480 2464 1710 2520 viguerant,
1734 2462 1845 2504 facto
1867 2463 1959 2522 ipso

124 2527 278 2568 violata
304 2538 344 2568 et
363 2527 604 2584 proculcata
625 2528 794 2580 fuerint,
820 2529 891 2570 sed
919 2529 1047 2570 etiam
1069 2529 1184 2587 quod
1203 2529 1345 2587 plures
1368 2544 1419 2569 ex
1436 2529 1653 2585 Deputatis
1676 2544 1723 2569 ac
1741 2527 1957 2570 Senatori-

126 2593 203 2633 bus
222 2592 374 2648 Regni,
398 2591 468 2649 qui
494 2593 537 2631 in
566 2592 734 2649 publica
763 2595 983 2651 utriusque
1009 2592 1181 2635 Consilii
1208 2592 1512 2635 deliberatione
1537 2593 1664 2634 verba
1690 2592 1895 2645 fecerunt,
1919 2603 1960 2634 et

127 2671 306 2714 quorum
330 2657 534 2696 sententia
553 2656 667 2706 vicit,
689 2672 779 2698 eam
800 2658 1066 2716 sibimetipsis
1087 2673 1160 2698 seu
1173 2658 1304 2698 Laicae
1319 2658 1519 2699 Potestati
1537 2659 1831 2699 auctoritatem
1850 2673 1958 2699 asse-

128 2731 218 2757 rere
248 2730 335 2755 non
359 2714 659 2765 dubitaverint,
684 2727 729 2756 ut
758 2717 966 2758 solemnes
989 2717 1298 2757 conventiones
1332 2732 1456 2774 super
1484 2732 1561 2757 usu
1587 2716 1754 2758 illorum
1784 2732 1955 2758 eorum-

128 2780 224 2821 dem
255 2778 412 2835 jurium
447 2794 542 2819 cum
588 2779 694 2820 Sede
731 2781 973 2838 Apostolica
1008 2780 1149 2830 initas,
1199 2780 1288 2822 sine
1319 2782 1444 2837 hujus
1473 2797 1695 2836 consensu,
1723 2781 1809 2823 imo
1843 2792 1884 2823 et
1909 2797 1956 2823 ea

127 2843 382 2885 reclamante
400 2842 655 2894 rescindere,
677 2855 719 2884 et
739 2844 949 2886 declarare
971 2860 1018 2885 ac
1038 2845 1174 2886 facere
1191 2844 1330 2886 irritas
1350 2846 1532 2887 valeant.

186 2907 350 2949 Videtis
372 2906 510 2965 qualia
530 2918 571 2948 et
591 2923 718 2964 quam
739 2909 876 2966 gravis
895 2911 1099 2950 momenti
1117 2910 1204 2951 haec
1226 2909 1323 2962 sint,
1346 2910 1617 2953 Venerabiles
1639 2911 1806 2952 Fratres
1829 2925 1837 2951 :
1864 2925 1957 2968 per-

129 2972 281 3030 spicitis
302 2971 543 3028 cujusmodi
564 2972 705 3013 futura
726 2985 832 3014 esset
855 2989 1062 3014 sacrarum
1076 2989 1214 3015 rerum
1239 2974 1441 3025 conditio,
1467 2975 1500 3017 si
1523 2991 1621 3017 suus
1635 2975 1830 3016 Ecclesiae
1845 2976 1952 3030 juri-

127 3038 204 3078 bus
232 3038 373 3078 honor
405 3052 491 3077 non
517 3038 584 3086 sit,
615 3035 647 3077 si
679 3036 966 3094 despiciantur
993 3037 1102 3079 illius
1121 3040 1329 3089 Canones,
1357 3041 1390 3081 si
1423 3040 1538 3082 nulla
1562 3040 1769 3082 diuturnae
1787 3053 1950 3096 posses—

126 3101 253 3144 sionis
274 3103 382 3143 ratio
403 3101 625 3148 habeatur,
647 3101 680 3142 si
700 3102 869 3143 tandem
889 3117 1025 3159 neque
1044 3118 1116 3143 sua
1139 3114 1218 3145 stet
1237 3103 1338 3145 fides
1359 3104 1488 3162 pactis
1510 3106 1617 3145 inter
1632 3105 1827 3146 Sanctam
1844 3103 1952 3144 hanc

127 3166 277 3208 Sedem
298 3178 341 3208 et
359 3166 533 3208 Civilem
550 3166 807 3208 Potestatem
839 3167 918 3208 rite
944 3167 1173 3209 conventis.
1200 3169 1288 3210 Nec
1315 3185 1443 3226 porro
1470 3169 1670 3226 ignoratis
1702 3184 1784 3208 non
1816 3167 1950 3208 solum

127 3231 371 3289 Religionis,
397 3230 471 3273 sed
497 3232 623 3273 etiam
644 3232 784 3274 Civilis
805 3231 989 3284 Ordinis,
1015 3248 1061 3274 ac
1076 3232 1252 3291 publicae
1272 3235 1525 3292 privataeque
1542 3233 1600 3274 rei
1625 3232 1798 3274 omnino
1820 3233 1951 3273 inter-
