2135 3442
883 210 922 244 X
949 211 965 244 J
973 210 1080 245 UNII
1110 209 1322 247 MDCCCLI
1331 237 1340 246 .

501 427 568 494 S.
620 428 686 494 S.
736 427 1045 493 DOMINI
1095 428 1416 495 NOSTRI
1472 428 1593 495 PII
1635 430 1723 495 IX

722 565 1034 618 LITTERAE
1073 567 1508 620 APOSTOLIGAE

194 695 411 721 DAMNATIO
445 696 493 720 ET
525 696 770 722 PROHIBITIO
802 697 947 722 OPERIS
988 698 1033 723 IN
1063 697 1133 723 SEX
1164 699 1286 724 ‘rmus
1321 698 1548 724 nisPANlco
1582 697 1784 724 IDIOMATE
1816 699 1931 726 Enl'rI
1962 700 2034 727 SUB

250 753 399 779 TITULO
436 758 444 780 ζ
483 755 668 780 ΒΕΡΕΝΞΑ
706 756 755 780 ΒΕ
797 756 846 780 LA
879 755 1114 782 AUTORITAD
1149 758 1201 783 DE
1239 758 1312 784 LOS
1346 758 1578 784 GOBIERNOS
1611 758 1636 782 Y
1676 758 1728 783 DE
1761 758 1835 784 LOS
1868 759 2036 786 OBISPOS

252 813 415 839 CONTRA
451 814 524 839 LAs
555 814 859 840 PRETENCIONES
891 815 943 840 DE
983 816 1034 840 LA
1070 815 1195 842 cunm
1236 817 1405 843 ROMANA
1442 817 1523 842 poa
1557 817 1783 843 rimxfflsco
1818 818 1870 843 DE
1901 819 2034 844 PAULA

253 872 292 897 c·
327 872 461 898 vic-11..
499 873 600 898 LIMA
642 869 764 905 1848.

751 987 828 1027 Ad
847 997 1097 1044 perpetuam
1124 995 1187 1029 rei
1210 996 1473 1032 memoriam.

250 1096 506 1154 Multiplices
536 1095 649 1138 inter
683 1099 1220 1157 gravissimasquffiquibus
1247 1101 1437 1159 undique
1464 1102 1715 1159 premimur,
1737 1101 1865 1143 officii
1897 1103 2039 1144 Nostri

193 1176 328 1210 curas,
345 1172 387 1202 et
403 1160 608 1202 maximas
628 1161 755 1217 hujus
778 1165 982 1221 temporis
1005 1165 1279 1218 calamitates,
1302 1182 1392 1224 quae
1412 1167 1455 1206 in
1475 1166 1665 1224 gliscenti
1683 1182 1826 1207 rerum
1846 1167 2038 1208 omnium

193 1226 377 1267 novitate
408 1226 596 1267 animum
635 1226 838 1269 Nostrum
877 1229 1103 1271 sollicitant
1137 1242 1380 1288 anguntque
1416 1232 1706 1281 vehementer,
1741 1230 1845 1272 illud
1880 1231 2041 1273 accedit.

193 1305 451 1348 magnopere
481 1290 734 1343 dolendum,
774 1293 890 1351 quod
923 1295 1036 1335 Libri
1068 1294 1410 1353 perniciosissimi
1452 1311 1474 1337 e
1508 1295 1679 1337 latebris
1717 1295 2040 1337 Jansenistarum

193 1355 455 1412 aliorumque
482 1357 606 1411 hujus
629 1357 795 1414 generis
830 1358 1052 1401 hominum
1073 1362 1117 1401 in
1150 1360 1265 1402 diem
1295 1371 1535 1419 erumpant,
1569 1361 1723 1418 quibus
1754 1361 1878 1416 hujus
1906 1361 2041 1402 saeculi

190 1419 264 1460 filii
288 1418 332 1460 in
354 1419 698 1477 persuasibilibus
725 1423 921 1465 humanae
941 1426 1156 1483 sapientiae
1176 1426 1315 1467 verbis
1338 1426 1571 1482 loquuntur
1593 1441 1800 1483 perversa,
1830 1436 1877 1466 ut
1903 1425 2041 1467 abdu-

191 1496 290 1526 cant
315 1484 544 1543 discipulos
564 1498 660 1544 post
688 1503 746 1528 se.
784 1489 1016 1546 Apostolici
1042 1489 1183 1548 itaque
1216 1490 1363 1532 Nostri
1385 1490 1608 1532 Ministerii
1632 1492 1741 1532 ratio
1771 1490 1973 1548 postulat,
1996 1501 2041 1530 ut

192 1548 591 1592 Librosistiusmodi
615 1552 916 1596 solemniorem
945 1555 988 1595 in
1016 1556 1194 1597 modum
1219 1556 1273 1597 ad
1300 1555 1529 1597 Catholicae
1552 1555 1784 1613 Religionis
1817 1553 2042 1613 puritatem

195 1631 241 1655 ac
264 1615 548 1656 venerandam
581 1617 776 1659 Ecclesiae
805 1618 1072 1676 disciplinam
1106 1620 1309 1662 tuendam
1342 1620 1762 1677 conservandamque
1800 1620 2044 1678 proscriba-

194 1695 303 1732 mus,
329 1690 371 1720 et
390 1679 656 1730 damnemus,
683 1698 730 1723 ac
754 1683 1029 1725 Dominicum
1051 1701 1222 1743 gregem
1246 1702 1269 1726 a
1288 1686 1514 1727 Pastorum
1537 1685 1733 1743 Principe
1759 1686 1855 1726 Jesu
1876 1683 2042 1726 Christo

194 1744 420 1784 humilitati
443 1743 609 1784 Nostrae
631 1745 904 1786 commissum
929 1747 981 1786 ab
1006 1749 1182 1787 exitiosa
1205 1749 1375 1787 illorum
1398 1749 1580 1788 lectione
1601 1759 1642 1788 et
1667 1748 1905 1788 retentione
1932 1760 2040 1788 tam-

194 1824 321 1865 quam
340 1823 363 1848 a
379 1807 595 1849 venenatis
617 1809 781 1867 pascuis
803 1809 920 1851 omni
946 1810 1227 1852 sollicitudine
1250 1826 1521 1869 praeservare,
1550 1822 1590 1852 et
1608 1822 1795 1852 avertere
1826 1827 1913 1853 non
1933 1828 2040 1870 prae-

194 1883 491 1915 terminamus,

252 1987 346 2028 Jam
366 2001 467 2028 vero
490 2001 588 2028 cum
608 1985 652 2026 in
672 1985 810 2028 lucem
830 1987 1034 2045 prodiisse
1056 1988 1341 2046 acceperimus
1364 1988 1541 2029 Librum
1571 2003 1643 2029 seu
1665 1989 1800 2046 Opus,
1823 2003 1894 2030 sex
1914 1991 2041 2031 tomis

195 2063 404 2101 constans,
429 2050 656 2107 Hispanico
682 2050 886 2093 idiomate
905 2064 1139 2103 exaratum,
1167 2052 1233 2094 cui
1254 2052 1400 2093 titulus
1437 2072 1453 2088 «
1491 2052 1675 2094 Defensa
1696 2052 1749 2094 de
1769 2053 1810 2093 la
1829 2052 2037 2095 autoritad

203 2138 219 2152 «
256 2115 392 2156 delos
424 2114 664 2156 Gobiernos
693 2132 720 2172 y
752 2117 804 2156 de
839 2117 902 2158 los
940 2118 1120 2174 Obispos
1159 2129 1308 2158 contra
1346 2117 1406 2158 las
1429 2119 1724 2174 pretenciones
1761 2116 1814 2158 de
1845 2117 1884 2158 la
1917 2119 2039 2160 Curia

201 2202 217 2216 «
255 2182 450 2221 Romana
478 2195 556 2236 por
586 2180 810 2222 Francisco
848 2181 899 2222 de
926 2182 1055 2223 Paula
1093 2182 1144 2224 G.
1181 2181 1307 2240 Vigil.
1336 2181 1455 2223 Lima
1480 2186 1610 2234 1848,
1649 2203 1666 2218 ν)
1707 2193 1832 2238 atque
1869 2199 1922 2224 ex
1950 2183 2038 2241 ipsa

197 2246 348 2303 Operis
367 2243 641 2301 inscriptione
657 2246 757 2286 satis
778 2245 1126 2299 intellexerimus,
1144 2258 1361 2289 auctorem
1378 2263 1469 2288 esse
1492 2247 1711 2288 hominem
1734 2246 1777 2288 in
1802 2248 1912 2289 hanc
1925 2252 2042 2306 Apo-

198 2309 391 2352 stolicam
410 2309 563 2351 Sedem
586 2310 794 2352 malevolo
819 2314 962 2354 animo
983 2311 1198 2362 affectum,
1220 2312 1336 2354 haud
1359 2312 1575 2354 omisimus
1598 2311 1702 2353 illud
1718 2312 1977 2369 pervolvere‚
1993 2330 2040 2355 ac

198 2375 312 2416 facili
330 2375 518 2432 negotiO,
551 2374 742 2431 quamvis
772 2392 860 2418 non
891 2379 980 2419 sine
1026 2376 1214 2419 maximo
1245 2376 1385 2418 cordis
1418 2377 1561 2418 Nostri
1595 2392 1791 2427 moerore,
1841 2377 2037 2420 eumdem

199 2440 375 2481 Librum
401 2438 540 2496 plures
564 2440 827 2483 Pistoriensis
862 2442 1025 2500 Synodi
1057 2457 1222 2484 errores
1254 2441 1492 2499 dogmatica
1524 2441 1641 2482 Bulla
1664 2444 1892 2483 Auctorem
1911 2443 2041 2484 Fidei

199 2504 270 2546 fel.
296 2519 382 2545 rec.
409 2503 471 2546 Pii
490 2505 550 2544 VI
572 2505 813 2547 Decessoris
850 2507 995 2548 Nostri
1023 2509 1112 2562 jam
1143 2506 1332 2548 confixos
1363 2517 1655 2556 renovantem,
1701 2506 1874 2563 aliisque
1902 2508 2038 2565 pravis

202 2567 405 2610 doctrinis
423 2579 463 2608 et
482 2569 846 2625 propositionibus
861 2572 1014 2614 iterum
1032 2573 1271 2628 iterumque
1292 2570 1500 2612 damnatis
1517 2570 1706 2628 undique
1725 2571 2036 2614 redundantem

201 2633 398 2675 novimus
420 2644 544 2690 atque
564 2636 870 2691 perspeximus.

261 2699 423 2739 Auctor
445 2699 571 2748 enim,
600 2698 697 2740 licet
711 2700 968 2751 Catholicus,
992 2716 1039 2742 ac
1056 2700 1199 2742 divino
1216 2699 1469 2751 Ministerio,
1490 2716 1566 2742 ceu
1585 2701 1733 2752 fertur,
1754 2700 2032 2759 mancipatus,

203 2775 250 2805 ut
278 2761 678 2804 indifferentismum
711 2779 758 2805 ac
781 2764 1134 2819 rationalismum,
1156 2780 1239 2821 quo
1271 2780 1314 2806 se
1342 2764 1546 2807 infectum
1581 2766 1740 2824 prodit,
1764 2767 1964 2815 securius,
1992 2780 2038 2806 ac

202 2829 377 2885 impune
400 2837 610 2883 sequatur,
636 2826 832 2884 denegat,
861 2828 1054 2870 Ecclesiae
1074 2828 1211 2871 inesse
1237 2841 1491 2886 potestatem
1529 2830 1766 2889 dogmatice
1789 2828 2033 2876 definiendi,

203 2891 471 2951 Religionem
495 2891 688 2932 Ecclesiae
705 2893 927 2934 Catholicae
945 2909 1033 2934 esse
1049 2895 1172 2935 unice
1197 2910 1339 2935 veram
1352 2895 1635 2953 Religionem,
1665 2895 1872 2952 docetque
1888 2893 2036 2949 cuique

204 2957 385 2999 liberum
408 2972 498 2998 esse
524 2972 619 2997 eam
635 2956 828 3013 amplecti
852 2973 899 2999 ac
915 2957 1105 3015 profiteri
1126 2958 1409 3016 Religionem,
1431 2976 1558 3017 quam
1577 2959 1749 3001 rationis
1770 2958 1927 3001 lumine
1945 2955 2036 3013 quis

207 3021 357 3064 ductus
374 3036 518 3062 veram
535 3020 768 3078 putaverit,
796 3020 934 3078 legem
959 3021 1170 3063 caelibatus
1197 3024 1469 3080 impudenter
1499 3023 1756 3082 aggreditur,
1789 3034 1831 3065 et
1847 3023 2034 3064 Novato-

205 3102 303 3128 rum
324 3102 442 3128 more
468 3096 623 3128 statum
647 3086 911 3142 conjugalem
942 3087 1161 3144 anteponit
1191 3088 1313 3129 statui
1345 3088 1621 3146 virginitatis:
1658 3097 1922 3145 potestatem,
1953 3099 2034 3140 qua

206 3151 394 3193 Ecclesia
414 3151 573 3193 donata
593 3161 654 3191 est
680 3166 702 3191 a
725 3165 799 3192 suo
822 3150 975 3192 Divino
1010 3151 1268 3203 Institutore,
1291 3153 1530 3196 stabiliendi
1560 3151 1860 3210 impedimenta
1881 3147 2034 3191 Matri-
