2135 3442
184 107 258 141 lim}
693 102 880 138 LETTRE
909 101 1222 147 ENCYCLIQUE
1250 102 1314 136 DE
1344 102 1422 136 PIE
1452 102 1522 137 IX.

184 189 546 249 Neogranatensis
578 188 843 247 Reipublica:¹
874 188 1115 242 Gubernio,
1148 187 1401 246 proculcatis
1437 187 1634 230 omnibus
1671 188 1838 241 divinis,
1876 190 2028 232 huma-

186 257 333 313 nisque
357 255 537 311 juribus,
566 266 665 296 sunt
686 254 934 296 constituta.

245 323 351 362 Cum
375 331 517 361 autem
539 335 630 371 vos,
654 318 928 361 Venerabiles
948 320 1133 371 Fratres,
1159 334 1238 376 pro
1268 316 1437 376 egregia
1457 329 1593 359 vestra
1626 319 1849 376 religione,
1882 330 1925 360 et
1945 319 2030 362 vir-

186 398 274 427 tute
294 385 409 426 haud
431 384 659 426 omiseritis
681 395 773 425 tum
803 398 923 434 voce,
950 395 1041 424 tum
1067 382 1234 440 scriptis
1268 393 1514 424 constanter
1543 383 1749 425 obsistere
1782 394 1848 425 tot
1880 383 2032 442 iniquis

186 450 483 507 sacrilegisque
509 450 701 506 ejusdem
721 447 930 491 Gubernii
958 446 1128 489 ausibus
1149 459 1191 489 et
1218 447 1414 497 decretis,
1439 459 1564 505 atque
1584 447 1780 489 Ecclesiae
1802 464 1971 490 causam
1991 460 2031 490 et

181 517 277 570 jura
312 515 526 572 impavide
556 528 845 572 propugnare,
874 523 965 553 tum
998 512 1188 568 ejusdcm
1217 511 1425 555 Gubernii
1453 512 1573 553 furor
1604 512 1647 553 111
1676 529 1768 564 vos,
1800 528 2032 571 omnesque

185 579 486 621 «eclesiasticos
518 578 630 620 viros
657 577 779 619 vobis
805 576 1015 627 addictos,
1042 593 1089 618 ac
1107 577 1270 635 proprii
1298 576 1444 628 officii,
1470 588 1511 619 et
1539 577 1772 619 vocationis
1801 593 2029 628 memores,

183 657 223 686 ct
256 645 299 686 in
336 645 494 695 omnia,
530 660 623 702 quae
657 643 709 684 ad
744 642 979 684 Ecclesiam
1007 642 1242 700 pertinent,
1270 642 1415 683 saevire
1442 658 1530 683 non
1561 641 1736 684 destitit.
1761 643 2033 700 Quapropter

183 727 198 750 x
212 726 256 751 os
283 710 372 751 fere
393 726 544 751 omnes
562 707 853 750 miserandum
873 706 916 748 111
934 707 1112 748 modum
1140 707 1300 757 afflicti,
1323 724 1371 750 ac
1391 706 1565 748 militari
1585 723 1715 749 manu
1736 706 2031 766 comprehensi

181 793 201 815 a
229 786 370 816 vostro
405 790 532 832 grege
553 774 762 815 violenter
784 771 991 823 distracti,
1017 772 1062 813 in
1082 772 1248 814 vincula
1268 772 1466 829 conjecti,
1492 772 1534 814 in
1559 771 1751 814 exsilium
1772 772 1897 831 pulsi,
1929 783 1971 814 et
1990 771 2033 813 in

182 839 370 896 pestiferi
403 839 512 881 aeris
538 839 735 896 regiones
757 837 987 888 amandati,
1014 848 1058 879 et
1077 838 1343 879 ecclesiastici
1368 838 1462 888 viri,
1489 854 1535 879 ac
1555 838 1868 896 Religiosarum
1889 837 2032 879 Fami-

185 904 337 945 liarum
369 904 528 945 alumni
558 903 697 961 pravis
729 902 936 945 Gubernii
966 902 1308 944 ordinationibus
1331 905 1483 944 merito
1518 904 1738 944 obstantes
1773 903 1840 944 vel
1869 903 1912 944 in
1941 918 2034 944 car—

187 985 327 1010 cerem
347 968 522 1018 detrusi,
538 968 604 1009 vel
625 967 770 1009 exsilio
788 967 979 1009 mulctati
999 979 1182 1009 mortem
1204 969 1457 1018 occubuere,
1482 968 1547 1009 vel
1568 968 1610 1009 in
1630 968 1743 1009 silvis
1759 968 1891 1010 vitam
1911 982 2035 1024 agere

189 1035 323 1075 coacti
349 1046 461 1075 sunt.
481 1034 588 1073 Cum
605 1048 708 1075 vero
730 1048 879 1074 01111165
896 1031 1080 1090 virgines
1102 1034 1189 1073 Deo
1211 1032 1373 1074 devotae
1399 1033 1452 1073 ab
1474 1033 1567 1090 ipso
1584 1033 1804 1074 Gubernio
1824 1032 2031 1081 furenter,

189 1098 497 1155 crudeliterque
524 1114 547 1138 a
574 1097 760 1156 propriis
786 1096 1051 1138 monasteriis
1081 1096 1279 1155 expulsae,
1305 1108 1347 1139 et
1374 1097 1427 1137 ad
1454 1113 1595 1138 rerum
1623 1099 1813 1139 omnium
1846 1096 2035 1154 inopiam

188 1164 389 1213 redactae,
419 1163 576 1204 fuerint
611 1178 635 1203 a
662 1162 745 1220 piis
778 1162 978 1204 fidelibus
1010 1161 1251 1204 tristissima
1284 1162 1454 1203 illarum
1488 1162 1733 1204 conditione
1761 1162 2037 1204 vehementer

187 1228 412 1269 commotis
445 1227 687 1270 humaniter
722 1227 766 1269 in
802 1227 996 1285 proprias
1029 1227 1180 1269 domos
1218 1238 1397 1285 receptae
1432 1238 1474 1268 et
1500 1227 1706 1278 admissae,
1737 1228 1780 1269 id
1818 1228 2036 1285 aegerrime

191 1294 326 1334 terens
365 1293 633 1335 Gubernium
674 1293 918 1344 minitatur,
962 1293 1071 1334 velle
1108 1290 1201 1334 illas
1238 1309 1289 1334 ex
1328 1292 1578 1334 eorumdem
1614 1292 1802 1334 fidelium
1839 1292 2037 1333 domibus

187 1358 398 1415 expellere
449 1375 496 1400 36
538 1357 806 1415 disperdere.
844 1357 955 1399 Hinc
993 1373 1110 1399 sacra
1139 1358 1298 1416 templa
1326 1369 1369 1399 et
1400 1357 1592 1399 coenobia
1624 1357 1798 1407 nudata,
1838 1356 2032 1415 spoliata,

188 1423 370 1480 polluta,
403 1435 445 1466 et
476 1424 519 1465 in
542 1423 794 1465 militarium
825 1423 1058 1465 stationum
1085 1439 1209 1464 usum
1238 1434 1516 1474 commutata,
1543 1438 1778 1479 eorumque
1798 1437 1915 1463 sacra
1934 1437 2036 1480 sup-

188 1488 340 1544 pellex,
369 1499 412 1530 et
439 1501 690 1530 ornamenta
718 1488 901 1546 direpta,
929 1487 1030 1530 hinc
1060 1504 1277 1530 sacrorum
1306 1488 1442 1530 cultus
1475 1487 1686 1539 sublatus,
1720 1497 1761 1528 et
1787 1486 2039 1529 christianus

187 1553 369 1610 populus
390 1553 590 1612 legitimis
618 1553 703 1595 suis
730 1552 974 1612 pastoribus
1001 1555 1190 1604 orbatus,
1218 1554 1500 1612 omnibusque
1522 1553 1672 1595 divinae
1691 1564 1846 1595 nostrae
1868 1552 2040 1611 religio-

188 1617 253 1659 nis
281 1619 488 1676 praesidiis
512 1619 663 1660 misere
691 1618 935 1668 destitutus,
968 1634 1066 1659 cum
1091 1635 1256 1661 summa
1276 1620 1447 1669 Nostra,
1471 1630 1695 1675 vestraque
1721 1617 1970 1676 aegritudine
1995 1618 2036 1659 iu

189 1698 375 1724 maximo
408 1695 575 1725 aeternae
609 1683 754 1725 salutis
787 1682 1034 1724 discrimine
1063 1696 1269 1726 versatur.
1299 1684 1456 1741 Ecquis
1489 1682 1729 1732 catholicis,
1756 1682 2037 1739 humanisque

189 1746 382 1788 sensibus
416 1747 626 1789 animatus
652 1764 742 1789 non
770 1748 1047 1789 vehementer
1077 1743 1343 1806 ingemiscet,
1371 1764 1467 1789 cum
1493 1747 1633 1789 videat
1658 1764 1680 1788 a
1704 1748 2036 1803 *Neogranatensi

188 1812 408 1854 Gubernio
446 1825 532 1854 tam
567 1813 708 1871 gravi,
748 1824 920 1869 tamque
958 1813 1119 1865 crudeli
1158 1813 1453 1871 persecutione
1489 1812 1743 1854 catholicam
1778 1812 2032 1861 Ecclesiam,

188 1878 364 1934 ejusque
398 1878 654 1928 doctrinam,
684 1878 998 1929 auctoritatem,
1033 1893 1260 1935 sacrasque
1292 1893 1500 1936 personas
1532 1876 1789 1934 oppugnari,
1822 1892 1870 1917 ac
1899 1887 2038 1918 tantas

188 1943 241 1982 ab
270 1942 362 2000 ipso
392 1959 599 2000 supremae
631 1944 822 1992 Nostrae,
852 1953 894 1983 et
926 1942 1184 1999 Apostolicae
1214 1942 1339 1998 hujus
1370 1941 1489 1984 Sedis
1520 1941 1762 1983 auctoritati
1792 1940 1966 1996 injurias
1997 1951 2041 1982 et

187 2007 468 2049 contumelias
499 2007 674 2048 inferri?

246 2073 387 2128 Atque
420 2071 526 2114 illud
553 2072 619 2113 vel
648 2072 834 2114 maxime
866 2072 1118 2123 dolendum,
1149 2072 1428 2114 Venerabiles
1460 2073 1652 2122 Fratres,
1688 2071 1805 2128 quod
1839 2071 2034 2113 nonnulli

189 2137 458 2178 ecclesiastici
478 2137 675 2179 homines
703 2138 885 2180 existere
907 2137 1144 2195 potuerint,
1168 2138 1239 2194 qui
1258 2137 1400 2196 pravis
1427 2137 1560 2195 ipsius
1577 2135 1785 2179 Gubernii
1802 2135 1966 2194 legibus
1995 2147 2037 2178 et

189 2201 377 2242 consiliis
399 2202 577 2259 obsequi
602 2202 759 2253 favere,
786 2214 827 2244 et
853 2213 1238 2244 commemoratum
1259 2202 1454 2243 illicitum
1473 2201 1727 2243 obedientize
1748 2203 2037 2258 juramentum

188 2277 384 2323 pi·aesta1·e
417 2283 504 2308 non
534 2267 785 2308 dubitarunt
809 2283 907 2308 cum
936 2267 1125 2308 maximo
1152 2268 1327 2317 Nostro,
1351 2278 1576 2324 vestroque
1605 2281 1805 2317 moerore,
1831 2277 1873 2307 et
1903 2267 2039 2307 bono·

189 2346 284 2371 rum
306 2333 497 2372 omnium
524 2332 807 2374 admiratione
825 2348 873 2374 ac
893 2332 1024 2374 luctu.

248 2427 298 2466 In
323 2425 401 2468 hac
430 2427 560 2485 igitur
588 2439 707 2470 tanta
733 2428 794 2469 rei
821 2428 1040 2470 catholicae
1060 2428 1195 2479 clade,
1217 2439 1421 2484 tantaque
1450 2426 1689 2468 animarum
1713 2425 1900 2483 pernicie
1919 2426 2037 2483 Apo-

190 2490 327 2532 stolici
354 2492 498 2533 Nostri
528 2493 656 2535 officii
685 2494 822 2552 probe
848 2509 1078 2545 memores,
1109 2509 1155 2534 ac
1188 2493 1240 2534 de
1271 2492 1465 2534 omnium
1499 2490 1784 2532 Ecclesiarum
1817 2491 1934 2532 bono
1968 2489 2036 2531 vel

189 2555 371 2598 maxime
391 2557 576 2608 solliciti,
602 2569 644 2599 et
662 2559 814 2614 Nobis,
836 2559 897 2600 uti
915 2558 1017 2600 olim
1032 2559 1258 2616 Prophetse
1277 2557 1485 2599 indictum
1502 2556 1790 2598 existimantes
1809 2574 1818 2598 :
1836 2577 1854 2592 «
1871 2555 2031 2606 Clama,

230 2636 284 2661 ne
315 2636 473 2676 cesses3
507 2623 627 2679 quasi
659 2625 762 2665 tuba
797 2624 934 2666 exalta
954 2639 1103 2665 vocem
1125 2634 1262 2673 tuam,
1292 2634 1333 2664 et
1361 2621 1567 2663 annuntia
1584 2621 1744 2679 populo
1765 2636 1862 2662 meo
1879 2620 2035 2662 scelera

196 2707 211 2719 «
232 2701 396 2736 eorum,
423 2697 462 2727 et
484 2686 630 2728 domui
654 2689 788 2730 Jacob
809 2699 984 2746 peccata
1005 2704 1156 2730 eorum
1174 2687 1204 2739 ¹,
1235 2709 1252 2725 n
1280 2687 1393 2728 hisce
1416 2686 1586 2728 Litteris
1611 2685 1907 2744 Apostolicam
1927 2685 2035 2727 Nos-

188 2762 299 2791 tram
319 2750 562 2793 attollentes
579 2768 747 2803 vocem,
776 2753 920 2795 omnia
940 2753 1182 2812 gravissima
1209 2752 1365 2794 damna
1387 2762 1429 2792 et
1456 2750 1630 2808 injurias
1650 2767 1672 2793 a
1696 2750 2034 2809 Neogranatensi

189 2816 409 2858 Gubernio
439 2816 654 2867 Ecclesiae,
695 2820 869 2876 ejusque
900 2818 1028 2861 sacris
1059 2817 1252 2876 personis
1281 2833 1329 2859 ac
1358 2818 1506 2867 rebus,
1543 2828 1585 2858 et
1615 2815 1714 2857 huic
1745 2817 1906 2858 Sanctae
1935 2813 2033 2856 Sedi

188 2881 324 2923 illatas
359 2881 618 2924 incessanter
649 2884 879 2938 querimur,
917 2895 959 2925 et
992 2883 1236 2941 gravissime
1273 2883 1593 2941 exprobramus.
1635 2884 1777 2938 Atque
1815 2879 1959 2921 omnia
1993 2888 2035 2920 et

193 2945 379 3004 singula,
403 2963 492 3005 quae
515 2947 601 2989 sive
636 2946 679 2988 in
707 2947 794 2997 his,
822 2950 909 2990 sive
931 2950 975 2991 in
996 2948 1088 2990 aliis
1109 2949 1237 2990 rebus
1257 2947 1311 2990 ad
1336 2947 1589 2997 Ecclesiam,
1619 2948 1793 3003 ejusque
1818 2947 1887 3001 jus
1918 2958 2036 3002 spec-

194 3011 380 3054 tantibus
414 3013 468 3054 ab
501 3012 652 3053 eodem
692 3013 1031 3070 Neogranatensi
1066 3012 1302 3064 Gubernio,
1337 3024 1379 3055 et
1409 3014 1462 3055 ab
1492 3010 1767 3054 inferioribus
1797 3009 2034 3068 quibusque

243 3155 275 3185 1.
304 3153 387 3198 lsai,
409 3164 487 3198 cap.
505 3164 628 3197 Lxx-111⁷
650 3166 682 3187 v.
707 3156 739 3187 1.
