2135 3442
181 126 254 161 352
791 116 1103 154 ALLOCUTION
1132 117 1198 152 DE
1225 116 1302 151 PIE
1332 116 1402 153 IX.

181 211 224 252 in
243 208 485 251 tirocinium
507 206 669 266 proprii
688 205 873 265 religiosi
907 203 1085 246 instituti
1110 202 1212 244 alias
1232 202 1432 244 mulieres
1470 202 1711 254 admittere,
1751 214 1793 245 et
1823 203 2022 246 statuitur

181 273 445 333 Capellanias
481 272 662 323 laicales,
694 271 879 328 aliasque
911 269 1001 328 pias
1038 267 1327 310 institutiones
1360 267 1404 308 in
1430 267 1675 308 saecularem
1712 267 1837 324 plane
1868 279 2021 310 statum

181 356 270 382 esse
286 337 555 396 redigendas.
578 337 663 378 Ubi
684 337 872 395 primum
892 334 1089 376 novimus
1114 344 1200 374 tam
1225 348 1374 391 graves
1394 331 1621 390 Religioni,
1649 332 1860 385 Ecclesiae,
1888 334 2024 374 Nobis

182 417 222 447 et
242 403 341 446 huic
362 404 526 445 Sanctae
549 402 645 444 Scdi
670 400 810 460 parari
841 398 1033 454 injurias,
1058 400 1216 440 Nostro
1240 398 1464 455 fungentes
1492 412 1670 438 munere
1693 396 1809 438 nulla
1833 399 2025 455 interpo-

180 469 256 512 sita
285 485 407 510 mora
436 467 551 508 haud
582 464 924 525 praetermisimus
970 474 1061 505 tum
1095 479 1171 521 per
1203 464 1409 505 Nostrum
1445 462 1714 503 Cardinalem
1747 462 2026 504 Secretarium

181 535 338 586 Status,
372 544 463 574 tum
494 548 569 590 per
602 532 804 573 Nostrum
838 528 1108 586 negotiorum
1146 529 1370 570 Gestorem
1404 526 1579 568 Madriti
1612 537 1852 568 morantem
1877 538 2025 569 contra

182 615 331 642 omnes
360 595 605 653 hujusmodi
631 612 754 636 ansus
776 594 888 652 apud
907 592 1169 634 Madritense
1202 592 1468 635 Gubernium
1492 592 1770 633 vehementer
1800 591 2026 650 protestari

182 677 223 707 et
241 665 487 706 reclamare.
516 664 654 718 Atque
678 660 816 701 eidem
833 658 1052 700 Gubernio
1073 658 1399 716 significandum
1420 673 1587 715 quoque
1608 656 1821 708 duximus,
1845 657 2026 698 Nostras

182 728 506 771 reclamationes
528 726 580 766 ad
599 724 785 766 fidelium
805 722 1004 764 notitiam
1028 738 1117 764 esse
1136 722 1420 774 deducendas,
1446 721 1523 763 nisi
1544 721 1764 779 proposita
1781 721 1849 763 lex
1870 720 1924 764 de
1946 722 2026 763 bo-

183 795 247 837 nis
279 792 476 836 Ecclesiae
503 790 736 833 alienandis
756 788 1017 844 rejiceretur,
1049 799 1096 829 ut
1116 788 1261 830 fideles
1283 788 1359 846 ipsi
1383 789 1435 829 ab
1458 787 1539 828 illis
1560 786 1752 829 emendis
1773 801 1817 828 se
1839 785 2026 828 abstine-

182 871 290 902 rent.
317 858 428 900 Illud
446 857 575 899 etiam
597 856 650 897 ad
673 853 943 897 Madritensis
975 853 1180 895 Gubernii
1207 853 1460 894 memoriam
1489 852 1798 901 revocavimus,
1823 850 1952 893 veluti
1983 850 2026 891 in

184 922 443 983 Apostolicis
464 920 629 963 Nostris
644 920 697 961 de
722 918 871 960 eadem
891 917 1186 959 Conventione
1207 917 1376 959 Litteris
1402 918 1512 959 clare
1542 928 1772 976 aperteque
1801 915 2024 966 ediximus,

184 989 295 1049 quod
322 1004 418 1031 cum
445 997 566 1045 pacta
594 985 636 1025 in
664 984 814 1027 eadem
845 982 1141 1024 Conventione
1178 983 1339 1024 sancita
1370 994 1455 1024 tam
1483 982 1666 1040 graviter
1697 981 1960 1023 violarentur
1991 990 2032 1022 et

185 1057 498 1113 frangerentur,
521 1066 607 1092 non
635 1049 815 1107 amplius
836 1049 979 1089 locum
1006 1048 1186 1088 haberet
1203 1047 1464 1105 indulgentia
1486 1064 1508 1088 a
1535 1047 1669 1089 Nobis
1689 1048 1746 1087 ob
1766 1045 1897 1104 ipsius
1915 1047 2029 1085 Con-

185 1118 395 1163 ventionis
415 1117 626 1159 rationem
650 1113 856 1165 adhibita,
887 1129 970 1170 qua
990 1112 1312 1163 declaravimus,
1347 1113 1510 1153 nullam
1538 1129 1560 1153 a
1580 1111 1732 1162 Nobis,
1760 1126 1808 1152 ac
1825 1109 2031 1151 Romanis

186 1183 464 1227 Pontificibus
484 1179 803 1223 Successoribus
824 1177 992 1220 Nostris
1006 1177 1249 1219 molestiam
1271 1192 1344 1219 eos
1370 1193 1460 1219 esse
1483 1177 1716 1227 habituros,
1742 1175 1812 1233 qui
1836 1174 2032 1218 Ecclesia·

187 1252 301 1292 bona
319 1259 416 1291 ante
434 1246 627 1289 eamdem
647 1246 851 1287 Nostram
875 1242 1215 1286 Conventionem
1234 1243 1416 1285 alienata
1431 1242 1758 1300 acquisiverant.

246 1332 329 1375 Sed
348 1348 433 1372 non
454 1330 592 1371 solum
613 1329 741 1370 irritae
762 1326 938 1369 fuerunt
952 1326 1195 1383 justissima¹
1212 1327 1379 1368 Nostrae
1402 1326 1738 1375 reclamationes,
1762 1340 1809 1365 ac
1832 1335 2034 1381 praestan-

188 1398 295 1439 tium
318 1396 532 1454 Hispaniae
550 1396 777 1435 Sacrorum
792 1391 1041 1434 Antistitum
1062 1391 1440 1449 expostulationes,
1463 1406 1609 1433 verum
1631 1389 1760 1431 etiam
1778 1387 1971 1430 nonnulli
1986 1404 2035 1429 ex

189 1459 505 1522 spectatissimis
526 1459 606 1500 illis
624 1457 860 1516 Episcopis,
881 1457 953 1514 qui
982 1456 1135 1498 merito
1158 1468 1284 1514 atque
1309 1456 1473 1514 optimo
1489 1458 1585 1512 jure
1612 1453 1956 1496 commemoratis
1973 1453 2034 1494 le-

190 1528 312 1586 gibus
338 1542 386 1567 ac
410 1523 588 1566 decretis
608 1523 879 1575 obstiterant,
911 1538 934 1562 a
960 1521 1145 1579 propriis
1174 1520 1433 1563 Dioecesibus
1457 1520 1664 1563 violenter
1685 1519 1817 1561 avulsi
1845 1518 2030 1568 fuerunt,

191 1604 232 1635 et
253 1591 335 1633 alio
360 1588 575 1631 amandati
594 1604 641 1628 ac
662 1586 852 1644 relegati.
874 1585 1281 1643 Probe-intelligitis,
1302 1584 1580 1627 Venerabiles
1597 1587 1780 1635 Fratres,
1806 1599 1890 1641 quo
1908 1582 2037 1624 confi-

191 1657 355 1699 ciamur
372 1668 570 1703 moerore,
597 1668 691 1693 cum
721 1650 1031 1708 conspiciamus
1051 1662 1116 1692 tot>
1135 1666 1255 1693 curas
1279 1667 1329 1712 ac
1348 1650 1654 1692 sollicitudines
1677 1665 1756 1708 pro
1780 1647 2033 1690 ecclesiasti-

193 1721 311 1764 eisin
336 1720 407 1761 illo
428 1721 578 1776 Regno
597 1715 881 1757 instaurandis
907 1714 1091 1772 negotiis
1112 1715 1268 1756 frustra
1292 1732 1314 1756 a
1341 1715 1474 1756 Nobis
1504 1715 1631 1756 fuisse
1655 1725 1883 1772 susceptas,
1911 1724 2037 1769 atque

192 1786 251 1828 ibi
271 1786 413 1827 denuo
432 1782 587 1824 Christi
603 1780 836 1822 Ecclesiam
865 1779 1122 1836 gravissimis
1147 1778 1277 1837 affligi
1301 1780 1628 1830 calamitatibus,
1666 1781 1841 1835 ejusque
1860 1777 2034 1818 liberta-

192 1863 279 1893 tem
297 1861 339 1892 et
352 1851 464 1904 jura,
490 1863 536 1888 ac
553 1847 755 1888 Nostram
777 1855 818 1885 et
838 1844 964 1900 hujus
982 1844 1142 1885 Sanctae
1163 1843 1282 1885 Sedis
1300 1844 1597 1886 auctoritatem
1618 1842 1872 1884 conculcari.
1890 1843 2037 1899 Itaque

193 1915 309 1958 haud
329 1913 441 1972 passi
464 1927 625 1961 sumus,
651 1911 857 1952 Nostrum
875 1909 1145 1966 negotiorum
1170 1909 1393 1950 Gestorem
1418 1909 1587 1966 longius
1608 1908 1667 1949 ibi
1694 1906 1871 1957 morari,
1896 1906 2036 1963 illique

193 1979 506 2026 mandavimus,
529 1988 575 2018 ut
597 1976 649 2016 ab
671 1974 874 2032 Hispania
896 1973 1137 2025 decederet,
1159 1985 1199 2014 et
1219 1973 1261 2014 in
1277 1974 1388 2015 hanc
1410 1975 1573 2014 Urbem
1592 1973 1763 2015 rediret.
1790 1972 2033 2012 Vehemen-

197 2057 260 2087 ter
280 2043 456 2101 quidem
487 2041 697 2090 dolemus,
720 2050 945 2097 propterea
967 2038 1082 2095 quod
1102 2039 1310 2080 illustrem
1330 2039 1562 2096 Hispanam
1583 2039 1801 2080 nationem
1824 2036 1957 2079 Nobis
1980 2038 2036 2078 ob

196 2108 396 2151 eximium
420 2108 508 2162 ejus
528 2106 572 2146 in
592 2121 683 2147 rem
702 2104 956 2146 catholicam
980 2103 1184 2154 studium,
1209 2115 1250 2145 et
1270 2103 1437 2161 egregia
1459 2104 1501 2144 in
1521 2100 1768 2156 Ecclesiam,
1791 2119 1839 2144 ac
1864 2103 1969 2153 Nos,
1997 2112 2037 2144 et

196 2177 306 2216 hanc
324 2171 613 2230 Apostolicam
634 2170 787 2211 Sedem
809 2169 958 2210 merita
985 2184 1256 2227 summopere
1275 2168 1488 2219 dilectam,
1514 2185 1564 2210 ex
1587 2169 1667 2209 hac
1689 2183 1799 2208 nova
1826 2182 2037 2208 sacrarum

198 2255 341 2282 rerum
359 2236 681 2295 perturbatione
703 2235 745 2275 in
774 2233 991 2291 religionis
1017 2233 1255 2292 periculum
1281 2233 1436 2275 iterum
1457 2233 1685 2275 adductam
1713 2247 1803 2273 esse
1830 2230 2036 2288 perspici-

200 2319 309 2345 mus.
332 2304 439 2343 Cum
463 2313 604 2343 autem
625 2298 858 2358 Apostolici
875 2298 1018 2340 Nostri
1037 2298 1258 2339 ministerii
1277 2298 1464 2340 officium
1486 2298 1660 2339 omnino
1676 2296 1875 2355 postulet,
1898 2307 1945 2337 ut
1960 2297 2040 2337 Ec-

200 2368 332 2409 clesiae
366 2382 531 2408 causam
561 2365 696 2406 Nobis
722 2362 925 2406 divinitus
958 2363 1231 2405 commissam
1257 2363 1356 2405 totis
1390 2363 1550 2404 viribus
1582 2376 1917 2420 propugnemus,
1948 2371 2039 2402 tum

203 2432 315 2474 haud
337 2446 578 2490 possumus,
603 2429 705 2487 quin
726 2429 864 2487 palam
886 2428 1140 2487 publiceque
1160 2444 1207 2470 ac
1228 2427 1472 2470 solemniori
1491 2426 1621 2468 modo
1642 2428 1819 2468 Nostras
1848 2425 2039 2483 querelas

202 2509 243 2539 et
261 2495 621 2554 expostulationes
642 2493 926 2552 proferamus.

261 2569 531 2624 Quapropter
553 2566 592 2605 in
614 2566 697 2606 hoe
712 2576 852 2607 vestro
870 2580 1068 2606 consessu
1089 2565 1290 2606 Nostram
1312 2563 1551 2605 attollentes
1574 2579 1738 2615 vocem,
1764 2561 1893 2605 etiam
1913 2570 2039 2617 atque

203 2632 330 2674 etiam
349 2631 401 2671 de
421 2630 469 2671 iis
499 2630 697 2671 omnibus
723 2629 1056 2688 expostulamus,
1083 2645 1174 2686 quae
1196 2628 1238 2669 in
1257 2628 1459 2686 Hispania
1479 2645 1502 2669 a
1521 2628 1627 2669 laica
1647 2637 1858 2685 potestate
1881 2640 2038 2684 perpe-

202 2713 293 2739 ram
319 2707 435 2754 gesta
454 2705 567 2744 sunt,
592 2705 630 2734 et
662 2706 865 2752 geruntur
888 2693 1088 2734 adversus
1107 2693 1354 2744 Ecclesiam,
1381 2694 1552 2750 ejusque
1581 2692 1837 2742 libertatem,
1857 2691 1970 2747 jura,
1999 2700 2040 2729 et

205 2763 401 2804 adversus
420 2761 637 2812 Nostram,
660 2770 785 2816 atque
802 2759 925 2815 hujus
946 2759 1109 2798 Sanctae
1128 2757 1247 2799 Sedis
1265 2758 1576 2808 auctoritatem,
1597 2773 1645 2798 ac
1661 2755 1893 2815 praesertim
1910 2755 2040 2809 majo-

205 2842 295 2869 rem
315 2826 357 2867 in
378 2824 555 2866 modum
576 2824 870 2876 lamentamur,
899 2823 1135 2864 solemnem
1157 2823 1357 2864 Nostram
1381 2822 1716 2864 Conventionem
1734 2822 1800 2863 vel
1823 2821 1913 2878 ipso
1932 2835 2036 2877 gen-

206 2891 312 2933 tium
327 2892 420 2946 jure
434 2889 690 2930 reclamante
707 2888 921 2938 violatam,
947 2899 988 2928 et
1004 2887 1219 2945 propriam
1236 2887 1545 2946 Episcoporum
1563 2887 1857 2929 auctoritatem
1873 2886 1916 2927 in
1934 2881 2037 2925 sacri

208 2954 429 2997 ministerii
449 2952 648 2995 exercitio
668 2953 958 3009 praepeditam,
980 2964 1021 2994 et
1041 2952 1288 2995 violentiam
1310 2963 1457 2994 eontra
1478 2953 1591 3011 ipsos
1611 2952 1844 3010 Episcopos
1868 2945 2035 2991 adhibi-

207 3033 308 3072 tam,
330 3031 371 3062 et
385 3018 579 3061 Ecclesiae
600 3016 901 3074 patrimonium
915 3029 1061 3059 contra
1082 3016 1226 3058 omnia
1244 3016 1382 3058 divina
1406 3028 1446 3058 et
1461 3018 1647 3058 humana
1663 3018 1758 3072 jura
1771 3022 2033 3072 usurpatum.

213 3088 386 3143 Insuper
409 3092 759 3126 commemoratas
775 3082 886 3140 leges
908 3093 950 3124 et
969 3082 1137 3123 decreta
1158 3081 1407 3124 auctoritate
1429 3083 1583 3124 Nostra
1602 3079 1864 3139 Apostolica‚
1886 3092 2035 3134 repro-

211 3151 375 3202 bamus,
399 3150 671 3207 abrogamus,
691 3146 844 3204 illaque
868 3162 1044 3204 prorsus
1064 3146 1180 3189 irrita
1201 3163 1249 3189 ac
1275 3147 1431 3190 nullius
1450 3146 1616 3189 roboris
1638 3145 1765 3188 fuisse
1783 3154 1824 3185 et
1851 3142 1941 3183 fore
1963 3140 2037 3182 de·
