2135 3442
189 168 239 203 84
901 160 1028 196 BREF
1058 160 1123 194 DE
1153 159 1230 194 PIF.
1260 159 1324 194 VI.

193 275 210 290 «
247 267 344 293 cens
363 248 553 305 ejusdem
571 248 652 290 loci
675 247 964 290 sacerdotibus
988 257 1112 303 atque
1130 243 1376 286 custodibus
1401 257 1411 283 :
1437 241 1582 283 Oss'ero
1599 242 1707 292 Deo,
1735 252 1858 298 atque
1878 243 2029 284 dedico

189 340 206 355 κ
247 331 395 359 omnes
421 330 486 356 res
508 330 601 371 quae
627 314 703 354 liae
734 312 777 354 in
807 313 964 354 cartula
986 321 1182 352 tenentur
1205 309 1357 348 inserta
1380 323 1458 365 pro
1483 307 1730 347 remissione
1758 317 2029 362 peccatorum

191 405 207 419 «
246 396 437 423 meorum
457 390 582 436 atque
617 389 841 436 parentum
868 389 909 418 et
936 376 1117 417 filiorum
1126 406 1209 415 .....
1240 372 1323 424 Qui
1352 386 1421 412 eas
1454 371 1553 412 inde
1573 381 1720 428 postea
1749 369 1900 421 aufert,
1924 371 2027 428 quid

193 469 207 483 «
250 447 349 504 agit,
377 446 451 486 nisi
469 443 764 501 sacrilegium?
792 444 833 483 Si
857 458 958 499 ergo
983 439 1118 481 amico
1139 436 1356 494 quidpiam
1380 451 1528 493 rapere
1550 435 1707 476 furtum
1732 446 1808 485 est,
1833 435 2028 477 Ecclesia»

193 533 208 547 «
245 527 345 553 vero
382 509 582 558 fraudari,
627 508 691 549 vel
722 506 892 557 auferri,
931 503 1221 545 indubitanter
1252 499 1512 558 sacrilegium
1547 513 1642 541 est..
1674 533 1682 542 .
1721 500 1779 539 Ut
1810 514 1910 557 ergo
1938 501 2028 542 haec

191 597 205 611 «
243 574 384 617 omnia
406 590 429 615 a
457 572 575 615 vobis
604 583 645 613 et
673 589 694 613 a
721 572 858 623 nobis,
897 571 980 611 sive
1010 585 1032 609 a
1062 564 1366 609 successoribus
1393 566 1537 607 vestris
1559 577 1601 606 et
1626 582 1649 606 a
1678 564 1844 615 nostri&
1877 563 2029 606 futuris

190 662 206 676 «
245 640 521 697 temporibus,
545 637 703 693 absque
726 636 809 677 ulla
831 633 1178 682 dissimulatione,
1210 641 1526 681 conserventur,
1553 629 1718 687 scriptis
1739 629 2026 671 ecclesiasticis

187 727 204 741 «
242 702 599 758 insererejubete‚
629 713 671 742 et
690 702 798 741 inter
822 710 955 740 vestra
981 696 1163 754 capitula
1187 695 1442 752 interpolare
1468 695 1696 752 praecipite.
1725 715 1742 730 »

243 769 311 810 Ad
338 769 425 808 haec
448 765 666 824 respondit
695 766 923 822 imperator
941 762 952 783 ¹
981 778 989 804 :
1025 782 1040 797 «
1069 759 1202 802 Modo
1226 759 1319 811 ista,
1346 760 1450 801 sicut
1476 759 1664 816 petiistis,
1695 759 2023 802 concedimus...

191 856 207 871 «ι
242 833 446 875 Novimus
468 833 580 873 enim
604 830 734 871 multa
753 844 897 886 regna,
918 838 959 869 et
978 841 1093 884 reges
1114 841 1213 866 eoru
1223 840 1262 864 m
1282 835 1505 881 propterea
1527 823 1738 874 cecidisse,
1762 823 1858 881 quia
1883 824 2027 865 Eccle-

187 920 203 934 «
241 900 318 940 sias
343 897 640 954 spoliaverunt,
666 909 816 950 resque
849 908 995 933 earum
1016 900 1297 939 vastaverunt,
1325 888 1628 937 alienaverunt,
1654 888 1719 929 vel
1743 888 2022 946 diripuerunt,

189 986 205 999 «
243 963 558 1020 Episcopisque,
586 970 627 1000 et
649 956 963 1005 Sacerdotibus,
997 966 1135 1011 atque,
1163 953 1277 1010 quod
1300 953 1432 1011 magis
1448 964 1526 1000 est,
1550 952 1744 994 Ecclesiis
1764 969 1912 994 eorum
1932 953 2028 995 abs-

192 1051 207 1063 «
246 1028 502 1068 tulerunt...
533 1025 586 1065 Et
616 1034 659 1064 ut
681 1024 772 1063 haee
802 1020 992 1062 devotius
1024 1035 1099 1076 per
1136 1019 1275 1058 futura
1307 1029 1499 1075 tempora
1531 1029 1848 1068 conserventur,
1873 1018 2023 1076 praeci-

190 1114 204 1125 n
244 1093 408 1149 pientes
427 1091 640 1145 jubemus,
670 1098 716 1127 ut
742 1086 877 1126 nullus
901 1097 987 1126 tam
1008 1083 1178 1133 nostris,
1202 1099 1329 1139 quam
1356 1083 1506 1124 futuris
1530 1083 1808 1140 temporibus,
1837 1099 1860 1124 a
1883 1085 2024 1135 nobis,

191 1178 206 1191 «
244 1156 307 1196 vel
330 1154 635 1196 successoribus
659 1150 810 1192 nostris
836 1150 921 1190 ullo
948 1164 1135 1206 unquam
1154 1159 1361 1205 tempore,
1388 1148 1546 1204 absque
1575 1164 1782 1189 consensu
1809 1160 1851 1189 et
1875 1148 2026 1189 volun-

190 1244 206 1257 «
243 1232 328 1261 tate
363 1220 682 1276 Episcoporum,
721 1216 764 1256 in
796 1230 976 1271 qnorum
1005 1212 1220 1271 parochiis
1250 1228 1337 1253 esse
1377 1224 1625 1263 noscentur,
1656 1228 1720 1253 res
1758 1213 2028 1254 ecclesiarum

191 1307 206 1321 «
243 1296 400 1342 petere,
428 1295 499 1323 aut
521 1281 736 1329 invadere,
764 1279 829 1321 vel
861 1290 1041 1330 vastare,
1072 1288 1144 1318 aut
1173 1292 1440 1334 quocumque
1465 1277 1634 1334 ingenio
1662 1277 1843 1318 alienare
1866 1293 2027 1335 praesn-

189 1371 204 1385 «
245 1360 354 1401 mat,
393 1347 509 1404 quod
541 1345 575 1387 si
612 1346 702 1402 quis
736 1344 893 1392 fecerit,
929 1355 1013 1384 tam
1049 1343 1216 1394 nostris,
1248 1358 1375 1399 quam
1399 1354 1441 1383 et
1472 1357 1756 1383 successorum
1786 1352 2028 1382 nostrorum

187 1437 203 1450 «
242 1412 518 1470 temporibus,
543 1410 677 1468 poenis
700 1409 902 1466 sacrilegii
925 1409 1155 1463 subjaceat,
1179 1420 1221 1447 et
1242 1423 1263 1447 a
1285 1408 1424 1457 nobis,
1452 1418 1576 1463 atque
1596 1405 1905 1447 successoribus
1925 1421 2028 1446 nos-

188 1501 203 1515 «
244 1480 331 1527 tris,
362 1477 599 1532 nostrisque
625 1474 853 1529 judicibus,
893 1474 1000 1513 sicut
1031 1471 1266 1528 sacrilegUS,
1300 1483 1341 1512 et
1366 1471 1595 1524 homicida,
1620 1471 1684 1512 vel
1708 1471 1777 1511 fur
1803 1470 2028 1528 sacrilegus

189 1565 203 1579 <a
242 1542 430 1600 legaliter
456 1541 671 1598 puniatur,
699 1549 739 1578 et
757 1538 809 1578 ab
834 1537 1051 1594 Episcopis
1070 1537 1222 1577 nostris
1243 1538 1637 1577 anathematizetur.
1667 1557 1683 1571 »

243 1648 325 1690 Sed
363 1646 549 1703 quisquis
580 1655 741 1701 partem
776 1643 905 1683 habet
936 1641 979 1682 in
1009 1642 1088 1682 hac
1120 1642 1409 1698 usurpatione,
1438 1642 1628 1699 perlegat
1650 1641 1882 1683 vindictam
1903 1657 2029 1698 quam

182 1713 388 1754 Dominus
422 1711 518 1751 feeit
547 1709 599 1749 de
632 1707 882 1756 Heliodoro,
916 1708 1085 1762 ejusque
1108 1706 1470 1763 cooperatoribus,
1501 1705 1574 1762 qui
1597 1721 1743 1763 rapere
1764 1716 2028 1746 tentaverant

185 1778 398 1818 thesauros
417 1773 469 1815 de
492 1773 666 1829 templo,
689 1782 837 1812 contra
859 1786 963 1827 quos
988 1769 1165 1827 Spiritus
1190 1771 1490 1827 omnipotentis
1510 1771 1586 1811 Dei
1610 1785 1811 1827 magnam
1828 1770 1927 1811 feeit
1943 1786 2027 1812 suae

181 1841 432 1883 ostensionis
455 1837 710 1878 evidentiam
735 1851 743 1875 :
768 1836 824 1875 ita
855 1846 900 1875 ut
924 1850 1072 1875 omnes
1101 1836 1171 1890 qui
1199 1834 1287 1874 ausi
1312 1834 1478 1875 fuerant
1502 1850 1647 1891 parere
1673 1835 1726 1883 ei,
1760 1846 1930 1876 ruentes
1950 1837 2028 1876 Dei

180 1905 328 1947 virtute
361 1905 405 1944 in
437 1902 771 1948 dissolutionem,
804 1910 846 1940 et
877 1898 1151 1939 formidinem
1174 1910 1537 1940 converterentur.
1563 1897 1770 1955 Apparuit
1805 1899 1918 1939 enim
1948 1899 2027 1941 illis

179 1971 351 2028 quidam
383 1983 513 2024 equus
544 1966 774 2006 terribilem
802 1965 964 2004 liabens
989 1979 1207 2013 sessorem,
1242 1964 1411 2020 optimis
1446 1961 1721 2020 operimentIS
1754 1963 1984 2005 adornatus
2012 1982 2021 2004 :

180 2036 294 2091 isque
314 2049 411 2074 cum
435 2033 593 2088 impetu
611 2029 842 2070 Heliodoro
869 2029 1029 2085 priores
1053 2033 1186 2069 calces
1207 2027 1337 2078 elisit,
1371 2028 1442 2084 qui
1469 2040 1609 2068 autem
1634 2028 1670 2068 ei
1692 2027 1882 2077 sedebat,
1909 2027 2027 2070 vide-

179 2100 302 2139 batur
322 2112 438 2138 arma
462 2096 616 2135 habere
647 2108 786 2134 aurea.
815 2092 894 2132 Alii
925 2092 1050 2133 etiam
1073 2103 1360 2149 apparuerunt
1389 2092 1474 2134 duo
1491 2095 1668 2147 juvenes
1689 2093 1840 2132 virtute
1861 2092 2020 2145 decori,

180 2163 329 2220 optimi
364 2159 510 2217 gloria,
547 2159 803 2215 speciosique
837 2158 1008 2206 amictu,
1047 2158 1118 2213 qui
1153 2158 1519 2198 circumsteterunt
1544 2173 1657 2205 enm,
1695 2167 1736 2197 et
1771 2171 1823 2196 ex
1846 2167 2022 2213 utra-que

179 2239 297 2284 parte
315 2225 582 2283 flagellabant
606 2224 694 2263 sine
718 2222 1039 2270 intermissione,
1068 2222 1208 2261 multis
1226 2221 1358 2278 plagis
1384 2222 1668 2262 verberantes.
1700 2219 1849 2260 Subito
1879 2232 2022 2263 autem

179 2291 431 2333 Heliodorus
454 2288 603 2330 cecidit
619 2287 661 2326 in
684 2298 853 2335 terram,
875 2301 1056 2342 eumque
1077 2285 1208 2326 multa
1232 2285 1408 2343 ealigine
1432 2285 1746 2332 circumfusum,
1773 2298 2016 2341 rapuerunt,

180 2368 305 2413 atque
323 2356 365 2395 in
382 2353 479 2395 sella
504 2351 725 2409 gestatoria
744 2352 927 2408 positum
946 2350 1192 2404 injecerunt.
1208 2352 1271 2390 Ita
1289 2350 1439 2408 legitur
1454 2351 1526 2391 lib.
1549 2350 1603 2390 H.
1622 2348 1968 2392 Machabaeorum
1985 2352 2015 2401 ³,

182 2432 223 2462 et
238 2432 380 2460 tamen
401 2417 604 2475 agebatur
625 2415 677 2455 de
701 2415 890 2472 pecuniis
911 2430 1003 2470 quae
1031 2430 1117 2454 non
1149 2415 1419 2471 pertinebant
1455 2414 1514 2454 ad
1535 2419 1741 2454 rationem
1774 2415 2017 2470 sacrificio-

181 2501 287 2533 rum,
314 2498 389 2524 nee
412 2481 591 2538 propriae
621 2479 764 2536 templi
786 2489 921 2527 erant,
949 2478 1023 2519 sed
1049 2478 1152 2518 inibi
1173 2479 1388 2519 asservatis
1418 2494 1495 2535 pro
1521 2476 1720 2518 alimonia
1744 2479 2015 2535 pupillorum,

181 2549 400 2590 viduarum
422 2556 464 2586 et
487 2545 687 2595 aliorum3
713 2542 1000 2591 nihilominus,
1027 2543 1082 2582 ob
1103 2542 1302 2582 violatam
1320 2542 1465 2599 templi
1483 2544 1741 2596 majestatem
1763 2554 1803 2583 et
1819 2545 2017 2585 sanctita-

182 2625 284 2662 tem,
324 2622 364 2652 et
394 2611 453 2651 rei
485 2608 632 2649 aliena²
657 2608 988 2664 usurpationem,
1016 2606 1168 2646 inflixit
1197 2606 1404 2647 Dominus
1426 2608 1715 2663 gravissimam
1733 2606 1848 2648 illam
1870 2608 2018 2649 Helio-

185 2678 308 2726 doro,
333 2677 505 2731 ejusque
528 2672 648 2713 sociis
668 2687 851 2728 poenam.
879 2672 971 2711 Hoc
993 2670 1187 2727 exemplo
1209 2671 1530 2727 perterrefactus
1562 2672 1791 2728 imperator
1818 2673 2018 2714 Theodo-

184 2743 265 2783 sius
307 2738 464 2782 destitit
511 2736 705 2793 abripere
755 2735 995 2792 depositum
1033 2735 1251 2790 eujusdam
1299 2735 1433 2776 viduae
1471 2747 1725 2777 asservatum
1765 2736 1808 2776 in
1847 2738 2019 2779 ecclesia

185 2805 409 2854 Ticinensi,
435 2813 480 2843 ut
499 2811 665 2842 enarrat
688 2801 730 2841 S.
750 2798 1036 2839 A1nb1-osius³.

246 2878 385 2932 Atque
405 2873 473 2914 hie
490 2871 579 2928 quis
597 2885 785 2927 unquam
809 2869 887 2909 sibi
908 2869 1176 2925 persuadeat,
1201 2869 1314 2925 quod
1337 2885 1433 2910 cnm
1454 2883 1727 2928 occupentur,
1755 2884 1878 2930 atque
1898 2887 2019 2913 usur-

188 2952 341 2999 pentur
377 2937 670 2986 ecclesiarum,
703 2933 1160 2989 ecclesiasticorumque
1202 2933 1505 2975 catholicorum
1546 2936 1680 2989 bona,
1717 2947 2022 2995 praeserventur

191 3016 336 3047 contra
364 3002 482 3044 fundi
516 2998 857 3059 protestantibus,
895 3012 1000 3054 quos
1030 2997 1107 3054 ipsi
1138 2997 1181 3038 in
1212 2998 1462 3056 religionem
1488 3001 1739 3044 rebellantes
1765 3002 2019 3052 invaserant,

240 3124 273 3155 1.
301 3118 509 3164 Capitnlar.,
524 3125 610 3149 tom.
631 3114 727 3155 eod„
748 3127 827 3160 pag.
847 3116 913 3148 [107
936 3121 966 3146 et
985 3116 1067 3149 411.

240 3170 273 3201 2.
302 3166 387 3211 Cap.
407 3177 465 3206 111,
485 3175 572 3197 vers.
592 3165 636 3197 214
655 3161 699 3195 ad
719 3164 775 3196 28.

241 3218 272 3250 3.
303 3214 380 3248 Lib,
403 3212 454 3253 ΙΙ,
476 3210 519 3244 de
534 3210 656 3249 Offic..
675 3221 752 3255 cap.
770 3220 871 3248 xx1x,
889 3215 942 3239 110⁵
964 3211 1028 3242 150
1048 3216 1079 3241 et
1099 3212 1175 3247 351,
1200 3218 1223 3243 t.
1244 3209 1290 3249 Π,
1312 3222 1426 3255 oper„
1450 3224 1530 3257 pag.
1551 3215 1630 3251 136,
1653 3211 1736 3245 edit.
1757 3211 1910 3246 Maurin.
