2135 3442
152 136 225 172 {wli
762 123 1079 161 ALLOCIJTloN
1107 123 1173 157 DE
1202 121 1280 156 PIE
1308 120 1381 155 IX.

152 221 326 277 ticisquc
350 217 458 258 illius
488 215 626 274 Regni
654 213 780 256 rebus
801 209 1107 270 componendis
1136 219 1365 266 susceptas,
1397 206 1453 247 ob
1486 221 1740 263 propensam
1766 208 1994 266 prccsertim

153 285 341 342 ejusdem
368 281 593 324 carissima?
622 279 666 320 in
691 278 854 320 Christo
887 277 1001 319 Filiae
1023 276 1185 316 Nostra·
1215 275 1257 314 in
1286 270 1518 329 Religionis
1546 271 1710 312 bonum
1735 273 1994 314 voluntatem

156 350 269 392 haud
297 347 493 390 cecidisse
528 344 678 386 irritas.
715 343 933 400 Siquidem
961 352 1057 399 post
1088 340 1333 381 diuturnam
1363 350 1671 394 operosamque
1700 336 1995 379 tractationem

156 414 390 457 Conventio
413 411 524 453 inter
545 411 650 459 Nos,
677 420 718 449 et
735 406 942 465 Reginam
960 404 1223 446 Catholicam
1245 414 1306 444 est
1329 400 1446 450 inita,
1476 416 1603 457 quam
1629 399 1779 442 delecti
1804 417 1855 442 ex
1878 412 1994 443 utra-

157 497 238 540 que
256 490 375 538 parte
398 472 760 534 Plenipotentiarii
783 471 1142 528 subscripserunt,
1169 467 1344 510 nomine
1362 465 1533 523 quidem
1550 465 1706 506 Nostro
1725 465 1840 507 idem
1857 466 1894 505 V
1897 481 1997 506 ene-

157 545 298 587 rabilis
318 545 462 586 Frater
479 538 828 596 Archicpiscopus
844 533 1251 585 Thessalonicensis,
1275 530 1447 573 nomine
1468 541 1608 571 autem
1628 529 1801 587 Reginae
1824 529 2000 572 dilectus

158 610 288 653 Filius
312 608 470 650 nobilis
498 606 558 646 vir
591 618 717 661 eques
740 599 993 642 Emmanuel
1023 601 1197 640 Bertran
1220 597 1272 639 de
1293 597 1361 638 Lis
1391 611 1412 636 a
1441 594 1623 653 publicis
1651 595 1884 650 Majestatis
1910 595 2001 637 Sua?

161 674 358 733 negotiis.
376 674 514 726 Quam
538 666 874 710 Conventionem
897 665 950 705 ab
976 663 1123 706 eadem
1140 661 1319 721 Regina,
1340 673 1381 703 et
1402 677 1424 702 a
1444 659 1578 702 Nobis
1598 659 1710 717 ipsis,
1738 659 1882 701 audito
1898 675 2002 702 con-

160 741 252 782 silio
271 739 363 778 VV.
384 737 468 778 FF.
491 735 585 776 NN.
611 734 651 774 S.
677 733 731 772 R.
756 732 807 771 E.
838 727 1126 770 Cardinalium
1147 724 1495 785 Congregationis
1518 723 1698 782 negotiis
1718 723 2005 766 ecclesiasticis

162 799 502 846 extraordinariis
519 797 760 856 propositze,
781 796 869 850 jam
895 804 1030 834 ratam
1048 792 1256 845 habitam,
1271 792 1390 832 vobis
1412 789 1599 831 exhiberi
1616 789 1909 831 mandavimus
1923 806 2003 832 una

163 885 260 911 cum
280 864 534 925 Apostolicis
557 861 722 903 Nostris
746 857 927 909 Litteris,
951 857 1103 915 quihus
1123 855 1461 898 Conventioncm
1488 854 1621 913 ipsam
1644 854 2002 907 confirmavimus,

164 945 209 976 ut
230 931 373 975 omnia
397 930 566 977 clarius,
587 937 629 968 et
644 924 809 984 plenius
831 938 1059 982 agnoscere
1080 920 1265 980 possitis.

225 1019 337 1062 Illud
362 1017 534 1076 quidem
552 1015 686 1057 Nobis
704 1013 769 1055 vel
787 1011 973 1054 maxime
997 1010 1115 1052 cordi
1136 1010 1230 1065 fuit,
1256 1020 1303 1050 ut
1323 1008 1592 1050 sanctissimae
1616 1019 1768 1050 nostrae
1797 1010 2010 1069 religionis

167 1081 464 1132 incolumitati,
495 1091 536 1122 et
563 1078 852 1137 spiritualibus
873 1076 1067 1118 Ecclesiae
1090 1076 1216 1116 rebus
1240 1073 1539 1116 studiosissime
1570 1074 1897 1118 consuleremus.
1921 1078 2008 1118 Ita-

169 1167 250 1209 que
271 1147 542 1191 constitutum
570 1142 846 1202 perspicietis,
872 1141 1136 1183 Catholicam
1166 1139 1435 1197 Religionem
1458 1155 1554 1180 cum
1579 1138 1775 1180 omnibus
1802 1139 1885 1181 suis
1900 1141 2010 1197 juri-

167 1217 263 1265 bus,
286 1212 438 1272 quibus
461 1227 512 1253 ex
532 1209 673 1251 divina
692 1224 765 1250 sua
782 1207 1044 1249 institutione
1066 1217 1107 1247 et
1125 1220 1338 1246 sacrorum
1360 1205 1584 1245 Canonum
1602 1203 1817 1245 sanctione
1835 1206 2010 1262 potitur,

170 1280 225 1322 ita
246 1279 368 1321 unice
389 1276 432 1317 in
456 1292 506 1317 eo
526 1277 695 1333 Regno,
716 1271 846 1314 veluti
871 1282 995 1313 antea
1018 1270 1157 1329 vigere
1180 1285 1226 1311 ac
1249 1267 1458 1310 dominari
1481 1268 1650 1322 debere,
1673 1279 1719 1309 ut
1742 1270 1880 1311 omnis
1909 1271 2014 1315 alius

171 1345 304 1388 cultus
320 1343 446 1402 plane
461 1342 513 1382 sit
533 1351 711 1389 amotus,
733 1349 774 1379 et
793 1337 1055 1378 interdictus.
1078 1335 1190 1376 Hinc
1208 1345 1374 1376 cautum
1396 1349 1562 1391 quoque
1585 1344 1663 1384 est,
1690 1345 1736 1374 ut
1752 1334 2010 1388 instituendi,

172 1427 220 1453 ac
241 1406 424 1451 docendi
442 1406 549 1447 ratio
568 1406 612 1446 in
633 1404 791 1445 cunctis
808 1413 899 1443 tum
917 1400 1290 1450 Universitatibus,
1309 1410 1399 1440 tum
1417 1397 1628 1455 Collegiis,
1645 1409 1736 1439 tum
1755 1399 2013 1454 Seminariis,

173 1486 265 1517 tum
292 1471 485 1532 publicis,
511 1468 771 1528 privatisque
799 1466 954 1509 scholis
983 1482 1080 1507 cum
1110 1465 1302 1522 ejusdem
1333 1463 1553 1504 catholicae
1581 1463 1796 1521 religionis
1827 1465 2018 1510 doctrina

177 1539 300 1597 plane
326 1546 547 1594 congruat,
578 1545 703 1590 atque
730 1531 944 1589 Episcopi,
967 1530 1118 1588 aliique
1148 1529 1384 1571 Dioecesani
1414 1528 1648 1580 Antistites,
1679 1528 1747 1585 qui
1782 1545 1834 1571 ex
1858 1532 2020 1590 proprii

174 1602 396 1645 ministerii
419 1599 559 1641 officio
582 1597 626 1638 in
651 1596 869 1638 catholieae
898 1595 1100 1637 doctrinae
1125 1594 1353 1653 puritatem
1377 1593 1596 1639 tuendam,
1616 1595 1949 1652 propagandam,
1979 1608 2020 1639 et

176 1668 220 1709 in
244 1665 519 1708 christianam
545 1661 778 1719 juventutis
807 1659 1106 1701 educationem
1134 1658 1453 1717 procurandam
1474 1657 1569 1698 totis
1590 1658 1748 1699 viribus
1774 1658 2020 1704 incumbere

179 1731 352 1783 debent,
375 1728 492 1770 nullo
512 1742 683 1786 prorsus
703 1741 890 1783 unquam
908 1723 1225 1782 praepediantur
1241 1721 1571 1780 impedimento,
1600 1722 1824 1778 quominus
1842 1725 2022 1782 publicis

179 1795 307 1837 etiam
332 1792 485 1835 scholis
512 1791 659 1833 sedulo
682 1789 925 1848 advigilare,
951 1799 992 1829 et
1020 1789 1062 1828 in
1090 1787 1180 1828 illas
1202 1785 1422 1845 pastoralis
1441 1786 1504 1827 sui
1526 1786 1709 1827 muneris
1732 1799 1871 1844 partes
1892 1789 2023 1832 libere

181 1873 374 1902 exercere
394 1856 571 1916 possint.
595 1856 657 1896 Ac
678 1855 766 1912 pari
789 1852 927 1894 studio
948 1851 1236 1893 ecclesiastica?
1266 1850 1524 1893 auctoritatis
1548 1850 1806 1902 libertatem,
1837 1852 2023 1911 dignita-

180 1937 349 1980 temque
368 1921 638 1962 asserendam
658 1917 906 1961 curavimus.
925 1917 1091 1958 Etenim
1110 1933 1198 1957 non
1218 1916 1356 1957 solum
1375 1927 1578 1956 statutum
1597 1927 1657 1957 est
1676 1917 1904 1959 Sacrorum
1924 1935 2027 1976 prae—

183 1989 328 2031 sertim
360 1985 579 2027 Antistites
615 1984 670 2025 ad
701 1982 996 2041 Epis-copulem
1037 1997 1184 2022 corum
1214 1980 1554 2036 jurisdictionem
1588 1982 1868 2023 exercendam
1899 1985 2027 2041 plena

182 2054 376 2095 libertate
399 2050 574 2109 pollere,
597 2065 681 2106 quo
705 2046 954 2089 catholicam
975 2045 1119 2096 fidem,
1143 2057 1184 2087 et
1207 2045 1531 2087 ecclesiasticam
1558 2045 1820 2104 disciplinam
1841 2048 1964 2102 tueri,
1986 2062 2028 2092 et

186 2133 357 2160 morum
377 2117 644 2157 honestatem
676 2113 719 2154 in
749 2112 973 2154 christiano
996 2110 1156 2170 populo
1184 2111 1327 2163 tutari,
1351 2122 1391 2151 et
1410 2111 1614 2167 optimam
1633 2113 1854 2166 juvenum,
1878 2128 2028 2156 eorum

187 2182 453 2243 potissimum
475 2179 609 2237 quiin
636 2189 794 2220 sortem
819 2177 991 2217 Domini
1015 2186 1236 2228 vocantur,
1265 2174 1571 2216 institutionem
1605 2190 1846 2232 procurare,
1881 2189 1921 2219 et
1948 2179 2029 2221 alia

189 2247 331 2290 omnia
351 2245 510 2303 proprii
531 2243 751 2285 ministerii
782 2257 958 2283 munera
984 2240 1152 2298 explere
1176 2240 1366 2294 valeant3
1399 2255 1546 2281 verum
1576 2238 1703 2280 etiam
1727 2240 1945 2284 decretum
1968 2256 2030 2286 est

191 2327 339 2354 omnes
372 2309 508 2368 Regni
539 2310 810 2366 Magistratus
839 2322 987 2347 eorum
1008 2321 1181 2363 operam
1210 2316 1407 2363 praestare
1433 2305 1604 2358 debere,
1637 2321 1719 2362 quo
1748 2306 1800 2346 ab
1832 2309 2030 2351 omnibns

192 2374 477 2419 ecclesiasticae
498 2373 737 2415 auctoritati
765 2383 807 2413 et
829 2370 1021 2429 dignitati
1043 2370 1209 2411 debitus
1233 2368 1481 2411 exhibeatur
1502 2369 1657 2421 honor,
1681 2370 1963 2426 observantia,
1991 2386 2029 2415 et

194 2440 450 2483 obedientia.
478 2437 654 2479 Accedit
682 2437 824 2489 etiam,
851 2447 897 2476 ut
924 2433 1245 2492 praetantissima
1271 2433 1449 2491 Regina,
1478 2434 1650 2491 ejusque
1672 2435 1936 2479 Gubernium
1959 2438 2028 2480 iis-

195 2506 291 2547 dem
310 2502 528 2562 Episcopis
547 2500 687 2542 valido
703 2516 778 2541 suo
799 2500 1051 2557 patrocinio,
1072 2510 1113 2540 et
1131 2498 1329 2556 pracsidio
1351 2514 1522 2539 omnem
1539 2515 1665 2557 opem
1683 2501 1789 2542 ferre
1806 2502 2033 2559 profitean-

196 2582 277 2619 tur,
301 2584 397 2611 cum
418 2567 470 2608 ab
491 2565 590 2624 ipsis
614 2581 690 2622 pro
711 2563 911 2622 pastorali
932 2579 1107 2604 munere
1128 2563 1298 2604 illorum
1326 2564 1592 2621 potissimum
1616 2564 1839 2607 hominum
1867 2567 2030 2626 impro-

196 2635 305 2675 bitas
335 2643 395 2673 est
423 2630 678 2681 cohibenda,
708 2639 749 2670 et
778 2627 1011 2669 coercenda
1043 2626 1232 2678 audacia,
1259 2628 1329 2683 qui
1364 2627 1553 2669 fidelium
1582 2639 1746 2670 mentes
1777 2644 2028 2688 pervertere,

197 2711 422 2754 moresque
447 2709 718 2750 corrumpere
744 2692 903 2732 nefarie
924 2690 1270 2741 commoliuntur,
1302 2702 1343 2732 et
1366 2707 1389 2732 a
1411 2693 1584 2751 proprio
1607 2710 1732 2751 grege
1761 2694 2030 2748 detestabilis,

199 2779 246 2805 ac
267 2762 356 2804 dira
376 2774 669 2819 perversorum
688 2757 893 2797 librorum
918 2756 1064 2813 pestis,
1092 2765 1218 2812 atque
1237 2757 1445 2812 pernicies
1469 2768 1530 2798 est
1555 2758 1798 2810 avertenda,
1821 2775 1868 2802 ac
1886 2760 2031 2819 profli-

199 2828 356 2886 ganda.
377 2827 429 2866 Et
449 2823 651 2881 quoniam
670 2821 849 2862 relatum
873 2820 926 2860 ad
955 2820 1043 2860 Nos
1067 2829 1143 2868 cst,
1169 2834 1219 2859 ex
1245 2836 1355 2861 nova
1376 2821 1627 2863 Dioecesium
1651 2823 1853 2866 divisione
1876 2827 2034 2881 majora

201 2890 430 2950 spiritualia
459 2890 571 2929 bona
603 2888 646 2927 in
674 2886 784 2926 illius
815 2883 952 2941 Regni
976 2883 1120 2924 fideles
1142 2883 1396 2939 redundare,
1431 2887 1581 2927 iccirco
1611 2903 1764 2929 novam
1793 2888 2034 2945 hujusmodi

202 2953 632 3013 circumscriptionem
654 2952 805 2992 Nostra
827 2947 1089 2998 auctoritate,
1117 2959 1158 2989 et
1177 2948 1308 3006 ipsius
1329 2952 1501 3009 Reginae
1529 2968 1735 2994 concensu
1754 2953 2034 3011 peragendam

203 3022 438 3070 statuimus,
468 3029 591 3075 atque
606 3013 870 3073 Apostol³cas
891 3012 942 3053 de
962 3012 1041 3052 hac
1057 3027 1101 3052 re
1117 3028 1194 3053 suo
1219 3023 1410 3072 tempore
1431 3016 1691 3073 proferemus
1710 3017 1900 3068 Litteras,
1921 3027 2037 3074 post-

204 3103 331 3145 quam
353 3101 401 3128 ea
419 3082 562 3126 onmia
584 3080 737 3122 fuerint
759 3087 992 3136 perspecta,
1018 3087 1059 3117 et
1081 3087 1251 3128 statuta,
1280 3093 1371 3134 quse
1393 3080 1446 3120 ad
1473 3096 1561 3121 rem
1587 3081 1719 3138 ipsam
1738 3080 2035 3138 perficiendam

207 3162 303 3194 sunt
322 3146 573 3193 necessaria.
595 3147 702 3188 Cum
723 3154 862 3185 autem
881 3140 1100 3200 Religiosae
1118 3142 1301 3184 Familiae
1323 3145 1389 3202 pie
1408 3144 1628 3199 institutae,
1649 3162 1696 3188 ac
1716 3157 1827 3188 recte
1841 3145 2038 3188 adminis-

2121 314 2135 336 f
