<?xml version="1.0" encoding="UTF-8"?>
<!DOCTYPE html PUBLIC "-//W3C//DTD XHTML 1.0 Transitional//EN"
    "http://www.w3.org/TR/xhtml1/DTD/xhtml1-transitional.dtd">
<html xmlns="http://www.w3.org/1999/xhtml" xml:lang="en" lang="en">
 <head>
  <title>
</title>
<meta http-equiv="Content-Type" content="text/html;charset=utf-8" />
  <meta name='ocr-system' content='tesseract 3.04.00' />
  <meta name='ocr-capabilities' content='ocr_page ocr_carea ocr_par ocr_line ocrx_word'/>
</head>
<body>
  <div class='ocr_page' id='page_1' title='image "./recueildesallocu00cath_0230.png"; bbox 0 0 2135 3442; ppageno 0'>
   <div class='ocr_carea' id='block_1_1' title="bbox 211 179 1431 221">
    <p class='ocr_par' dir='ltr' id='par_1_1' title="bbox 211 179 1431 221">
     <span class='ocr_line' id='line_1_1' title="bbox 211 179 1431 221; baseline -0.004 0"><span class='ocrx_word' id='word_1_1' title='bbox 211 186 287 221; x_wconf 76' lang='lat'>218</span> <span class='ocrx_word' id='word_1_2' title='bbox 820 179 1128 216; x_wconf 78' lang='lat' dir='ltr'>ALLOCUTION</span> <span class='ocrx_word' id='word_1_3' title='bbox 1156 181 1223 215; x_wconf 91' lang='lat' dir='ltr'>DE</span> <span class='ocrx_word' id='word_1_4' title='bbox 1255 180 1333 215; x_wconf 90' lang='lat' dir='ltr'>PIE</span> <span class='ocrx_word' id='word_1_5' title='bbox 1363 180 1431 216; x_wconf 90' lang='lat' dir='ltr'>IX.</span> 
     </span>
    </p>
   </div>
   <div class='ocr_carea' id='block_1_2' title="bbox 207 267 2052 1041">
    <p class='ocr_par' dir='ltr' id='par_1_2' title="bbox 207 267 2052 1041">
     <span class='ocr_line' id='line_1_2' title="bbox 211 267 2046 326; baseline 0.001 -15"><span class='ocrx_word' id='word_1_6' title='bbox 211 272 314 312; x_wconf 88' lang='lat' dir='ltr'>timo</span> <span class='ocrx_word' id='word_1_7' title='bbox 339 271 432 325; x_wconf 89' lang='lat' dir='ltr'>jure</span> <span class='ocrx_word' id='word_1_8' title='bbox 464 267 590 326; x_wconf 87' lang='lat' dir='ltr'>longe</span> <span class='ocrx_word' id='word_1_9' title='bbox 610 269 816 324; x_wconf 84' lang='lat' dir='ltr'>majorem</span> <span class='ocrx_word' id='word_1_10' title='bbox 836 268 1056 323; x_wconf 84' lang='lat' dir='ltr'>justitiam,</span> <span class='ocrx_word' id='word_1_11' title='bbox 1087 268 1384 326; x_wconf 87' lang='lat' dir='ltr'>gravioresque</span> <span class='ocrx_word' id='word_1_12' title='bbox 1405 281 1547 309; x_wconf 84' lang='lat' dir='ltr'>causas</span> <span class='ocrx_word' id='word_1_13' title='bbox 1570 281 1595 307; x_wconf 89' lang='lat' dir='ltr'>a</span> <span class='ocrx_word' id='word_1_14' title='bbox 1621 268 1818 309; x_wconf 85' lang='lat' dir='ltr'>Romano</span> <span class='ocrx_word' id='word_1_15' title='bbox 1841 267 2046 312; x_wconf 71' lang='lat' dir='ltr'>pontifice</span> 
     </span>
     <span class='ocr_line' id='line_1_3' title="bbox 210 330 2046 392; baseline -0.002 -15"><span class='ocrx_word' id='word_1_16' title='bbox 210 333 440 392; x_wconf 84' lang='lat' dir='ltr'>requirere,</span> <span class='ocrx_word' id='word_1_17' title='bbox 472 333 505 375; x_wconf 90' lang='lat' dir='ltr'>si</span> <span class='ocrx_word' id='word_1_18' title='bbox 531 332 779 375; x_wconf 88' lang='lat' dir='ltr'>Pontificem</span> <span class='ocrx_word' id='word_1_19' title='bbox 811 333 949 390; x_wconf 89' lang='lat' dir='ltr'>ipsum</span> <span class='ocrx_word' id='word_1_20' title='bbox 976 332 1097 374; x_wconf 88' lang='lat' dir='ltr'>alicui</span> <span class='ocrx_word' id='word_1_21' title='bbox 1129 333 1284 374; x_wconf 91' lang='lat' dir='ltr'>bellum</span> <span class='ocrx_word' id='word_1_22' title='bbox 1318 331 1518 382; x_wconf 84' lang='lat' dir='ltr'>indicere,</span> <span class='ocrx_word' id='word_1_23' title='bbox 1552 341 1593 373; x_wconf 89' lang='lat' dir='ltr'>et</span> <span class='ocrx_word' id='word_1_24' title='bbox 1619 330 1771 372; x_wconf 85' lang='lat' dir='ltr'>inferre</span> <span class='ocrx_word' id='word_1_25' title='bbox 1789 333 2046 391; x_wconf 81' lang='lat' dir='ltr'>conspiciat?</span> 
     </span>
     <span class='ocr_line' id='line_1_4' title="bbox 212 395 2046 456; baseline 0.001 -17"><span class='ocrx_word' id='word_1_26' title='bbox 212 399 502 453; x_wconf 85' lang='lat' dir='ltr'>Quamobrem</span> <span class='ocrx_word' id='word_1_27' title='bbox 527 409 674 440; x_wconf 88' lang='lat' dir='ltr'>nostra</span> <span class='ocrx_word' id='word_1_28' title='bbox 702 397 971 439; x_wconf 88' lang='lat' dir='ltr'>Allocutione</span> <span class='ocrx_word' id='word_1_29' title='bbox 1007 397 1076 439; x_wconf 84' lang='lat' dir='ltr'>die</span> <span class='ocrx_word' id='word_1_30' title='bbox 1099 402 1154 440; x_wconf 75' lang='lat'>29</span> <span class='ocrx_word' id='word_1_31' title='bbox 1178 397 1335 456; x_wconf 87' lang='lat' dir='ltr'>Aprilis</span> <span class='ocrx_word' id='word_1_32' title='bbox 1368 396 1574 455; x_wconf 83' lang='lat' dir='ltr'>superiori</span> <span class='ocrx_word' id='word_1_33' title='bbox 1603 411 1713 437; x_wconf 85' lang='lat' dir='ltr'>anno</span> <span class='ocrx_word' id='word_1_34' title='bbox 1735 395 1789 437; x_wconf 88' lang='lat' dir='ltr'>ad</span> <span class='ocrx_word' id='word_1_35' title='bbox 1811 412 1886 439; x_wconf 90' lang='lat' dir='ltr'>vos</span> <span class='ocrx_word' id='word_1_36' title='bbox 1902 398 2046 440; x_wconf 88' lang='lat' dir='ltr'>habita</span> 
     </span>
     <span class='ocr_line' id='line_1_5' title="bbox 211 461 2046 523; baseline -0.001 -18"><span class='ocrx_word' id='word_1_37' title='bbox 211 464 365 522; x_wconf 88' lang='lat' dir='ltr'>palam,</span> <span class='ocrx_word' id='word_1_38' title='bbox 396 465 648 523; x_wconf 89' lang='lat' dir='ltr'>publiceque</span> <span class='ocrx_word' id='word_1_39' title='bbox 675 462 992 513; x_wconf 87' lang='lat' dir='ltr'>declaravimus,</span> <span class='ocrx_word' id='word_1_40' title='bbox 1019 462 1109 504; x_wconf 90' lang='lat' dir='ltr'>Nos</span> <span class='ocrx_word' id='word_1_41' title='bbox 1139 464 1191 504; x_wconf 85' lang='lat' dir='ltr'>ab</span> <span class='ocrx_word' id='word_1_42' title='bbox 1217 463 1287 504; x_wconf 91' lang='lat' dir='ltr'>illo</span> <span class='ocrx_word' id='word_1_43' title='bbox 1317 463 1430 504; x_wconf 85' lang='lat' dir='ltr'>bello</span> <span class='ocrx_word' id='word_1_44' title='bbox 1456 462 1631 503; x_wconf 89' lang='lat' dir='ltr'>omnino</span> <span class='ocrx_word' id='word_1_45' title='bbox 1653 476 1741 503; x_wconf 92' lang='lat' dir='ltr'>esse</span> <span class='ocrx_word' id='word_1_46' title='bbox 1765 461 1937 503; x_wconf 89' lang='lat' dir='ltr'>alienos.</span> <span class='ocrx_word' id='word_1_47' title='bbox 1966 464 2046 504; x_wconf 89' lang='lat' dir='ltr'>At-</span> 
     </span>
     <span class='ocr_line' id='line_1_6' title="bbox 212 526 2045 586; baseline -0.002 -15"><span class='ocrx_word' id='word_1_48' title='bbox 212 545 292 586; x_wconf 90' lang='lat' dir='ltr'>que</span> <span class='ocrx_word' id='word_1_49' title='bbox 312 529 463 571; x_wconf 86' lang='lat' dir='ltr'>eodem</span> <span class='ocrx_word' id='word_1_50' title='bbox 489 541 677 586; x_wconf 82' lang='lat' dir='ltr'>tempore</span> <span class='ocrx_word' id='word_1_51' title='bbox 701 527 1065 569; x_wconf 86' lang='lat' dir='ltr'>insidiosissimum</span> <span class='ocrx_word' id='word_1_52' title='bbox 1098 528 1291 585; x_wconf 88' lang='lat' dir='ltr'>profecto</span> <span class='ocrx_word' id='word_1_53' title='bbox 1326 543 1477 569; x_wconf 89' lang='lat' dir='ltr'>munus</span> <span class='ocrx_word' id='word_1_54' title='bbox 1500 539 1590 568; x_wconf 90' lang='lat' dir='ltr'>tum</span> <span class='ocrx_word' id='word_1_55' title='bbox 1619 542 1738 579; x_wconf 71' lang='lat' dir='ltr'>voce,</span> <span class='ocrx_word' id='word_1_56' title='bbox 1771 537 1862 568; x_wconf 89' lang='lat' dir='ltr'>tum</span> <span class='ocrx_word' id='word_1_57' title='bbox 1891 526 2045 585; x_wconf 88' lang='lat' dir='ltr'>scripto</span> 
     </span>
     <span class='ocr_line' id='line_1_7' title="bbox 211 590 2048 646; baseline -0.001 -10"><span class='ocrx_word' id='word_1_58' title='bbox 211 593 343 636; x_wconf 90' lang='lat' dir='ltr'>Nobis</span> <span class='ocrx_word' id='word_1_59' title='bbox 364 595 568 645; x_wconf 90' lang='lat' dir='ltr'>oblatum,</span> <span class='ocrx_word' id='word_1_60' title='bbox 595 609 642 634; x_wconf 86' lang='lat' dir='ltr'>ac</span> <span class='ocrx_word' id='word_1_61' title='bbox 659 608 743 634; x_wconf 90' lang='lat' dir='ltr'>non</span> <span class='ocrx_word' id='word_1_62' title='bbox 768 593 905 634; x_wconf 85' lang='lat' dir='ltr'>solum</span> <span class='ocrx_word' id='word_1_63' title='bbox 924 593 1119 633; x_wconf 69' lang='lat' dir='ltr'>Personae</span> <span class='ocrx_word' id='word_1_64' title='bbox 1144 593 1306 634; x_wconf 64' lang='lat' dir='ltr'>‘Nostrae</span> <span class='ocrx_word' id='word_1_65' title='bbox 1330 593 1391 634; x_wconf 84' lang='lat' dir='ltr'>vel</span> <span class='ocrx_word' id='word_1_66' title='bbox 1412 592 1593 634; x_wconf 81' lang='lat' dir='ltr'>maxime</span> <span class='ocrx_word' id='word_1_67' title='bbox 1613 590 1877 646; x_wconf 83' lang='lat' dir='ltr'>injuriosum,</span> <span class='ocrx_word' id='word_1_68' title='bbox 1903 607 2048 634; x_wconf 88' lang='lat' dir='ltr'>verum</span> 
     </span>
     <span class='ocr_line' id='line_1_8' title="bbox 214 655 2048 718; baseline -0.001 -18"><span class='ocrx_word' id='word_1_69' title='bbox 214 660 339 700; x_wconf 86' lang='lat' dir='ltr'>etiam</span> <span class='ocrx_word' id='word_1_70' title='bbox 360 659 490 700; x_wconf 68' lang='lat' dir='ltr'>Italiae</span> <span class='ocrx_word' id='word_1_71' title='bbox 516 658 912 718; x_wconf 88' lang='lat' dir='ltr'>perniciosissimum</span> <span class='ocrx_word' id='word_1_72' title='bbox 934 657 1263 715; x_wconf 83' lang='lat' dir='ltr'>repudiavimus,</span> <span class='ocrx_word' id='word_1_73' title='bbox 1289 659 1523 714; x_wconf 81' lang='lat' dir='ltr'>rejecimus,</span> <span class='ocrx_word' id='word_1_74' title='bbox 1546 668 1591 698; x_wconf 93' lang='lat' dir='ltr'>ut</span> <span class='ocrx_word' id='word_1_75' title='bbox 1611 656 1767 698; x_wconf 87' lang='lat' dir='ltr'>scilicet</span> <span class='ocrx_word' id='word_1_76' title='bbox 1795 655 1949 698; x_wconf 85' lang='lat' dir='ltr'>ltalicae</span> <span class='ocrx_word' id='word_1_77' title='bbox 1976 671 2048 698; x_wconf 89' lang='lat' dir='ltr'>cu·</span> 
     </span>
     <span class='ocr_line' id='line_1_9' title="bbox 207 721 2048 781; baseline -0.001 -17"><span class='ocrx_word' id='word_1_78' title='bbox 207 723 373 778; x_wconf 89' lang='lat' dir='ltr'>jusdam</span> <span class='ocrx_word' id='word_1_79' title='bbox 391 723 648 781; x_wconf 74' lang='lat' dir='ltr'>Reipublicae</span> <span class='ocrx_word' id='word_1_80' title='bbox 664 722 859 781; x_wconf 84' lang='lat' dir='ltr'>regimini</span> <span class='ocrx_word' id='word_1_81' title='bbox 883 722 1106 780; x_wconf 66' lang='lat' dir='ltr'>praesidere</span> <span class='ocrx_word' id='word_1_82' title='bbox 1129 723 1345 764; x_wconf 73' lang='lat' dir='ltr'>vellemus.</span> <span class='ocrx_word' id='word_1_83' title='bbox 1369 721 1576 780; x_wconf 85' lang='lat' dir='ltr'>Equidem</span> <span class='ocrx_word' id='word_1_84' title='bbox 1594 721 1898 779; x_wconf 60' lang='lat' dir='ltr'>singulathei</span> <span class='ocrx_word' id='word_1_85' title='bbox 1919 722 2048 762; x_wconf 89' lang='lat' dir='ltr'>mise-</span> 
     </span>
     <span class='ocr_line' id='line_1_10' title="bbox 214 785 2051 847; baseline -0.001 -19"><span class='ocrx_word' id='word_1_86' title='bbox 214 789 374 829; x_wconf 87' lang='lat' dir='ltr'>ratione</span> <span class='ocrx_word' id='word_1_87' title='bbox 397 790 683 847; x_wconf 81' lang='lat' dir='ltr'>gravissimum</span> <span class='ocrx_word' id='word_1_88' title='bbox 698 788 916 846; x_wconf 85' lang='lat' dir='ltr'>loquendi,</span> <span class='ocrx_word' id='word_1_89' title='bbox 940 788 1159 839; x_wconf 86' lang='lat' dir='ltr'>monendi,</span> <span class='ocrx_word' id='word_1_90' title='bbox 1182 788 1465 846; x_wconf 87' lang='lat' dir='ltr'>hortandique</span> <span class='ocrx_word' id='word_1_91' title='bbox 1485 802 1637 829; x_wconf 89' lang='lat' dir='ltr'>munus</span> <span class='ocrx_word' id='word_1_92' title='bbox 1655 803 1678 827; x_wconf 92' lang='lat' dir='ltr'>a</span> <span class='ocrx_word' id='word_1_93' title='bbox 1700 789 1792 828; x_wconf 92' lang='lat' dir='ltr'>Deo</span> <span class='ocrx_word' id='word_1_94' title='bbox 1810 787 1900 844; x_wconf 90' lang='lat' dir='ltr'>ipso</span> <span class='ocrx_word' id='word_1_95' title='bbox 1918 785 2051 828; x_wconf 88' lang='lat' dir='ltr'>Nobis</span> 
     </span>
     <span class='ocr_line' id='line_1_11' title="bbox 213 850 2051 911; baseline -0.001 -19"><span class='ocrx_word' id='word_1_96' title='bbox 213 853 455 910; x_wconf 86' lang='lat' dir='ltr'>impositum</span> <span class='ocrx_word' id='word_1_97' title='bbox 481 853 743 911; x_wconf 85' lang='lat' dir='ltr'>implendum</span> <span class='ocrx_word' id='word_1_98' title='bbox 775 855 1028 905; x_wconf 78' lang='lat' dir='ltr'>curavimus,</span> <span class='ocrx_word' id='word_1_99' title='bbox 1064 865 1187 910; x_wconf 89' lang='lat' dir='ltr'>atque</span> <span class='ocrx_word' id='word_1_100' title='bbox 1218 853 1324 894; x_wconf 90' lang='lat' dir='ltr'>adeo</span> <span class='ocrx_word' id='word_1_101' title='bbox 1352 852 1617 901; x_wconf 88' lang='lat' dir='ltr'>confidimus,</span> <span class='ocrx_word' id='word_1_102' title='bbox 1645 852 1780 893; x_wconf 75' lang='lat' dir='ltr'>Nobis</span> <span class='ocrx_word' id='word_1_103' title='bbox 1807 851 1913 892; x_wconf 91' lang='lat' dir='ltr'>illud</span> <span class='ocrx_word' id='word_1_104' title='bbox 1934 850 2051 892; x_wconf 86' lang='lat' dir='ltr'>Isaiae</span> 
     </span>
     <span class='ocr_line' id='line_1_12' title="bbox 214 916 2052 976; baseline -0.001 -17"><span class='ocrx_word' id='word_1_105' title='bbox 214 919 490 976; x_wconf 82' lang='lat' dir='ltr'>improperari</span> <span class='ocrx_word' id='word_1_106' title='bbox 522 934 610 959; x_wconf 92' lang='grc'>11011</span> <span class='ocrx_word' id='word_1_107' title='bbox 643 933 785 975; x_wconf 89' lang='lat' dir='ltr'>posse:</span> <span class='ocrx_word' id='word_1_108' title='bbox 818 920 895 958; x_wconf 76' lang='lat' dir='ltr'>Vae</span> <span class='ocrx_word' id='word_1_109' title='bbox 928 919 1048 969; x_wconf 78' lang='lat' dir='ltr'>milei,</span> <span class='ocrx_word' id='word_1_110' title='bbox 1072 925 1173 976; x_wconf 78' lang='lat' dir='ltr'>quia</span> <span class='ocrx_word' id='word_1_111' title='bbox 1205 921 1346 959; x_wconf 75' lang='lat' dir='ltr'>tacui!</span> <span class='ocrx_word' id='word_1_112' title='bbox 1360 919 1534 959; x_wconf 79' lang='lat' dir='ltr'>Utinam</span> <span class='ocrx_word' id='word_1_113' title='bbox 1559 934 1659 959; x_wconf 85' lang='lat' dir='ltr'>vero</span> <span class='ocrx_word' id='word_1_114' title='bbox 1679 918 1866 975; x_wconf 86' lang='lat' dir='ltr'>paternis</span> <span class='ocrx_word' id='word_1_115' title='bbox 1886 916 2052 958; x_wconf 85' lang='lat' dir='ltr'>Nostris</span> 
     </span>
     <span class='ocr_line' id='line_1_13' title="bbox 214 983 1921 1041; baseline 0 -18"><span class='ocrx_word' id='word_1_116' title='bbox 214 983 402 1038; x_wconf 81' lang='lat' dir='ltr'>vocibus,</span> <span class='ocrx_word' id='word_1_117' title='bbox 430 984 613 1032; x_wconf 89' lang='lat' dir='ltr'>monitis,</span> <span class='ocrx_word' id='word_1_118' title='bbox 636 984 947 1025; x_wconf 85' lang='lat' dir='ltr'>hortationibus</span> <span class='ocrx_word' id='word_1_119' title='bbox 965 999 1056 1025; x_wconf 87' lang='lat' dir='ltr'>suas</span> <span class='ocrx_word' id='word_1_120' title='bbox 1073 984 1205 1025; x_wconf 81' lang='lat' dir='ltr'>nostri</span> <span class='ocrx_word' id='word_1_121' title='bbox 1225 999 1369 1025; x_wconf 86' lang='lat' dir='ltr'>omnes</span> <span class='ocrx_word' id='word_1_122' title='bbox 1386 983 1458 1024; x_wconf 91' lang='lat' dir='ltr'>filii</span> <span class='ocrx_word' id='word_1_123' title='bbox 1481 984 1756 1041; x_wconf 64' lang='lat' dir='ltr'>praebuissent</span> <span class='ocrx_word' id='word_1_124' title='bbox 1775 998 1894 1024; x_wconf 88' lang='lat' dir='ltr'>aures</span> <span class='ocrx_word' id='word_1_125' title='bbox 1913 983 1921 1022; x_wconf 84' lang='lat'>!</span> 
     </span>
    </p>
   </div>
   <div class='ocr_carea' id='block_1_3' title="bbox 215 1111 2059 3314">
    <p class='ocr_par' dir='ltr' id='par_1_3' title="bbox 215 1111 2059 2713">
     <span class='ocr_line' id='line_1_14' title="bbox 276 1111 2054 1171; baseline -0.002 -16"><span class='ocrx_word' id='word_1_126' title='bbox 276 1111 853 1163; x_wconf 80' lang='lat' dir='ltr'>Memineritis,Venerabiles</span> <span class='ocrx_word' id='word_1_127' title='bbox 872 1113 1136 1170; x_wconf 86' lang='lat' dir='ltr'>Fratres,qui</span> <span class='ocrx_word' id='word_1_128' title='bbox 1157 1112 1374 1163; x_wconf 88' lang='lat' dir='ltr'>clamores,</span> <span class='ocrx_word' id='word_1_129' title='bbox 1397 1114 1549 1171; x_wconf 90' lang='lat' dir='ltr'>quique</span> <span class='ocrx_word' id='word_1_130' title='bbox 1572 1113 1774 1155; x_wconf 89' lang='lat' dir='ltr'>tumultus</span> <span class='ocrx_word' id='word_1_131' title='bbox 1795 1128 1818 1154; x_wconf 91' lang='lat' dir='ltr'>a</span> <span class='ocrx_word' id='word_1_132' title='bbox 1837 1111 2054 1153; x_wconf 88' lang='lat' dir='ltr'>turbulen-</span> 
     </span>
     <span class='ocr_line' id='line_1_15' title="bbox 218 1176 2054 1235; baseline -0.002 -14"><span class='ocrx_word' id='word_1_133' title='bbox 218 1180 382 1221; x_wconf 67' lang='lat' dir='ltr'>tissimze</span> <span class='ocrx_word' id='word_1_134' title='bbox 415 1176 610 1218; x_wconf 85' lang='lat' dir='ltr'>factionis</span> <span class='ocrx_word' id='word_1_135' title='bbox 643 1177 887 1218; x_wconf 89' lang='lat' dir='ltr'>hominibus</span> <span class='ocrx_word' id='word_1_136' title='bbox 920 1178 1087 1219; x_wconf 81' lang='lat' dir='ltr'>excitati</span> <span class='ocrx_word' id='word_1_137' title='bbox 1119 1177 1234 1218; x_wconf 89' lang='lat' dir='ltr'>fuere</span> <span class='ocrx_word' id='word_1_138' title='bbox 1263 1188 1357 1235; x_wconf 88' lang='lat' dir='ltr'>post</span> <span class='ocrx_word' id='word_1_139' title='bbox 1384 1177 1696 1220; x_wconf 88' lang='lat' dir='ltr'>Allocutionem</span> <span class='ocrx_word' id='word_1_140' title='bbox 1727 1193 1750 1218; x_wconf 88' lang='lat' dir='ltr'>a</span> <span class='ocrx_word' id='word_1_141' title='bbox 1778 1177 1911 1219; x_wconf 87' lang='lat' dir='ltr'>Nobis</span> <span class='ocrx_word' id='word_1_142' title='bbox 1940 1192 2054 1218; x_wconf 89' lang='lat' dir='ltr'>nunc</span> 
     </span>
     <span class='ocr_line' id='line_1_16' title="bbox 215 1242 2052 1300; baseline -0.002 -14"><span class='ocrx_word' id='word_1_143' title='bbox 215 1253 606 1292; x_wconf 84' lang='lat' dir='ltr'>commemoratam,</span> <span class='ocrx_word' id='word_1_144' title='bbox 629 1254 670 1283; x_wconf 91' lang='grc'>61</span> <span class='ocrx_word' id='word_1_145' title='bbox 696 1242 912 1300; x_wconf 88' lang='lat' dir='ltr'>quomodo</span> <span class='ocrx_word' id='word_1_146' title='bbox 940 1242 1059 1283; x_wconf 63' lang='lat' dir='ltr'>civile</span> <span class='ocrx_word' id='word_1_147' title='bbox 1083 1242 1364 1284; x_wconf 83' lang='lat' dir='ltr'>Ministerium</span> <span class='ocrx_word' id='word_1_148' title='bbox 1382 1243 1515 1284; x_wconf 89' lang='lat' dir='ltr'>Nobis</span> <span class='ocrx_word' id='word_1_149' title='bbox 1537 1243 1663 1285; x_wconf 90' lang='lat' dir='ltr'>fuerit</span> <span class='ocrx_word' id='word_1_150' title='bbox 1681 1243 1922 1300; x_wconf 87' lang='lat' dir='ltr'>impositum</span> <span class='ocrx_word' id='word_1_151' title='bbox 1939 1242 2052 1283; x_wconf 79' lang='lat' dir='ltr'>Nos-</span> 
     </span>
     <span class='ocr_line' id='line_1_17' title="bbox 216 1305 2055 1366; baseline -0.001 -17"><span class='ocrx_word' id='word_1_152' title='bbox 216 1310 287 1349; x_wconf 86' lang='lat' dir='ltr'>tris</span> <span class='ocrx_word' id='word_1_153' title='bbox 303 1307 473 1365; x_wconf 85' lang='lat' dir='ltr'>quidem</span> <span class='ocrx_word' id='word_1_154' title='bbox 493 1306 692 1358; x_wconf 89' lang='lat' dir='ltr'>consiliis,</span> <span class='ocrx_word' id='word_1_155' title='bbox 716 1323 763 1350; x_wconf 90' lang='lat' dir='ltr'>ac</span> <span class='ocrx_word' id='word_1_156' title='bbox 782 1307 1012 1366; x_wconf 85' lang='lat' dir='ltr'>principiis,</span> <span class='ocrx_word' id='word_1_157' title='bbox 1034 1319 1075 1349; x_wconf 92' lang='lat' dir='ltr'>et</span> <span class='ocrx_word' id='word_1_158' title='bbox 1095 1308 1348 1366; x_wconf 86' lang='lat' dir='ltr'>Apostolicae</span> <span class='ocrx_word' id='word_1_159' title='bbox 1366 1307 1483 1349; x_wconf 88' lang='lat' dir='ltr'>Sedis</span> <span class='ocrx_word' id='word_1_160' title='bbox 1502 1308 1664 1364; x_wconf 89' lang='lat' dir='ltr'>juribus</span> <span class='ocrx_word' id='word_1_161' title='bbox 1688 1322 1958 1364; x_wconf 85' lang='lat' dir='ltr'>summopere</span> <span class='ocrx_word' id='word_1_162' title='bbox 1981 1305 2055 1347; x_wconf 91' lang='lat' dir='ltr'>ad-</span> 
     </span>
     <span class='ocr_line' id='line_1_18' title="bbox 216 1371 2054 1430; baseline -0.002 -16"><span class='ocrx_word' id='word_1_163' title='bbox 216 1389 398 1415; x_wconf 61' lang='lat' dir='ltr'>versum.</span> <span class='ocrx_word' id='word_1_164' title='bbox 420 1373 506 1415; x_wconf 74' lang='lat' dir='ltr'>Nos</span> <span class='ocrx_word' id='word_1_165' title='bbox 534 1372 707 1430; x_wconf 89' lang='lat' dir='ltr'>quidem</span> <span class='ocrx_word' id='word_1_166' title='bbox 738 1375 826 1429; x_wconf 88' lang='lat' dir='ltr'>jam</span> <span class='ocrx_word' id='word_1_167' title='bbox 857 1373 958 1415; x_wconf 89' lang='lat' dir='ltr'>inde</span> <span class='ocrx_word' id='word_1_168' title='bbox 980 1373 1191 1415; x_wconf 85' lang='lat' dir='ltr'>infelicem</span> <span class='ocrx_word' id='word_1_169' title='bbox 1219 1373 1352 1415; x_wconf 88' lang='lat' dir='ltr'>Italici</span> <span class='ocrx_word' id='word_1_170' title='bbox 1378 1373 1478 1414; x_wconf 88' lang='lat' dir='ltr'>belli</span> <span class='ocrx_word' id='word_1_171' title='bbox 1510 1375 1670 1414; x_wconf 83' lang='lat' dir='ltr'>exitum</span> <span class='ocrx_word' id='word_1_172' title='bbox 1692 1373 1880 1414; x_wconf 90' lang='lat' dir='ltr'>futurum</span> <span class='ocrx_word' id='word_1_173' title='bbox 1912 1371 2054 1412; x_wconf 87' lang='lat' dir='ltr'>animo</span> 
     </span>
     <span class='ocr_line' id='line_1_19' title="bbox 215 1434 2052 1495; baseline -0.002 -16"><span class='ocrx_word' id='word_1_174' title='bbox 215 1439 520 1495; x_wconf 80' lang='lat' dir='ltr'>prospeximus,</span> <span class='ocrx_word' id='word_1_175' title='bbox 543 1438 646 1479; x_wconf 90' lang='lat' dir='ltr'>dum</span> <span class='ocrx_word' id='word_1_176' title='bbox 665 1454 772 1479; x_wconf 90' lang='lat' dir='ltr'>unus</span> <span class='ocrx_word' id='word_1_177' title='bbox 790 1454 842 1479; x_wconf 77' lang='lat' dir='ltr'>ex</span> <span class='ocrx_word' id='word_1_178' title='bbox 854 1437 932 1479; x_wconf 87' lang='lat' dir='ltr'>illis</span> <span class='ocrx_word' id='word_1_179' title='bbox 949 1437 1153 1481; x_wconf 82' lang='lat' dir='ltr'>Ministris</span> <span class='ocrx_word' id='word_1_180' title='bbox 1176 1453 1360 1480; x_wconf 82' lang='lat' dir='ltr'>asserere</span> <span class='ocrx_word' id='word_1_181' title='bbox 1377 1454 1465 1479; x_wconf 91' lang='grc'>11011</span> <span class='ocrx_word' id='word_1_182' title='bbox 1486 1438 1722 1487; x_wconf 82' lang='lat' dir='ltr'>dubitabat,</span> <span class='ocrx_word' id='word_1_183' title='bbox 1745 1435 1905 1477; x_wconf 86' lang='lat' dir='ltr'>bellum</span> <span class='ocrx_word' id='word_1_184' title='bbox 1921 1434 2052 1487; x_wconf 88' lang='lat' dir='ltr'>idem,</span> 
     </span>
     <span class='ocr_line' id='line_1_20' title="bbox 216 1501 2056 1561; baseline -0.001 -18"><span class='ocrx_word' id='word_1_185' title='bbox 216 1503 349 1544; x_wconf 81' lang='lat' dir='ltr'>Nobis</span> <span class='ocrx_word' id='word_1_186' title='bbox 375 1503 473 1544; x_wconf 89' lang='lat' dir='ltr'>licet</span> <span class='ocrx_word' id='word_1_187' title='bbox 506 1504 660 1553; x_wconf 88' lang='lat' dir='ltr'>invitis,</span> <span class='ocrx_word' id='word_1_188' title='bbox 689 1518 736 1544; x_wconf 88' lang='lat' dir='ltr'>ac</span> <span class='ocrx_word' id='word_1_189' title='bbox 759 1503 1079 1556; x_wconf 72' lang='lat' dir='ltr'>reluctantibus,</span> <span class='ocrx_word' id='word_1_190' title='bbox 1112 1515 1154 1545; x_wconf 89' lang='lat' dir='ltr'>et</span> <span class='ocrx_word' id='word_1_191' title='bbox 1187 1504 1346 1561; x_wconf 82' lang='lat' dir='ltr'>absque</span> <span class='ocrx_word' id='word_1_192' title='bbox 1368 1502 1588 1545; x_wconf 85' lang='lat' dir='ltr'>Pontificia</span> <span class='ocrx_word' id='word_1_193' title='bbox 1616 1501 1929 1553; x_wconf 85' lang='lat' dir='ltr'>benedictione,</span> <span class='ocrx_word' id='word_1_194' title='bbox 1966 1515 2056 1542; x_wconf 86' lang='lat' dir='ltr'>esse</span> 
     </span>
     <span class='ocr_line' id='line_1_21' title="bbox 218 1565 2056 1626; baseline -0.001 -18"><span class='ocrx_word' id='word_1_195' title='bbox 218 1568 484 1609; x_wconf 89' lang='lat' dir='ltr'>duraturum.</span> <span class='ocrx_word' id='word_1_196' title='bbox 511 1567 594 1620; x_wconf 86' lang='lat' dir='ltr'>Qui</span> <span class='ocrx_word' id='word_1_197' title='bbox 620 1568 793 1624; x_wconf 92' lang='lat' dir='ltr'>quidem</span> <span class='ocrx_word' id='word_1_198' title='bbox 818 1568 1009 1609; x_wconf 79' lang='lat' dir='ltr'>Minister</span> <span class='ocrx_word' id='word_1_199' title='bbox 1033 1568 1322 1626; x_wconf 81' lang='lat' dir='ltr'>gravissimam</span> <span class='ocrx_word' id='word_1_200' title='bbox 1348 1568 1604 1626; x_wconf 80' lang='lat' dir='ltr'>Apostolicae</span> <span class='ocrx_word' id='word_1_201' title='bbox 1625 1567 1722 1609; x_wconf 87' lang='lat' dir='ltr'>Sedi</span> <span class='ocrx_word' id='word_1_202' title='bbox 1740 1565 1922 1608; x_wconf 86' lang='lat' dir='ltr'>inferens</span> <span class='ocrx_word' id='word_1_203' title='bbox 1942 1566 2056 1621; x_wconf 75' lang='lat' dir='ltr'>inju—</span> 
     </span>
     <span class='ocr_line' id='line_1_22' title="bbox 217 1631 2058 1690; baseline -0.001 -17"><span class='ocrx_word' id='word_1_204' title='bbox 217 1632 323 1674; x_wconf 88' lang='lat' dir='ltr'>riam</span> <span class='ocrx_word' id='word_1_205' title='bbox 341 1632 456 1674; x_wconf 89' lang='lat' dir='ltr'>haud</span> <span class='ocrx_word' id='word_1_206' title='bbox 476 1633 670 1673; x_wconf 82' lang='lat' dir='ltr'>extimuit</span> <span class='ocrx_word' id='word_1_207' title='bbox 689 1648 926 1690; x_wconf 82' lang='lat' dir='ltr'>proponere</span> <span class='ocrx_word' id='word_1_208' title='bbox 951 1633 1115 1674; x_wconf 74' lang='lat' dir='ltr'>civilem</span> <span class='ocrx_word' id='word_1_209' title='bbox 1140 1634 1323 1674; x_wconf 83' lang='lat' dir='ltr'>Romani</span> <span class='ocrx_word' id='word_1_210' title='bbox 1349 1632 1564 1674; x_wconf 72' lang='lat' dir='ltr'>pontificis</span> <span class='ocrx_word' id='word_1_211' title='bbox 1583 1631 1871 1688; x_wconf 88' lang='lat' dir='ltr'>Principatum</span> <span class='ocrx_word' id='word_1_212' title='bbox 1896 1646 1919 1672; x_wconf 91' lang='lat' dir='ltr'>a</span> <span class='ocrx_word' id='word_1_213' title='bbox 1939 1631 2058 1688; x_wconf 87' lang='lat' dir='ltr'>spiri-</span> 
     </span>
     <span class='ocr_line' id='line_1_23' title="bbox 218 1694 2053 1755; baseline -0.002 -16"><span class='ocrx_word' id='word_1_214' title='bbox 218 1698 319 1739; x_wconf 86' lang='lat' dir='ltr'>tuali</span> <span class='ocrx_word' id='word_1_215' title='bbox 336 1697 521 1753; x_wconf 84' lang='lat' dir='ltr'>ejusdem</span> <span class='ocrx_word' id='word_1_216' title='bbox 545 1708 751 1754; x_wconf 83' lang='lat' dir='ltr'>potestate</span> <span class='ocrx_word' id='word_1_217' title='bbox 778 1698 953 1739; x_wconf 89' lang='lat' dir='ltr'>omnino</span> <span class='ocrx_word' id='word_1_218' title='bbox 975 1713 1060 1739; x_wconf 91' lang='lat' dir='ltr'>esse</span> <span class='ocrx_word' id='word_1_219' title='bbox 1078 1698 1375 1755; x_wconf 81' lang='lat' dir='ltr'>separandum,</span> <span class='ocrx_word' id='word_1_220' title='bbox 1396 1699 1536 1754; x_wconf 82' lang='lat' dir='ltr'>Atque</span> <span class='ocrx_word' id='word_1_221' title='bbox 1559 1697 1673 1739; x_wconf 86' lang='lat' dir='ltr'>idem</span> <span class='ocrx_word' id='word_1_222' title='bbox 1695 1697 1782 1753; x_wconf 90' lang='lat' dir='ltr'>ipse</span> <span class='ocrx_word' id='word_1_223' title='bbox 1802 1695 1916 1737; x_wconf 89' lang='lat' dir='ltr'>haud</span> <span class='ocrx_word' id='word_1_224' title='bbox 1940 1694 2053 1735; x_wconf 89' lang='lat' dir='ltr'>mul-</span> 
     </span>
     <span class='ocr_line' id='line_1_24' title="bbox 216 1758 2055 1820; baseline -0.002 -17"><span class='ocrx_word' id='word_1_225' title='bbox 216 1774 260 1804; x_wconf 91' lang='lat' dir='ltr'>to</span> <span class='ocrx_word' id='word_1_226' title='bbox 275 1773 371 1820; x_wconf 89' lang='lat' dir='ltr'>post</span> <span class='ocrx_word' id='word_1_227' title='bbox 388 1777 436 1802; x_wconf 91' lang='lat' dir='ltr'>ea</span> <span class='ocrx_word' id='word_1_228' title='bbox 454 1761 506 1802; x_wconf 86' lang='lat' dir='ltr'>de</span> <span class='ocrx_word' id='word_1_229' title='bbox 523 1762 659 1803; x_wconf 87' lang='lat' dir='ltr'>Nobis</span> <span class='ocrx_word' id='word_1_230' title='bbox 679 1763 820 1820; x_wconf 88' lang='lat' dir='ltr'>palam</span> <span class='ocrx_word' id='word_1_231' title='bbox 841 1777 1023 1804; x_wconf 87' lang='lat' dir='ltr'>asserere</span> <span class='ocrx_word' id='word_1_232' title='bbox 1045 1779 1133 1803; x_wconf 90' lang='lat' dir='ltr'>non</span> <span class='ocrx_word' id='word_1_233' title='bbox 1158 1762 1380 1812; x_wconf 73' lang='lat' dir='ltr'>dubitavit,</span> <span class='ocrx_word' id='word_1_234' title='bbox 1407 1764 1558 1819; x_wconf 82' lang='lat' dir='ltr'>quibus</span> <span class='ocrx_word' id='word_1_235' title='bbox 1577 1763 1796 1803; x_wconf 86' lang='lat' dir='ltr'>Summum</span> <span class='ocrx_word' id='word_1_236' title='bbox 1807 1758 2055 1802; x_wconf 85' lang='lat' dir='ltr'>Pontificem</span> 
     </span>
     <span class='ocr_line' id='line_1_25' title="bbox 218 1825 2058 1885; baseline -0.002 -16"><span class='ocrx_word' id='word_1_237' title='bbox 218 1828 269 1870; x_wconf 84' lang='lat' dir='ltr'>ab</span> <span class='ocrx_word' id='word_1_238' title='bbox 293 1826 467 1868; x_wconf 88' lang='lat' dir='ltr'>humani</span> <span class='ocrx_word' id='word_1_239' title='bbox 495 1827 660 1885; x_wconf 83' lang='lat' dir='ltr'>generis</span> <span class='ocrx_word' id='word_1_240' title='bbox 690 1827 905 1868; x_wconf 87' lang='lat' dir='ltr'>consortio</span> <span class='ocrx_word' id='word_1_241' title='bbox 935 1829 1101 1883; x_wconf 82' lang='lat' dir='ltr'>ejiceret</span> <span class='ocrx_word' id='word_1_242' title='bbox 1129 1826 1463 1885; x_wconf 86' lang='lat' dir='ltr'>quodammodo,</span> <span class='ocrx_word' id='word_1_243' title='bbox 1503 1838 1541 1868; x_wconf 88' lang='lat' dir='ltr'>et</span> <span class='ocrx_word' id='word_1_244' title='bbox 1570 1825 1830 1868; x_wconf 85' lang='lat' dir='ltr'>dissociaret.</span> <span class='ocrx_word' id='word_1_245' title='bbox 1856 1826 1994 1866; x_wconf 91' lang='lat' dir='ltr'>Justus</span> <span class='ocrx_word' id='word_1_246' title='bbox 2014 1835 2058 1865; x_wconf 85' lang='lat' dir='ltr'>et</span> 
     </span>
     <span class='ocr_line' id='line_1_26' title="bbox 218 1887 2056 1949; baseline -0.002 -16"><span class='ocrx_word' id='word_1_247' title='bbox 218 1891 452 1934; x_wconf 86' lang='lat' dir='ltr'>misericors</span> <span class='ocrx_word' id='word_1_248' title='bbox 473 1892 679 1933; x_wconf 89' lang='lat' dir='ltr'>Dominus</span> <span class='ocrx_word' id='word_1_249' title='bbox 698 1891 831 1933; x_wconf 85' lang='lat' dir='ltr'>voluit</span> <span class='ocrx_word' id='word_1_250' title='bbox 849 1892 937 1933; x_wconf 88' lang='lat' dir='ltr'>Nos</span> <span class='ocrx_word' id='word_1_251' title='bbox 955 1891 1175 1932; x_wconf 86' lang='lat' dir='ltr'>humiliare</span> <span class='ocrx_word' id='word_1_252' title='bbox 1200 1893 1275 1933; x_wconf 89' lang='lat' dir='ltr'>sub</span> <span class='ocrx_word' id='word_1_253' title='bbox 1305 1891 1469 1949; x_wconf 81' lang='lat' dir='ltr'>potenti</span> <span class='ocrx_word' id='word_1_254' title='bbox 1489 1907 1620 1932; x_wconf 87' lang='lat' dir='ltr'>manu</span> <span class='ocrx_word' id='word_1_255' title='bbox 1643 1892 1760 1946; x_wconf 84' lang='lat' dir='ltr'>Ejus,</span> <span class='ocrx_word' id='word_1_256' title='bbox 1785 1905 1881 1932; x_wconf 90' lang='lat' dir='ltr'>cum</span> <span class='ocrx_word' id='word_1_257' title='bbox 1899 1887 2056 1947; x_wconf 88' lang='lat' dir='ltr'>permi-</span> 
     </span>
     <span class='ocr_line' id='line_1_27' title="bbox 218 1954 2055 2015; baseline -0.001 -17"><span class='ocrx_word' id='word_1_258' title='bbox 218 1957 330 2007; x_wconf 89' lang='lat' dir='ltr'>serit,</span> <span class='ocrx_word' id='word_1_259' title='bbox 359 1968 405 1998; x_wconf 91' lang='grc'>111</span> <span class='ocrx_word' id='word_1_260' title='bbox 433 1956 574 2014; x_wconf 89' lang='lat' dir='ltr'>plures</span> <span class='ocrx_word' id='word_1_261' title='bbox 601 1972 678 2015; x_wconf 91' lang='lat' dir='ltr'>per</span> <span class='ocrx_word' id='word_1_262' title='bbox 708 1972 870 1998; x_wconf 89' lang='lat' dir='ltr'>menses</span> <span class='ocrx_word' id='word_1_263' title='bbox 902 1956 1054 1998; x_wconf 79' lang='lat' dir='ltr'>veritas</span> <span class='ocrx_word' id='word_1_264' title='bbox 1077 1973 1127 1997; x_wconf 81' lang='lat' dir='ltr'>ex</span> <span class='ocrx_word' id='word_1_265' title='bbox 1147 1973 1230 1998; x_wconf 90' lang='grc'>11113</span> <span class='ocrx_word' id='word_1_266' title='bbox 1260 1968 1394 2014; x_wconf 86' lang='lat' dir='ltr'>parte,</span> <span class='ocrx_word' id='word_1_267' title='bbox 1417 1956 1685 1997; x_wconf 89' lang='lat' dir='ltr'>mendacium</span> <span class='ocrx_word' id='word_1_268' title='bbox 1716 1971 1767 1996; x_wconf 83' lang='lat' dir='ltr'>ex</span> <span class='ocrx_word' id='word_1_269' title='bbox 1788 1954 1918 1996; x_wconf 89' lang='lat' dir='ltr'>altera</span> <span class='ocrx_word' id='word_1_270' title='bbox 1938 1969 2055 1996; x_wconf 89' lang='lat' dir='ltr'>acer—</span> 
     </span>
     <span class='ocr_line' id='line_1_28' title="bbox 218 2019 2055 2076; baseline -0.001 -14"><span class='ocrx_word' id='word_1_271' title='bbox 218 2023 324 2063; x_wconf 88' lang='lat' dir='ltr'>rimo</span> <span class='ocrx_word' id='word_1_272' title='bbox 349 2022 457 2063; x_wconf 90' lang='lat' dir='ltr'>inter</span> <span class='ocrx_word' id='word_1_273' title='bbox 485 2037 527 2063; x_wconf 91' lang='lat' dir='ltr'>se</span> <span class='ocrx_word' id='word_1_274' title='bbox 550 2021 800 2063; x_wconf 85' lang='lat' dir='ltr'>dimicarent</span> <span class='ocrx_word' id='word_1_275' title='bbox 827 2023 1073 2076; x_wconf 87' lang='lat' dir='ltr'>certamine,</span> <span class='ocrx_word' id='word_1_276' title='bbox 1106 2022 1172 2064; x_wconf 90' lang='grc'>6111</span> <span class='ocrx_word' id='word_1_277' title='bbox 1192 2021 1330 2063; x_wconf 84' lang='grc'>31111111</span> <span class='ocrx_word' id='word_1_278' title='bbox 1354 2021 1485 2063; x_wconf 90' lang='lat' dir='ltr'>finem</span> <span class='ocrx_word' id='word_1_279' title='bbox 1508 2021 1608 2062; x_wconf 67' lang='lat' dir='ltr'>novi</span> <span class='ocrx_word' id='word_1_280' title='bbox 1632 2020 1856 2063; x_wconf 81' lang='lat' dir='ltr'>Ministerii</span> <span class='ocrx_word' id='word_1_281' title='bbox 1888 2019 2055 2071; x_wconf 84' lang='lat' dir='ltr'>electio,</span> 
     </span>
     <span class='ocr_line' id='line_1_29' title="bbox 218 2084 2054 2146; baseline 0 -20"><span class='ocrx_word' id='word_1_282' title='bbox 218 2086 335 2142; x_wconf 86' lang='lat' dir='ltr'>quod</span> <span class='ocrx_word' id='word_1_283' title='bbox 354 2097 500 2144; x_wconf 89' lang='lat' dir='ltr'>postea</span> <span class='ocrx_word' id='word_1_284' title='bbox 524 2087 642 2128; x_wconf 88' lang='lat' dir='ltr'>alteri</span> <span class='ocrx_word' id='word_1_285' title='bbox 659 2088 801 2129; x_wconf 90' lang='grc'>10611111</span> <span class='ocrx_word' id='word_1_286' title='bbox 819 2089 956 2138; x_wconf 88' lang='lat' dir='ltr'>cessit,</span> <span class='ocrx_word' id='word_1_287' title='bbox 981 2087 1024 2128; x_wconf 92' lang='lat' dir='ltr'>in</span> <span class='ocrx_word' id='word_1_288' title='bbox 1049 2104 1133 2145; x_wconf 90' lang='lat' dir='ltr'>quo</span> <span class='ocrx_word' id='word_1_289' title='bbox 1158 2086 1315 2146; x_wconf 82' lang='lat' dir='ltr'>ingenii</span> <span class='ocrx_word' id='word_1_290' title='bbox 1330 2087 1420 2128; x_wconf 89' lang='grc'>13115</span> <span class='ocrx_word' id='word_1_291' title='bbox 1443 2103 1540 2128; x_wconf 87' lang='grc'>611111</span> <span class='ocrx_word' id='word_1_292' title='bbox 1558 2085 1759 2145; x_wconf 87' lang='lat' dir='ltr'>peculiari</span> <span class='ocrx_word' id='word_1_293' title='bbox 1782 2096 1873 2126; x_wconf 90' lang='lat' dir='ltr'>tum</span> <span class='ocrx_word' id='word_1_294' title='bbox 1894 2084 2054 2142; x_wconf 90' lang='lat' dir='ltr'>publici</span> 
     </span>
     <span class='ocr_line' id='line_1_30' title="bbox 218 2149 2056 2209; baseline -0.001 -17"><span class='ocrx_word' id='word_1_295' title='bbox 218 2150 389 2192; x_wconf 88' lang='lat' dir='ltr'>Ordinis</span> <span class='ocrx_word' id='word_1_296' title='bbox 411 2151 594 2201; x_wconf 89' lang='lat' dir='ltr'>tutandi,</span> <span class='ocrx_word' id='word_1_297' title='bbox 615 2163 705 2193; x_wconf 85' lang='lat' dir='ltr'>tum</span> <span class='ocrx_word' id='word_1_298' title='bbox 734 2153 876 2209; x_wconf 80' lang='lat' dir='ltr'>legum</span> <span class='ocrx_word' id='word_1_299' title='bbox 897 2152 1257 2193; x_wconf 83' lang='lat' dir='ltr'>observandarum</span> <span class='ocrx_word' id='word_1_300' title='bbox 1277 2152 1416 2193; x_wconf 88' lang='lat' dir='ltr'>studio</span> <span class='ocrx_word' id='word_1_301' title='bbox 1439 2163 1527 2194; x_wconf 87' lang='lat' dir='ltr'>erat</span> <span class='ocrx_word' id='word_1_302' title='bbox 1549 2153 1791 2208; x_wconf 79' lang='lat' dir='ltr'>conjuncta.</span> <span class='ocrx_word' id='word_1_303' title='bbox 1811 2150 1972 2191; x_wconf 90' lang='lat' dir='ltr'>Verum</span> <span class='ocrx_word' id='word_1_304' title='bbox 1994 2149 2056 2190; x_wconf 89' lang='lat' dir='ltr'>ef-</span> 
     </span>
     <span class='ocr_line' id='line_1_31' title="bbox 220 2213 2054 2274; baseline -0.001 -17"><span class='ocrx_word' id='word_1_305' title='bbox 220 2216 394 2257; x_wconf 84' lang='lat' dir='ltr'>fraenata</span> <span class='ocrx_word' id='word_1_306' title='bbox 429 2232 653 2273; x_wconf 75' lang='lat' dir='ltr'>pravarum</span> <span class='ocrx_word' id='word_1_307' title='bbox 671 2217 948 2274; x_wconf 89' lang='lat' dir='ltr'>cupiditatum</span> <span class='ocrx_word' id='word_1_308' title='bbox 970 2217 1155 2267; x_wconf 88' lang='lat' dir='ltr'>licentia,</span> <span class='ocrx_word' id='word_1_309' title='bbox 1183 2229 1224 2258; x_wconf 90' lang='lat' dir='ltr'>et</span> <span class='ocrx_word' id='word_1_310' title='bbox 1244 2217 1418 2258; x_wconf 90' lang='lat' dir='ltr'>audacia</span> <span class='ocrx_word' id='word_1_311' title='bbox 1445 2216 1489 2258; x_wconf 92' lang='lat' dir='ltr'>in</span> <span class='ocrx_word' id='word_1_312' title='bbox 1520 2217 1606 2258; x_wconf 91' lang='lat' dir='ltr'>dies</span> <span class='ocrx_word' id='word_1_313' title='bbox 1629 2226 1754 2273; x_wconf 86' lang='lat' dir='ltr'>caput</span> <span class='ocrx_word' id='word_1_314' title='bbox 1775 2215 1897 2256; x_wconf 88' lang='lat' dir='ltr'>altius</span> <span class='ocrx_word' id='word_1_315' title='bbox 1917 2213 2054 2256; x_wconf 86' lang='lat' dir='ltr'>extol·</span> 
     </span>
     <span class='ocr_line' id='line_1_32' title="bbox 220 2279 2059 2339; baseline 0 -19"><span class='ocrx_word' id='word_1_316' title='bbox 220 2280 309 2321; x_wconf 88' lang='lat' dir='ltr'>lens</span> <span class='ocrx_word' id='word_1_317' title='bbox 334 2280 459 2336; x_wconf 80' lang='lat' dir='ltr'>longe</span> <span class='ocrx_word' id='word_1_318' title='bbox 481 2282 760 2338; x_wconf 83' lang='lat' dir='ltr'>grassabatur,</span> <span class='ocrx_word' id='word_1_319' title='bbox 792 2298 839 2323; x_wconf 91' lang='lat' dir='ltr'>ac</span> <span class='ocrx_word' id='word_1_320' title='bbox 861 2283 939 2323; x_wconf 90' lang='lat' dir='ltr'>Dei</span> <span class='ocrx_word' id='word_1_321' title='bbox 967 2283 1273 2339; x_wconf 86' lang='lat' dir='ltr'>hominumque</span> <span class='ocrx_word' id='word_1_322' title='bbox 1297 2282 1437 2323; x_wconf 87' lang='lat' dir='ltr'>hostes</span> <span class='ocrx_word' id='word_1_323' title='bbox 1472 2281 1686 2332; x_wconf 87' lang='lat' dir='ltr'>diuturna,</span> <span class='ocrx_word' id='word_1_324' title='bbox 1714 2295 1761 2322; x_wconf 92' lang='lat' dir='ltr'>ac</span> <span class='ocrx_word' id='word_1_325' title='bbox 1787 2296 1895 2322; x_wconf 81' lang='lat' dir='ltr'>saeva</span> <span class='ocrx_word' id='word_1_326' title='bbox 1921 2279 2059 2321; x_wconf 89' lang='lat' dir='ltr'>domi-</span> 
     </span>
     <span class='ocr_line' id='line_1_33' title="bbox 220 2344 2058 2403; baseline -0.001 -17"><span class='ocrx_word' id='word_1_327' title='bbox 220 2344 365 2395; x_wconf 84' lang='lat' dir='ltr'>nandi,</span> <span class='ocrx_word' id='word_1_328' title='bbox 399 2344 642 2402; x_wconf 87' lang='lat' dir='ltr'>diripiendi,</span> <span class='ocrx_word' id='word_1_329' title='bbox 672 2361 719 2388; x_wconf 90' lang='lat' dir='ltr'>ac</span> <span class='ocrx_word' id='word_1_330' title='bbox 756 2346 998 2388; x_wconf 88' lang='lat' dir='ltr'>destruendi</span> <span class='ocrx_word' id='word_1_331' title='bbox 1027 2347 1092 2388; x_wconf 90' lang='lat' dir='ltr'>siti</span> <span class='ocrx_word' id='word_1_332' title='bbox 1123 2346 1281 2388; x_wconf 89' lang='lat' dir='ltr'>incensi</span> <span class='ocrx_word' id='word_1_333' title='bbox 1307 2347 1411 2388; x_wconf 87' lang='grc'>1111111</span> <span class='ocrx_word' id='word_1_334' title='bbox 1437 2349 1526 2403; x_wconf 85' lang='lat' dir='ltr'>jam</span> <span class='ocrx_word' id='word_1_335' title='bbox 1546 2345 1659 2386; x_wconf 89' lang='lat' dir='ltr'>aliud</span> <span class='ocrx_word' id='word_1_336' title='bbox 1679 2345 1902 2402; x_wconf 88' lang='lat' dir='ltr'>optabant,</span> <span class='ocrx_word' id='word_1_337' title='bbox 1929 2359 2058 2402; x_wconf 87' lang='lat' dir='ltr'>quam</span> 
     </span>
     <span class='ocr_line' id='line_1_34' title="bbox 216 2410 2054 2468; baseline -0.001 -17"><span class='ocrx_word' id='word_1_338' title='bbox 216 2412 310 2466; x_wconf 83' lang='lat' dir='ltr'>jura</span> <span class='ocrx_word' id='word_1_339' title='bbox 330 2426 505 2468; x_wconf 82' lang='lat' dir='ltr'>quaeque</span> <span class='ocrx_word' id='word_1_340' title='bbox 524 2411 663 2453; x_wconf 88' lang='lat' dir='ltr'>divina</span> <span class='ocrx_word' id='word_1_341' title='bbox 681 2424 722 2454; x_wconf 92' lang='lat' dir='ltr'>et</span> <span class='ocrx_word' id='word_1_342' title='bbox 735 2414 919 2455; x_wconf 89' lang='lat' dir='ltr'>humana</span> <span class='ocrx_word' id='word_1_343' title='bbox 940 2414 1195 2459; x_wconf 74' lang='lat' dir='ltr'>subvertere,</span> <span class='ocrx_word' id='word_1_344' title='bbox 1220 2425 1266 2455; x_wconf 90' lang='lat' dir='ltr'>ut</span> <span class='ocrx_word' id='word_1_345' title='bbox 1288 2428 1436 2454; x_wconf 91' lang='lat' dir='ltr'>eorum</span> <span class='ocrx_word' id='word_1_346' title='bbox 1459 2411 1663 2452; x_wconf 87' lang='lat' dir='ltr'>desideria</span> <span class='ocrx_word' id='word_1_347' title='bbox 1680 2421 1850 2468; x_wconf 84' lang='lat' dir='ltr'>possent</span> <span class='ocrx_word' id='word_1_348' title='bbox 1870 2410 2054 2468; x_wconf 85' lang='lat' dir='ltr'>explere.</span> 
     </span>
     <span class='ocr_line' id='line_1_35' title="bbox 219 2473 2057 2537; baseline 0 -22"><span class='ocrx_word' id='word_1_349' title='bbox 219 2475 330 2516; x_wconf 90' lang='lat' dir='ltr'>Hinc</span> <span class='ocrx_word' id='word_1_350' title='bbox 368 2475 698 2519; x_wconf 84' lang='lat' dir='ltr'>machinationes</span> <span class='ocrx_word' id='word_1_351' title='bbox 725 2478 887 2533; x_wconf 83' lang='lat' dir='ltr'>jamdiu</span> <span class='ocrx_word' id='word_1_352' title='bbox 914 2490 1162 2537; x_wconf 77' lang='lat' dir='ltr'>comparatae</span> <span class='ocrx_word' id='word_1_353' title='bbox 1184 2478 1338 2536; x_wconf 89' lang='lat' dir='ltr'>palam,</span> <span class='ocrx_word' id='word_1_354' title='bbox 1379 2476 1627 2534; x_wconf 90' lang='lat' dir='ltr'>publiceque</span> <span class='ocrx_word' id='word_1_355' title='bbox 1660 2475 1884 2526; x_wconf 90' lang='lat' dir='ltr'>emicuere,</span> <span class='ocrx_word' id='word_1_356' title='bbox 1921 2485 1962 2516; x_wconf 91' lang='lat' dir='ltr'>et</span> <span class='ocrx_word' id='word_1_357' title='bbox 1982 2473 2057 2516; x_wconf 85' lang='lat' dir='ltr'>viae</span> 
     </span>
     <span class='ocr_line' id='line_1_36' title="bbox 219 2539 2058 2601; baseline -0.001 -20"><span class='ocrx_word' id='word_1_358' title='bbox 219 2540 406 2581; x_wconf 88' lang='lat' dir='ltr'>humano</span> <span class='ocrx_word' id='word_1_359' title='bbox 427 2541 626 2599; x_wconf 81' lang='lat' dir='ltr'>sanguine</span> <span class='ocrx_word' id='word_1_360' title='bbox 642 2558 856 2601; x_wconf 75' lang='lat' dir='ltr'>respersae,</span> <span class='ocrx_word' id='word_1_361' title='bbox 882 2554 924 2585; x_wconf 85' lang='lat' dir='ltr'>et</span> <span class='ocrx_word' id='word_1_362' title='bbox 943 2542 1155 2601; x_wconf 84' lang='lat' dir='ltr'>sacrilegia</span> <span class='ocrx_word' id='word_1_363' title='bbox 1172 2557 1404 2600; x_wconf 89' lang='lat' dir='ltr'>numquam</span> <span class='ocrx_word' id='word_1_364' title='bbox 1421 2540 1517 2582; x_wconf 90' lang='lat' dir='ltr'>satis</span> <span class='ocrx_word' id='word_1_365' title='bbox 1536 2540 1798 2597; x_wconf 87' lang='lat' dir='ltr'>deploranda</span> <span class='ocrx_word' id='word_1_366' title='bbox 1814 2539 2058 2591; x_wconf 88' lang='lat' dir='ltr'>commissa,</span> 
     </span>
     <span class='ocr_line' id='line_1_37' title="bbox 222 2604 2056 2666; baseline 0 -20"><span class='ocrx_word' id='word_1_367' title='bbox 222 2616 263 2646; x_wconf 87' lang='lat' dir='ltr'>et</span> <span class='ocrx_word' id='word_1_368' title='bbox 282 2604 470 2647; x_wconf 88' lang='lat' dir='ltr'>inaudita</span> <span class='ocrx_word' id='word_1_369' title='bbox 486 2622 656 2663; x_wconf 88' lang='lat' dir='ltr'>prorsus</span> <span class='ocrx_word' id='word_1_370' title='bbox 675 2608 876 2649; x_wconf 86' lang='lat' dir='ltr'>violentia</span> <span class='ocrx_word' id='word_1_371' title='bbox 900 2608 943 2649; x_wconf 91' lang='lat' dir='ltr'>in</span> <span class='ocrx_word' id='word_1_372' title='bbox 964 2607 1115 2650; x_wconf 86' lang='lat' dir='ltr'>nostris</span> <span class='ocrx_word' id='word_1_373' title='bbox 1133 2608 1232 2666; x_wconf 88' lang='lat' dir='ltr'>ipsis</span> <span class='ocrx_word' id='word_1_374' title='bbox 1262 2605 1548 2661; x_wconf 86' lang='lat' dir='ltr'>Quirinalibus</span> <span class='ocrx_word' id='word_1_375' title='bbox 1568 2605 1728 2648; x_wconf 81' lang='lat' dir='ltr'>aedibus</span> <span class='ocrx_word' id='word_1_376' title='bbox 1753 2605 1932 2647; x_wconf 89' lang='lat' dir='ltr'>infando</span> <span class='ocrx_word' id='word_1_377' title='bbox 1956 2620 2056 2647; x_wconf 86' lang='lat' dir='ltr'>ausu</span> 
     </span>
     <span class='ocr_line' id='line_1_38' title="bbox 219 2670 505 2713; baseline 0.003 -1"><span class='ocrx_word' id='word_1_378' title='bbox 219 2670 354 2712; x_wconf 90' lang='lat' dir='ltr'>Nobis</span> <span class='ocrx_word' id='word_1_379' title='bbox 377 2670 505 2713; x_wconf 86' lang='lat' dir='ltr'>illata.</span> 
     </span>
    </p>

    <p class='ocr_par' dir='ltr' id='par_1_4' title="bbox 223 2734 2057 3314">
     <span class='ocr_line' id='line_1_39' title="bbox 242 2734 2057 2796; baseline 0 -20"><span class='ocrx_word' id='word_1_380' title='bbox 242 2738 248 2740; x_wconf 64' lang='grc'><em>’</em></span> <span class='ocrx_word' id='word_1_381' title='bbox 280 2736 486 2788; x_wconf 86' lang='lat' dir='ltr'>Quocirca</span> <span class='ocrx_word' id='word_1_382' title='bbox 506 2738 633 2778; x_wconf 87' lang='lat' dir='ltr'>tantis</span> <span class='ocrx_word' id='word_1_383' title='bbox 657 2738 844 2795; x_wconf 91' lang='lat' dir='ltr'>oppressi</span> <span class='ocrx_word' id='word_1_384' title='bbox 871 2738 1070 2796; x_wconf 84' lang='lat' dir='ltr'>angustiis</span> <span class='ocrx_word' id='word_1_385' title='bbox 1098 2754 1194 2780; x_wconf 90' lang='lat' dir='ltr'>cum</span> <span class='ocrx_word' id='word_1_386' title='bbox 1220 2753 1271 2778; x_wconf 91' lang='lat' dir='ltr'>ne</span> <span class='ocrx_word' id='word_1_387' title='bbox 1302 2736 1404 2778; x_wconf 91' lang='lat' dir='ltr'>dum</span> <span class='ocrx_word' id='word_1_388' title='bbox 1422 2735 1642 2794; x_wconf 89' lang='lat' dir='ltr'>Principis,</span> <span class='ocrx_word' id='word_1_389' title='bbox 1664 2736 1739 2778; x_wconf 90' lang='lat' dir='ltr'>sed</span> <span class='ocrx_word' id='word_1_390' title='bbox 1761 2751 1815 2778; x_wconf 89' lang='lat' dir='ltr'>ne</span> <span class='ocrx_word' id='word_1_391' title='bbox 1844 2734 2057 2777; x_wconf 82' lang='lat' dir='ltr'>Pontificis</span> 
     </span>
     <span class='ocr_line' id='line_1_40' title="bbox 224 2799 2054 2860; baseline -0.001 -19"><span class='ocrx_word' id='word_1_392' title='bbox 224 2800 398 2857; x_wconf 91' lang='lat' dir='ltr'>quidem</span> <span class='ocrx_word' id='word_1_393' title='bbox 415 2812 554 2858; x_wconf 90' lang='lat' dir='ltr'>partes</span> <span class='ocrx_word' id='word_1_394' title='bbox 573 2801 703 2843; x_wconf 89' lang='lat' dir='ltr'>libere</span> <span class='ocrx_word' id='word_1_395' title='bbox 725 2802 841 2844; x_wconf 90' lang='lat' dir='ltr'>obire</span> <span class='ocrx_word' id='word_1_396' title='bbox 855 2818 1089 2860; x_wconf 87' lang='lat' dir='ltr'>possemus,</span> <span class='ocrx_word' id='word_1_397' title='bbox 1115 2818 1201 2843; x_wconf 91' lang='grc'>11011</span> <span class='ocrx_word' id='word_1_398' title='bbox 1224 2803 1313 2843; x_wconf 87' lang='grc'>51116</span> <span class='ocrx_word' id='word_1_399' title='bbox 1329 2800 1514 2842; x_wconf 83' lang='lat' dir='ltr'>maxima</span> <span class='ocrx_word' id='word_1_400' title='bbox 1535 2800 1664 2842; x_wconf 88' lang='lat' dir='ltr'>animi</span> <span class='ocrx_word' id='word_1_401' title='bbox 1684 2802 1828 2843; x_wconf 73' lang='lat' dir='ltr'>‘Nostri</span> <span class='ocrx_word' id='word_1_402' title='bbox 1851 2799 2054 2842; x_wconf 88' lang='lat' dir='ltr'>amaritu-</span> 
     </span>
     <span class='ocr_line' id='line_1_41' title="bbox 223 2863 2055 2923; baseline -0.001 -17"><span class='ocrx_word' id='word_1_403' title='bbox 223 2865 320 2906; x_wconf 83' lang='lat' dir='ltr'>dine</span> <span class='ocrx_word' id='word_1_404' title='bbox 341 2882 363 2907; x_wconf 91' lang='lat' dir='ltr'>a</span> <span class='ocrx_word' id='word_1_405' title='bbox 386 2865 493 2907; x_wconf 89' lang='lat' dir='ltr'>Sede</span> <span class='ocrx_word' id='word_1_406' title='bbox 512 2867 669 2907; x_wconf 90' lang='lat' dir='ltr'>Nostra</span> <span class='ocrx_word' id='word_1_407' title='bbox 699 2867 910 2908; x_wconf 90' lang='lat' dir='ltr'>discedere</span> <span class='ocrx_word' id='word_1_408' title='bbox 941 2867 1179 2909; x_wconf 87' lang='lat' dir='ltr'>debuimus.</span> <span class='ocrx_word' id='word_1_409' title='bbox 1213 2867 1315 2919; x_wconf 87' lang='lat' dir='ltr'>Quae</span> <span class='ocrx_word' id='word_1_410' title='bbox 1339 2866 1644 2908; x_wconf 88' lang='lat' dir='ltr'>luctuosissima</span> <span class='ocrx_word' id='word_1_411' title='bbox 1672 2867 1781 2909; x_wconf 89' lang='lat' dir='ltr'>facta</span> <span class='ocrx_word' id='word_1_412' title='bbox 1813 2866 1856 2907; x_wconf 90' lang='lat' dir='ltr'>in</span> <span class='ocrx_word' id='word_1_413' title='bbox 1878 2863 2055 2923; x_wconf 89' lang='lat' dir='ltr'>publicis</span> 
     </span>
     <span class='ocr_line' id='line_1_42' title="bbox 223 2930 2055 2990; baseline -0.002 -18"><span class='ocrx_word' id='word_1_414' title='bbox 223 2930 386 2972; x_wconf 85' lang='lat' dir='ltr'>Nostris</span> <span class='ocrx_word' id='word_1_415' title='bbox 408 2932 784 2989; x_wconf 88' lang='lat' dir='ltr'>protestationibus</span> <span class='ocrx_word' id='word_1_416' title='bbox 813 2943 1004 2973; x_wconf 89' lang='lat' dir='ltr'>enarrata</span> <span class='ocrx_word' id='word_1_417' title='bbox 1031 2933 1112 2973; x_wconf 90' lang='grc'>1106</span> <span class='ocrx_word' id='word_1_418' title='bbox 1143 2932 1237 2973; x_wconf 94' lang='grc'>1060</span> <span class='ocrx_word' id='word_1_419' title='bbox 1266 2931 1418 2973; x_wconf 89' lang='lat' dir='ltr'>iterum</span> <span class='ocrx_word' id='word_1_420' title='bbox 1445 2947 1664 2973; x_wconf 89' lang='lat' dir='ltr'>recensere</span> <span class='ocrx_word' id='word_1_421' title='bbox 1690 2930 1968 2990; x_wconf 75' lang='lat' dir='ltr'>praeterimus,</span> <span class='ocrx_word' id='word_1_422' title='bbox 2001 2943 2055 2970; x_wconf 89' lang='lat' dir='ltr'>ne</span> 
     </span>
     <span class='ocr_line' id='line_1_43' title="bbox 225 2994 2053 3038; baseline -0.002 -2"><span class='ocrx_word' id='word_1_423' title='bbox 225 2995 387 3037; x_wconf 83' lang='lat' dir='ltr'>funesta</span> <span class='ocrx_word' id='word_1_424' title='bbox 412 2995 583 3038; x_wconf 86' lang='lat' dir='ltr'>illorum</span> <span class='ocrx_word' id='word_1_425' title='bbox 603 2996 895 3038; x_wconf 86' lang='lat' dir='ltr'>recordatione</span> <span class='ocrx_word' id='word_1_426' title='bbox 921 2995 1158 3038; x_wconf 81' lang='lat' dir='ltr'>communis</span> <span class='ocrx_word' id='word_1_427' title='bbox 1193 3007 1338 3038; x_wconf 89' lang='lat' dir='ltr'>noster</span> <span class='ocrx_word' id='word_1_428' title='bbox 1367 2996 1634 3038; x_wconf 86' lang='lat' dir='ltr'>recrudescat</span> <span class='ocrx_word' id='word_1_429' title='bbox 1661 2996 1799 3038; x_wconf 83' lang='lat' dir='ltr'>dolor.</span> <span class='ocrx_word' id='word_1_430' title='bbox 1835 2994 1920 3035; x_wconf 89' lang='lat' dir='ltr'>Ubi</span> <span class='ocrx_word' id='word_1_431' title='bbox 1956 3007 2053 3035; x_wconf 85' lang='lat' dir='ltr'>vero</span> 
     </span>
     <span class='ocr_line' id='line_1_44' title="bbox 227 3056 2051 3119; baseline -0.002 -18"><span class='ocrx_word' id='word_1_432' title='bbox 227 3060 412 3103; x_wconf 88' lang='lat' dir='ltr'>seditiosi</span> <span class='ocrx_word' id='word_1_433' title='bbox 435 3061 628 3102; x_wconf 90' lang='lat' dir='ltr'>homines</span> <span class='ocrx_word' id='word_1_434' title='bbox 651 3061 690 3101; x_wconf 91' lang='lat' dir='ltr'>N</span> <span class='ocrx_word' id='word_1_435' title='bbox 694 3071 824 3102; x_wconf 88' lang='lat' dir='ltr'>ostras</span> <span class='ocrx_word' id='word_1_436' title='bbox 846 3061 939 3102; x_wconf 90' lang='lat' dir='ltr'>illas</span> <span class='ocrx_word' id='word_1_437' title='bbox 961 3072 1169 3102; x_wconf 83' lang='lat' dir='ltr'>noverunt</span> <span class='ocrx_word' id='word_1_438' title='bbox 1185 3061 1507 3119; x_wconf 87' lang='lat' dir='ltr'>protestationes</span> <span class='ocrx_word' id='word_1_439' title='bbox 1533 3063 1690 3117; x_wconf 84' lang='lat' dir='ltr'>majore</span> <span class='ocrx_word' id='word_1_440' title='bbox 1712 3061 1896 3101; x_wconf 88' lang='lat' dir='ltr'>furentes</span> <span class='ocrx_word' id='word_1_441' title='bbox 1919 3056 2051 3098; x_wconf 89' lang='lat' dir='ltr'>auda-</span> 
     </span>
     <span class='ocr_line' id='line_1_45' title="bbox 226 3122 2055 3184; baseline -0.002 -18"><span class='ocrx_word' id='word_1_442' title='bbox 226 3125 303 3175; x_wconf 86' lang='lat' dir='ltr'>cia,</span> <span class='ocrx_word' id='word_1_443' title='bbox 331 3137 373 3167; x_wconf 92' lang='lat' dir='ltr'>et</span> <span class='ocrx_word' id='word_1_444' title='bbox 389 3125 529 3167; x_wconf 88' lang='lat' dir='ltr'>omnia</span> <span class='ocrx_word' id='word_1_445' title='bbox 552 3125 745 3167; x_wconf 89' lang='lat' dir='ltr'>omnibus</span> <span class='ocrx_word' id='word_1_446' title='bbox 762 3126 1018 3176; x_wconf 87' lang='lat' dir='ltr'>minitantes,</span> <span class='ocrx_word' id='word_1_447' title='bbox 1043 3126 1147 3167; x_wconf 89' lang='lat' dir='ltr'>nulli</span> <span class='ocrx_word' id='word_1_448' title='bbox 1165 3142 1301 3183; x_wconf 90' lang='lat' dir='ltr'>neque</span> <span class='ocrx_word' id='word_1_449' title='bbox 1325 3127 1497 3177; x_wconf 84' lang='lat' dir='ltr'>fraudis,</span> <span class='ocrx_word' id='word_1_450' title='bbox 1521 3142 1657 3184; x_wconf 89' lang='lat' dir='ltr'>neque</span> <span class='ocrx_word' id='word_1_451' title='bbox 1682 3125 1784 3179; x_wconf 79' lang='lat' dir='ltr'>doli,</span> <span class='ocrx_word' id='word_1_452' title='bbox 1808 3137 1945 3180; x_wconf 88' lang='lat' dir='ltr'>neque</span> <span class='ocrx_word' id='word_1_453' title='bbox 1963 3122 2055 3163; x_wconf 89' lang='lat' dir='ltr'>vio-</span> 
     </span>
     <span class='ocr_line' id='line_1_46' title="bbox 226 3188 2052 3250; baseline -0.001 -22"><span class='ocrx_word' id='word_1_454' title='bbox 226 3189 360 3232; x_wconf 79' lang='lat' dir='ltr'>lentiae</span> <span class='ocrx_word' id='word_1_455' title='bbox 384 3190 527 3249; x_wconf 84' lang='lat' dir='ltr'>generi</span> <span class='ocrx_word' id='word_1_456' title='bbox 553 3202 850 3249; x_wconf 89' lang='lat' dir='ltr'>pepercerunt,</span> <span class='ocrx_word' id='word_1_457' title='bbox 868 3202 916 3233; x_wconf 90' lang='lat' dir='ltr'>ut</span> <span class='ocrx_word' id='word_1_458' title='bbox 936 3192 1058 3232; x_wconf 86' lang='lat' dir='ltr'>bonis</span> <span class='ocrx_word' id='word_1_459' title='bbox 1084 3191 1280 3233; x_wconf 91' lang='lat' dir='ltr'>omnibus</span> <span class='ocrx_word' id='word_1_460' title='bbox 1304 3192 1390 3247; x_wconf 87' lang='lat' dir='ltr'>jam</span> <span class='ocrx_word' id='word_1_461' title='bbox 1414 3207 1569 3250; x_wconf 85' lang='lat' dir='ltr'>pavore</span> <span class='ocrx_word' id='word_1_462' title='bbox 1600 3188 1817 3249; x_wconf 80' lang='lat' dir='ltr'>prostratis</span> <span class='ocrx_word' id='word_1_463' title='bbox 1843 3189 2052 3244; x_wconf 86' lang='lat' dir='ltr'>majorem</span> 
     </span>
     <span class='ocr_line' id='line_1_47' title="bbox 227 3251 2049 3314; baseline -0.002 -19"><span class='ocrx_word' id='word_1_464' title='bbox 227 3270 359 3312; x_wconf 87' lang='lat' dir='ltr'>usque</span> <span class='ocrx_word' id='word_1_465' title='bbox 382 3267 586 3298; x_wconf 88' lang='lat' dir='ltr'>terrorem</span> <span class='ocrx_word' id='word_1_466' title='bbox 616 3256 847 3312; x_wconf 85' lang='lat' dir='ltr'>injicerent.</span> <span class='ocrx_word' id='word_1_467' title='bbox 882 3258 943 3299; x_wconf 87' lang='lat' dir='ltr'>Ac</span> <span class='ocrx_word' id='word_1_468' title='bbox 975 3268 1201 3314; x_wconf 80' lang='lat' dir='ltr'>postquam</span> <span class='ocrx_word' id='word_1_469' title='bbox 1230 3273 1383 3298; x_wconf 66' lang='lat' dir='ltr'>novam</span> <span class='ocrx_word' id='word_1_470' title='bbox 1411 3256 1524 3297; x_wconf 86' lang='lat' dir='ltr'>illam</span> <span class='ocrx_word' id='word_1_471' title='bbox 1549 3254 1752 3297; x_wconf 89' lang='lat' dir='ltr'>Gubernii</span> <span class='ocrx_word' id='word_1_472' title='bbox 1783 3253 1961 3294; x_wconf 87' lang='lat' dir='ltr'>formam</span> <span class='ocrx_word' id='word_1_473' title='bbox 1996 3251 2049 3292; x_wconf 89' lang='lat' dir='ltr'>ab</span> 
     </span>
    </p>
   </div>
  </div>
 </body>
</html>
