2135 3442
129 154 205 190 566
500 153 686 190 THESES
720 153 788 188 AD
818 152 1160 190 APOSTOLICAM
1183 151 1343 188 SEDEM
1372 152 1592 207 DELATAE..

180 244 246 279 20.
280 241 457 278 Ecclesiae
493 241 595 293 leges
626 257 701 281 non
733 241 902 293 obligant
931 241 970 278 in
1001 239 1233 278 conscientia
1260 239 1331 277 nisi
1364 253 1451 277 cum
1491 240 1784 291 promulgantur
1813 255 1834 280 a
1865 243 1968 281 civili

128 307 329 350 potestate.

251 376 397 406 Haeretica
404 402 410 407 .

183 469 246 503 21.
281 466 375 503 Cum
398 465 633 504 necessitatis
652 475 716 503 aut
736 479 881 516 magnae
897 464 1071 503 utilitatis
1089 477 1197 502 casus
1213 477 1293 501 sese
1314 462 1496 510 offerunt,
1519 462 1558 500 in
1578 462 1717 514 quibus
1738 472 1963 516 potestatem

129 537 235 561 suam
252 527 449 562 Romanus
470 524 646 563 Pontifex
664 538 845 562 exercere
868 524 981 561 debet
1000 538 1070 576 per
1090 532 1209 571 actus,
1229 522 1295 573 qui
1315 523 1389 560 sint
1403 530 1511 559 extra
1531 531 1596 560 aut
1615 537 1730 574 supra
1747 537 1913 562 canones
1931 525 1968 561 in

128 584 306 621 universa
334 584 501 622 Ecclesia
534 584 729 635 vigentes,
767 584 885 635 ipsius
914 596 992 621 non
1025 592 1080 620 est
1107 582 1329 630 decernere,
1362 590 1490 620 utrum
1515 583 1701 630 ejusmodi
1726 596 1833 621 casus
1862 583 1967 622 exis-

128 651 206 679 tant
222 655 292 680 nec
311 656 374 681 ne.

251 719 417 749 Detrahens
432 719 574 759 potestati
589 719 703 749 Summi
717 719 884 753 Pontificis,
901 719 998 748 eidem
1012 718 1159 757 injuriosa
1174 727 1203 748 et
1219 720 1256 747 ad
1277 719 1376 748 minus
1395 719 1540 750 erronea.

182 811 247 845 22.
279 808 339 844 Ad
359 811 576 845 Romanum
601 807 823 845 Pontificem
860 821 937 845 non
965 816 1108 859 spectat
1137 816 1318 854 statuere,
1348 817 1475 845 utrum
1500 821 1589 845 usus
1615 816 1652 845 et
1671 808 1964 847 consuetudines

129 865 383 904 Ecclesiarurn
412 866 702 918 particularium
723 865 888 904 debeant
908 880 1028 903 necne
1047 867 1283 904 conservari.

252 944 434 983 Temeraria,
448 943 602 983 potestatis
622 943 752 972 Romani
770 943 927 973 Pontificis
942 943 1042 972 laesiva
1057 950 1085 971 et
1102 942 1240 982 proxima
1255 943 1367 974 haeresi.

182 1035 246 1072 ⁶23.
279 1034 390 1072 Nulla
424 1034 677 1072 ecclesiastica
706 1042 886 1085 potestas,
933 1046 1058 1084 neque
1094 1034 1175 1085 ipse
1215 1036 1391 1071 Summus
1425 1034 1600 1070 Pontifex
1642 1042 1706 1070 aut
1747 1033 1955 1072 Concilium

128 1094 403 1131 oecumenicum
444 1101 569 1144 potest
617 1092 1019 1131 excommunicationis
1066 1093 1289 1130 sententiam
1334 1092 1432 1129 serre
1481 1092 1521 1129 in
1570 1106 1791 1143 supremum
1834 1092 1961 1145 impc-

132 1161 293 1190 rantem.

253 1228 414 1258 Haeretica.

182 1320 245 1355 24.
276 1318 493 1356 Auctoritas
527 1317 734 1370 spiritualis
772 1317 938 1355 Romani
980 1317 1171 1354 Pontificis
1209 1326 1265 1355 est
1303 1324 1437 1368 suapte
1474 1324 1611 1354 natura
1652 1317 1828 1367 potestati
1862 1316 1967 1353 civili

127 1375 289 1417 infensa.

255 1453 343 1483 Falsa
360 1460 389 1482 et
404 1453 559 1485 Haeretica.

178 1546 241 1581 25.
274 1543 423 1580 Primus
450 1557 497 1581 ex
524 1543 708 1581 Romanis
724 1543 990 1587 Pontificibus,
1020 1543 1087 1593 qui
1119 1542 1331 1593 acceptavit
1357 1550 1588 1593 potestatem
1616 1541 1895 1593 temporalem,
1929 1555 1971 1579 ac

130 1600 337 1653 principes,
362 1602 429 1652 qui
444 1604 493 1640 ad
511 1616 595 1641 eam
609 1602 915 1640 constituendam
936 1610 1231 1649 concurrerunt,
1251 1610 1446 1638 errarunt.

257 1678 443 1717 Temeraria,
459 1689 601 1708 erreonea
616 1685 646 1709 et
663 1679 815 1708 constanti
834 1678 955 1707 Ecelsiae
968 1677 1111 1707 doctrinae
1128 1677 1289 1708 contraria.

185 1768 248 1807 26.
281 1767 503 1804 Dominatio
518 1767 742 1819 temporalis
758 1765 921 1805 Romani
941 1767 1135 1804 Pontificis
1149 1767 1371 1803 adversatur
1390 1766 1574 1803 doctrinae
1591 1765 1838 1816 evangelicae.

255 1844 403 1873 Haeretiea
410 1868 416 1874 .

185 1938 249 1972 27.
281 1937 371 1972 Haec
389 1934 600 1972 dominatio
629 1933 849 1985 temporalis
869 1947 946 1971 non
967 1942 1023 1971 est
1045 1933 1172 1983 magni
1196 1932 1379 1970 momenti
1402 1946 1474 1984 pro
1492 1931 1754 1983 spiritualibus
1773 1932 1974 1970 catholici-

124 1995 207 2031 tatis
221 1993 398 2043 negotiis,
420 2007 544 2044 neque
565 2001 692 2044 potest
715 1994 897 2044 componi
919 2007 1007 2030 cum
1028 1991 1231 2044 principiis
1252 1991 1345 2029 boni
1366 1991 1487 2029 civilis
1508 1991 1719 2041 regiminis.

255 2070 449 2110 Complexive
461 2077 579 2110 sumpta
597 2070 681 2107 salsa,
696 2070 831 2100 haeresim
850 2070 966 2109 sapiens
979 2076 1008 2099 ct
1020 2079 1153 2100 erronea.

180 2218 246 2258 28.
276 2220 429 2257 Falsum
446 2228 502 2257 est
529 2219 831 2257 dominationem
852 2219 1103 2272 temporalem
1123 2218 1269 2257 Summi
1291 2217 1488 2256 Pontificis
1515 2218 1551 2254 vi
1570 2231 1646 2255 suae
1670 2229 1787 2255 sacrae
1807 2215 1974 2253 destina-

132 2277 245 2315 tionis
264 2277 425 2316 induere
445 2278 614 2316 indolem
634 2278 889 2331 spiritualem.

257 2356 403 2387 Erronea,
421 2355 572 2385 contraria
593 2356 733 2386 Concilio
747 2356 927 2386 Tridentino
945 2362 973 2385 et
986 2355 1264 2386 constitutionibus
1281 2354 1479 2395 Apostolicis.

186 2446 250 2482 29.
282 2447 476 2482 Romanus
495 2445 673 2483 Pontifex
690 2460 775 2484 cum
797 2444 1205 2484 excommunicationis
1224 2444 1452 2482 sententiam
1469 2443 1694 2495 pronuntiat
1711 2451 1846 2480 contra
1865 2442 1973 2480 inva-

133 2502 264 2540 dentes
278 2507 403 2543 Status
420 2504 611 2551 Ecclesiae,
624 2505 744 2542 utitur
764 2505 880 2543 armis
897 2504 1160 2557 spiritualibus
1179 2505 1228 2542 ad
1240 2505 1476 2542 mundanum
1490 2503 1686 2540 dumtaxat
1706 2502 1852 2540 bonum
1871 2514 1974 2553 pro·

133 2563 389 2612 sequendum.

261 2640 358 2676 Falsa,
373 2640 542 2676 temeraria,
557 2641 704 2681 captiosa,
719 2641 865 2681 injuriosa
888 2640 1034 2671 Romanis
1051 2639 1261 2676 Pontificibus,
1271 2648 1408 2668 erronea.

187 2730 253 2768 30.
280 2728 635 2766 Excommunicatio
655 2730 730 2768 lata
744 2730 783 2767 in
803 2730 974 2768 Concilio
990 2728 1217 2767 Tridentino
1239 2727 1336 2766 acin
1358 2727 1467 2764 Bulla
1486 2730 1610 2765 Coenae
1628 2734 1762 2764 contra
1786 2725 1972 2762 invaden-

135 2796 191 2825 tes
205 2787 487 2826 dominationes
508 2788 780 2827 ecclesiasticas
798 2788 974 2827 innititur
994 2787 1208 2827 confusioni
1231 2785 1379 2826 ordinis
1397 2785 1605 2838 spiritualis
1630 2794 1668 2823 et
1687 2784 1834 2823 ordinis
1852 2783 1971 2821 civilis

131 2859 174 2883 ac
197 2846 359 2897 politici.

260 2924 359 2961 Falsa,
375 2924 554 2965 temeraria,
568 2923 715 2963 injuriosa
731 2925 870 2955 Concilio
883 2925 1063 2955 Tridentino
1079 2931 1108 2954 et
1118 2923 1265 2954 Romanis
1278 2922 1491 2958 Pontificibus,
1506 2920 1612 2951 haeresi
1623 2920 1774 2960 proxima.

188 3013 251 3048 31.
283 3009 478 3063 Principia
491 3019 528 3049 et
544 3010 776 3059 juramenta,
798 3011 935 3062 quibus
953 3025 992 3049 se
1006 3011 1251 3062 obstringunt
1269 3007 1472 3048 Pontifices
1486 3008 1534 3045 ad
1553 3005 1855 3045 conservandam
1874 3003 1973 3041 inte-

135 3067 313 3118 gritatem
337 3071 512 3108 Statuum
528 3070 706 3108 Ecclesiae
718 3084 764 3108 eo
781 3072 1047 3108 tantummodo
1066 3079 1254 3123 spectant,
1275 3079 1317 3107 ut
1337 3068 1409 3121 ipsi
1429 3081 1506 3106 non
1527 3066 1741 3104 distrahant
1761 3061 1974 3115 quamlibet

134 3139 268 3165 eorum
284 3137 434 3181 partem
448 3129 488 3167 in
508 3130 677 3168 favorem
696 3143 853 3167 suorum
872 3129 1196 3181 propinquorum.

256 3204 352 3237 Falsa.
