2135 3442
184 173 259 208 »1¹44
637 169 825 204 LETTRE
853 168 1197 215 APOSTOLIQUE
1227 168 1292 202 DE
1316 155 1447 201 LEON
1475 166 1567 204 XII.

242 262 262 310 g
296 263 337 299 7.
371 256 471 298 Non
495 256 631 298 multo
655 267 752 314 post
775 255 933 298 editam
955 256 1066 296 hanc
1090 271 1112 295 a
1135 253 1212 294 Pio
1229 253 1309 293 VII
1329 251 1690 302 constitutionem,
1717 252 1771 293 ad
1789 269 2030 311 supremam

186 323 297 365 beati
330 322 444 362 Petri
468 320 723 363 Cathedram
754 320 878 361 nullis
910 318 1074 362 Nostris
1102 316 1260 358 meritis
1283 315 1415 357 evecti
1443 317 1532 358 Nos
1555 315 1731 369 fuimus,
1761 328 1803 358 et
1828 321 2032 362 continuo

183 403 355 430 omnem
386 386 587 428 Nostram
612 400 785 443 operam
815 384 1098 426 convertimus
1131 382 1184 423 ad
1214 380 1514 438 detegendum,
1551 382 1642 438 quis
1666 392 1776 423 esset
1805 382 2030 426 clandesti-

185 468 334 495 narum
364 461 571 493 sectarum
601 462 744 500 status,
774 451 865 507 quis
891 463 1106 501 numerus,
1141 462 1235 504 quae
1258 447 1466 503 potentia.
1498 447 1598 487 Haec
1625 445 1886 503 inquirentes
1913 447 2032 490 facile

183 518 465 559 intelleximus
500 515 675 557 crevisse
710 515 877 556 illarum
908 512 1177 553 insolentiam
1208 511 1418 569 praecipue
1447 512 1503 552 ob
1535 526 1681 552 earum
1714 509 2032 554 multitudinem

184 584 302 624 novis
333 582 453 622 sectis
490 592 670 621 auctam.
709 581 772 620 Ex
799 579 954 634 quibus
990 592 1038 617 ea
1065 579 1297 634 praesertim
1324 575 1605 617 memoranda
1630 586 1693 617 est
1722 591 1815 632 quae
1856 576 2032 619 Univer-

181 653 338 689 sitaria
362 645 526 694 dicitur,
562 645 677 702 quod
711 643 854 685 sedem
894 653 934 682 et
970 640 1233 682 domicilium
1260 641 1303 681 in
1334 640 1524 698 pluribus
1558 640 1798 682 studiorum
1830 641 2034 684 universi—

182 713 336 753 tatibus
361 711 530 760 habeat,
566 710 608 750 in
639 709 789 765 quibus
814 708 989 762 juvenes
1014 721 1037 745 a
1061 705 1277 746 nonnullis
1306 705 1531 763 magistris,
1559 706 1630 763 qui
1652 721 1724 746 eos
1746 721 1831 746 non
1858 705 2029 760 docere,

183 777 257 818 sed
280 785 521 833 pervertere
546 773 730 822 student,
756 770 945 826 ejusdem
974 770 1197 827 mysteriis,
1225 786 1316 827 quae
1338 769 1570 827 iniquitatis
1592 771 1792 828 mysteria
1816 769 2032 814 verissime

181 840 384 900 appellari
408 839 581 890 debent,
607 836 840 885 initiantur,
864 846 904 875 ct
926 833 976 876 ad
998 850 1125 875 omne
1143 834 1276 876 scelus
1296 833 1597 877 informantur.

241 905 347 947 Inde
373 920 474 946 vero
507 902 656 952 existit,
693 899 807 957 quod
833 910 952 940 tanto
987 899 1115 940 etiam
1145 911 1242 957 post
1268 911 1479 957 tempore,
1507 917 1590 957 quo
1621 901 1802 958 primum
1830 900 2030 958 perduel-

182 973 305 1013 lionis
343 971 452 1011 faces
484 970 526 1008 in
569 968 739 1023 Europa
775 981 798 1005 a
838 966 961 1006 sectis
995 964 1268 1006 clandestinis
1296 980 1372 1022 per
1406 976 1706 1006 consectaneos
1737 980 1832 1006 suos
1860 964 2030 1006 inflam-

182 1048 319 1089 matae,
350 1046 391 1075 et
423 1033 539 1074 elatae
578 1042 688 1081 sunt,
726 1041 767 1071 et
789 1042 885 1088 post
914 1041 1150 1087 reportatas
1175 1045 1198 1070 a
1227 1031 1525 1087 potentissimis
1560 1031 1740 1088 Europae
1770 1030 2032 1088 principibus

180 1099 514 1159 praeclarissimas
534 1096 747 1147 victorias,
781 1095 933 1152 quibus
963 1094 1043 1136 illae
1069 1093 1401 1152 comprimendae
1425 1096 1719 1153 sperabantur,
1748 1095 1942 1136 nondum
1964 1107 2032 1137 ta-

181 1181 278 1207 men
299 1162 448 1205 nefarii
468 1176 614 1202 earum
635 1171 812 1201 conatus
837 1158 965 1200 finem
989 1160 1245 1201 habuerunt.
1273 1161 1323 1200 In
1350 1159 1430 1200 illis
1450 1160 1564 1201 enim
1583 1161 1681 1218 ipsis
1699 1160 1960 1218 regionibus,
1986 1161 2030 1201 in

180 1230 335 1287 quibus
362 1226 545 1285 pristinae
582 1235 851 1282 tempestates
885 1225 1173 1282 conquievisse
1206 1223 1417 1275 Videntur,
1451 1224 1523 1282 qni
1554 1236 1690 1266 metus
1725 1235 1788 1266 est
1821 1240 2032 1266 novarum

180 1296 417 1344 turbarum,
439 1302 479 1332 et
504 1289 777 1344 seditionum,
808 1305 911 1346 quas
928 1289 1009 1330 illae
1032 1301 1153 1331 sectae
1168 1301 1378 1347 perpetuo
1398 1290 1656 1331 moliuntur!
1677 1290 1782 1342 Quae
1806 1290 2030 1348 impiarum

179 1357 360 1400 formido
384 1357 581 1408 sicarum,
605 1371 706 1412 quas
726 1356 770 1395 in
791 1370 941 1396 eorum
961 1356 1210 1412 corporibus
1225 1354 1334 1396 clam
1351 1353 1541 1413 defigunt
1563 1371 1667 1412 quos
1683 1354 1738 1396 ad
1754 1364 1938 1396 mortem
1955 1355 2030 1397 de-

178 1422 422 1483 signarunt?
439 1422 568 1474 Quot,
598 1432 637 1461 et
655 1436 785 1477 quam
808 1421 950 1478 gravia
971 1436 1059 1461 non
1079 1436 1175 1460 raro
1202 1419 1448 1472 decernere,
1472 1420 1539 1461 vel
1562 1420 1684 1461 inviti
1709 1430 1933 1478 coguntur,
1960 1421 2032 1477 qui

178 1488 327 1530 iisdem
349 1502 445 1527 cum
465 1496 671 1544 potestate
696 1496 897 1543 praesunt,
914 1496 961 1526 ut
982 1483 1199 1542 publicam
1223 1484 1575 1542 tranquillitatem
1594 1484 1822 1526 tueantur?

236 1552 341 1594 Inde
374 1551 500 1593 etiam
540 1552 722 1592 existunt
751 1549 1031 1591 acerbissimae
1056 1549 1332 1602 calamitates,
1365 1551 1517 1607 quibus
1540 1550 1727 1591 Ecclesia
1759 1549 1847 1591 fere
1874 1550 2031 1607 ubique

178 1629 366 1665 vexatur,
391 1628 432 1657 et
455 1632 555 1674 quas
579 1616 665 1657 sine
688 1615 850 1666 dolore,
876 1615 963 1656 imo
991 1615 1079 1656 sine
1100 1630 1282 1656 moerore
1305 1631 1647 1657 commemorare
1675 1631 1761 1656 non
1787 1630 2026 1673 possumus.

177 1686 483 1741 Impugnantur
511 1680 875 1739 impudentissime
915 1679 1178 1721 sanctissima
1214 1681 1301 1735 ejus
1338 1679 1562 1738 dogmata,
1596 1691 1638 1721 et
1664 1690 1898 1737 praecepta3
1937 1681 2028 1735 ejus

177 1748 358 1806 dignitas
379 1756 652 1795 extenuatur,
678 1757 718 1786 et
743 1761 825 1800 pax
844 1745 930 1793 illa,
951 1756 994 1785 et
1015 1744 1189 1785 felicitas
1209 1760 1292 1800 qua
1312 1760 1387 1785 suo
1410 1743 1598 1802 quodam
1612 1745 1706 1800 jure
1727 1743 1811 1785 frui
1835 1743 2029 1795 deberet,

176 1829 262 1854 non
280 1810 552 1869 perturbatur
574 1807 723 1860 modo,
745 1807 819 1848 sed
844 1806 1019 1847 omnino
1040 1808 1256 1847 evertitur.

234 1877 323 1918 Nec
352 1874 590 1933 putandum
623 1884 700 1924 est,
735 1873 877 1914 onmia
910 1872 1000 1913 haec
1032 1871 1157 1920 mala,
1193 1869 1371 1926 aliaque,
1402 1884 1497 1925 quae
1527 1868 1811 1926 praetermissa
1844 1885 1868 1910 a
1893 1868 2032 1910 Nobis

177 1953 294 1991 sunt,
331 1940 600 1982 clandestinis
638 1937 704 1979 his
746 1938 868 1978 sectis
907 1951 1131 1994 perperam
1171 1945 1214 1975 et
1252 1949 1328 1992 per
1365 1932 1620 1974 calumniam
1666 1933 1866 1976 adscribi.
1914 1933 2030 1975 Libri

177 2023 285 2064 quos
305 2006 356 2048 de
383 2004 587 2063 religione
621 2015 663 2045 et
688 2002 907 2060 republica
927 2002 1112 2043 scribere
1139 2015 1227 2040 non
1251 1998 1518 2049 dubitarunt,
1551 1998 1622 2055 qui
1646 1999 1710 2040 his
1731 1998 1853 2041 sectis
1874 2014 2028 2040 nomen

178 2071 402 2121 dederunt,
425 2070 576 2126 quibus
598 2068 935 2110 dominationem
955 2076 1174 2124 spernunt,
1197 2066 1464 2120 majestatem
1481 2064 1796 2122 blasphemant,
1815 2064 2031 2105 Christum

179 2148 320 2178 autem
352 2135 416 2176 vel
453 2133 714 2183 scandalum,
758 2133 824 2173 vel
855 2131 1074 2172 stultitiam
1112 2129 1329 2183 dictitant,
1364 2130 1450 2170 imo
1480 2145 1567 2170 non
1612 2145 1709 2171 raro
1744 2128 1910 2170 nullum
1944 2144 2031 2170 esse

179 2203 330 2250 Deum,
371 2211 412 2241 et
443 2198 628 2240 hominis
661 2198 847 2238 animam
879 2212 963 2237 una
997 2211 1091 2238 cum
1125 2210 1303 2252 corpore
1343 2194 1515 2235 interire
1556 2194 1711 2235 docent
1744 2209 1753 2235 :
1788 2192 1954 2235 codices
1989 2205 2030 2235 et

181 2275 348 2313 statuta,
391 2265 543 2320 quibus
577 2280 647 2304 sua
673 2262 864 2312 consilia,
897 2272 939 2301 et
964 2260 1154 2302 instituta
1182 2259 1407 2317 explicant,
1445 2270 1586 2317 aperte
1616 2258 1832 2300 declarant
1860 2270 2026 2310 cuncta,

182 2345 274 2386 quae
302 2330 389 2382 jam
423 2328 763 2377 memoraximus,
798 2338 840 2368 et
869 2342 962 2383 quae
999 2325 1053 2366 ad
1087 2325 1297 2382 legitimos
1331 2323 1594 2381 principatus
1621 2322 1955 2373 labefactandos,
1989 2334 2030 2365 et

181 2393 412 2435 Ecclesiam
442 2392 627 2433 funditus
649 2392 873 2434 delendam
896 2402 1103 2449 spectant,
1136 2391 1188 2430 ab
1210 2389 1260 2430 iis
1283 2388 1507 2447 proficisci.
1528 2390 1668 2444 Atque
1688 2387 1771 2429 hoc
1788 2388 1914 2429 veluti
1935 2404 2028 2430 cer-

183 2471 287 2507 tum,
325 2457 673 2515 exploratumque
693 2457 940 2498 habendum
963 2467 1041 2507 est,
1068 2456 1145 2496 has
1170 2466 1304 2496 sectas
1323 2453 1419 2494 licet
1440 2452 1612 2494 nomine
1635 2452 1835 2503 diversas,
1862 2452 2027 2495 nefario

183 2535 325 2564 tamen
346 2520 724 2579 impurissimorum
747 2520 1023 2562 consiliorum
1039 2519 1209 2560 vinculo
1230 2534 1318 2560 esse
1338 2519 1448 2558 iuter
1468 2533 1511 2558 se
1533 2518 1794 2572 conjunctas.

243 2588 349 2639 Quae
376 2603 472 2627 cum
497 2585 553 2626 ita
578 2585 675 2635 sint,
699 2586 787 2626 Nos
818 2584 1010 2626 muneris
1030 2584 1179 2626 Nostri
1198 2599 1287 2625 esse
1315 2597 1534 2624 censemus
1562 2582 1716 2624 iterum
1743 2582 2027 2624 clandestinas

183 2655 257 2694 has
295 2662 426 2692 sectas
461 2651 761 2698 condemnare,
792 2662 916 2706 atque
945 2651 1004 2691 ita
1027 2649 1198 2706 quidem
1234 2660 1280 2689 ut
1318 2647 1433 2688 nulla
1476 2663 1523 2687 ex
1558 2647 1606 2688 iis
1630 2649 1791 2703 jactare
1819 2647 1952 2705 possit
1983 2662 2027 2689 se

185 2716 413 2776 apostolica
447 2714 654 2756 sententia
687 2716 845 2755 Nostra
869 2730 958 2755 non
990 2712 1311 2771 comprehendi,
1345 2723 1470 2768 atque
1493 2711 1575 2753 hoc
1598 2724 1805 2770 praetextu
1833 2713 2026 2753 homines

182 2783 373 2824 incautos
393 2792 432 2820 et
454 2780 590 2820 minus
613 2790 756 2819 acutos
788 2779 830 2819 in
853 2794 1041 2819 errorem
1063 2777 1248 2818 inducat.
1273 2778 1417 2833 Itaque
1439 2775 1490 2817 de
1511 2777 1685 2818 consilio
1709 2776 2026 2818 venerabilium

182 2849 379 2889 Fratrum
390 2846 645 2887 Nostrorum
662 2845 823 2884 Sanctae
840 2845 1041 2883 Romanae
1058 2841 1250 2883 Ecclesiae
1259 2841 1564 2893 Cardinalium,
1587 2854 1628 2884 et
1641 2842 1769 2884 etiam
1789 2854 1907 2884 motu
1924 2857 2025 2899 pro-

182 2912 292 2970 prio,
319 2922 360 2952 et
392 2921 503 2951 certa
539 2908 724 2958 scientia,
753 2924 800 2949 ac
835 2919 999 2948 matura
1030 2907 1336 2948 deliberatione
1369 2907 1548 2957 Nostris,
1589 2909 1807 2949 societates
1839 2905 2025 2948 occultas

183 2991 332 3018 omnes
357 2986 442 3016 tam
473 2991 562 3032 quae
592 2990 705 3014 nunc
736 2984 848 3023 sunt,
882 2984 968 3013 tam
995 2989 1086 3029 quac
1114 2973 1289 3013 fortasse
1315 2971 1512 3030 deinceps
1536 2984 1773 3031 erumpent,
1803 2982 1845 3012 et
1863 2987 1955 3028 quae
1975 2987 2024 3012 ea

184 3041 264 3083 sibi
288 3040 485 3082 adversus
505 3038 734 3081 Ecclesiam
751 3049 792 3080 et
812 3053 1029 3096 supremas
1044 3037 1182 3079 civiles
1197 3048 1426 3095 potestates
1443 3049 1703 3095 proponunt,
1722 3052 1814 3094 quae
1835 3036 2024 3094 superius

183 3106 620 3155 commemoravimus,
660 3119 927 3161 quocumque
958 3102 1132 3144 tandem
1170 3104 1343 3144 nomine
1379 3103 1658 3161 appellentur,
1700 3102 1787 3143 Nos
1815 3112 2022 3158 perpetuo

181 3171 457 3228 prohibemus
474 3171 550 3212 sub
567 3169 726 3212 eisdem
746 3168 894 3227 poenis,
921 3184 1014 3225 quae
1041 3167 1310 3209 continentur
1327 3167 1369 3208 in
1390 3168 1745 3225 praedecessorum
1766 3167 2022 3209 Nostrorum

181 3237 345 3278 Litteris
365 3238 408 3277 iu
431 3238 510 3277 hac
529 3236 682 3277 Nostra
702 3234 1004 3277 constitutione
1021 3234 1108 3289 jam
1129 3233 1276 3285 allatis,
1304 3249 1406 3290 quas
1425 3249 1618 3291 expresse
1637 3231 1953 3274 confirmamus.
