2135 3442
201 159 277 198 162
596 153 782 190 LETTRE
808 153 1121 199 ENCYCLIQUE
1149 153 1214 189 DE
1244 139 1497 188 GRJZGOIRE
1524 152 1628 188 XVI.

209 261 263 287 ne
299 241 415 301 quod
443 257 659 285 sacrorum
688 256 899 284 canonum
929 239 1107 298 placitiS,
1138 239 1508 299 Conciliorumque
1539 238 1715 281 decretis
1741 238 1922 292 officiat,
1951 241 2039 284 ulla

208 307 372 351 ratione
396 306 636 358 admittant,
659 306 793 365 probe
823 306 960 363 gnari,
995 304 1130 345 exitus
1158 303 1344 346 infelices
1374 305 1444 346 illa
1476 303 1674 346 habitura
1706 318 1792 344 esse
1824 306 2036 363 conjugia,

211 389 303 430 quae
321 371 386 414 vel
406 371 603 414 adversus
622 370 817 413 Ecclesiae
837 368 1117 426 disciplinam,
1142 368 1208 409 vel
1231 385 1316 410 non
1343 370 1574 428 propitiato
1595 365 1714 439 prius
1737 368 1844 419 Deo,
1865 369 1932 410 vel
1950 369 2040 412 solo

209 448 312 478 aestu
330 435 517 478 libidinis
533 438 781 495 jungantur,
806 432 908 491 quin
931 433 983 473 de
1001 444 1279 484 sacramento,
1304 449 1351 475 ac
1371 434 1422 475 de
1444 431 1672 491 mysteriis,
1701 446 1792 489 quae
1818 430 1890 473 illo
1911 433 2042 492 signi-

210 501 406 551 ficantur,
429 500 515 542 ulla
535 510 678 542 teneat
700 512 875 557 sponsos
896 496 1110 554 cogitatio.

270 565 462 607 Alteram
484 581 596 606 nunc
627 563 921 622 persequimur
954 577 1123 603 causam
1146 562 1357 604 malorum
1378 563 1655 613 uberrimam,
1680 559 1833 618 quibus
1852 559 2046 603 afflictari

212 630 257 672 in
274 644 458 688 praesens
475 629 786 687 comploramus
802 625 1047 676 Ecclesiam,
1078 647 1095 662 «
1121 626 1524 669 indifferentismum
1548 648 1565 662 »
1593 625 1763 677 scilicet,
1785 640 1858 667 seu
1869 641 2050 683 pravam

212 694 330 736 illam
352 693 612 752 opinionem,
637 708 729 750 quae
750 692 1045 748 improborum
1063 690 1211 733 fraude
1225 708 1275 733 ex
1295 692 1411 734 omni
1434 703 1555 750 parte
1576 690 1835 748 percrebuit,
1859 690 2048 747 qualibet

214 758 313 800 fidei
332 757 597 816 professione
620 768 818 799 aeternam
841 771 963 813 posse
984 754 1133 796 animae
1156 756 1333 798 salutem
1360 756 1614 815 comparari,
1648 755 1680 797 si
1707 770 1852 797 mores
1868 754 1923 797 ad
1944 755 2047 798 recti

212 822 463 880 honestique
476 837 672 864 normam
694 820 929 877 exigantur.
953 821 1009 860 At
1025 819 1136 862 facili
1150 836 1248 862 sane
1268 824 1440 879 negotio
1459 821 1504 863 in
1521 836 1565 862 re
1581 819 1816 878 perspicua,
1837 820 2049 878 planeque

215 888 417 938 evidenti,
453 903 639 929 errorem
672 884 1012 928 exitiosissimum
1047 901 1070 926 a
1092 885 1259 943 populis
1285 898 1433 928 vestrae
1461 902 1569 928 curce
1597 884 1851 927 concreditis
1877 885 2049 943 propel-

214 952 324 994 letis.
349 951 620 993 Admonente
648 949 759 993 enim
792 949 1000 1008 Apostolo
1019 948 1049 1000 ¹,
1086 971 1102 986 α
1125 965 1259 990 unum
1285 966 1372 992 esse
1403 952 1556 1003 Deum,
1588 966 1717 991 unam
1742 949 1886 1000 fidem,
1916 966 2051 992 unum

221 1039 238 1054 «
262 1016 485 1075 baptisma,
512 1038 529 1053 »
552 1015 840 1065 extimescant,
862 1015 934 1071 qui
961 1030 983 1055 e
1001 1013 1203 1071 reIIgione
1225 1015 1411 1072 qualibet
1430 1027 1575 1074 patere
1596 1015 1649 1056 ad
1675 1026 1846 1073 portum
1863 1015 2049 1057 beatitu-

216 1081 326 1124 dinis
345 1081 505 1123 aditum
527 1079 920 1129 comminiscuntur,
956 1089 1238 1136 reputentque
1269 1079 1412 1121 animo
1445 1096 1496 1121 ex
1518 1079 1650 1138 ipsius
1679 1080 1911 1122 Servatoris
1937 1079 2052 1121 testi-

214 1148 378 1199 monio,
408 1166 424 1181 «
451 1161 536 1187 esse
559 1160 602 1186 se
623 1155 771 1186 contra
792 1142 1023 1194 Christum,
1051 1144 1149 1200 quia
1170 1159 1265 1185 cum
1286 1145 1453 1186 Christo
1478 1161 1566 1186 non
1588 1156 1684 1186 sunt
1701 1144 1716 1166 ²
1749 1166 1767 1182 »
1793 1161 1920 1203 seque
1937 1144 2048 1186 infe-

214 1211 349 1252 liciter
382 1210 640 1267 dispergere,
675 1208 773 1265 quia
807 1224 902 1249 cum
938 1209 1030 1265 ipso
1063 1223 1150 1248 non
1190 1208 1413 1267 colligunt,
1449 1209 1630 1267 ideoque
1671 1231 1688 1246 «
1729 1206 1885 1267 absque
1920 1209 2052 1252 dubio

220 1295 237 1310 «
267 1287 469 1316 aeternum
501 1288 592 1314 esse
615 1274 840 1331 perituros,
864 1273 944 1314 nisi
977 1283 1150 1314 teneant
1182 1273 1430 1315 catholicam
1453 1274 1594 1324 fidem,
1623 1289 1799 1331 eamque
1823 1275 2047 1333 integram,

218 1338 589 1395 «inviolatamque
613 1339 869 1379 servaverint
885 1336 918 1379 ³.
948 1359 963 1375 »
992 1339 1302 1396 Hieronymum
1317 1337 1503 1392 audiant,
1530 1340 1615 1396 qui,
1634 1355 1730 1380 cum
1747 1337 1791 1379 in
1813 1349 1896 1379 tres
1910 1349 2052 1396 partes

215 1403 436 1445 schismate
461 1402 586 1443 scissa
620 1414 730 1444 esset
755 1402 958 1455 Ecclesia,
984 1412 1128 1443 narlat
1158 1418 1200 1443 56
1235 1413 1428 1444 tenacem
1450 1403 1675 1461 propositi,
1709 1402 1881 1460 quando
1904 1402 2053 1460 aliquis

211 1483 360 1526 rapere
391 1468 527 1524 ipsum
556 1466 610 1508 ad
644 1482 687 1508 se
721 1466 958 1519 nitebatur,
1000 1477 1242 1508 constanter
1280 1468 1513 1509 clamitasse
1548 1485 1556 1508 ε
1590 1489 1609 1504 «
1639 1468 1681 1508 Si
1714 1467 1806 1525 quis
1835 1467 2054 1509 Cathedrae

219 1554 236 1569 «
259 1533 375 1575 Petri
389 1533 596 1590 jungitur,
618 1547 737 1573 meus
757 1543 819 1573 est
835 1531 848 1552 ‘⁸
862 1564 870 1572 .
899 1552 914 1568 »
944 1531 1068 1572 Falso
1090 1542 1231 1572 autem
1251 1532 1329 1572 sibi
1350 1532 1441 1588 quis
1464 1531 1744 1585 blandiretur,
1772 1531 1889 1589 quod
1906 1543 1948 1574 et
1966 1531 2054 1589 ipse

212 1599 254 1638 in
281 1613 389 1655 aqua
413 1597 465 1638 sit
483 1596 786 1654 regeneratus?
806 1598 1055 1654 Opportune
1080 1597 1193 1637 enim
1220 1597 1500 1654 responderet
1514 1596 1773 1655 Augustinus
1790 1597 1803 1619 ⁵
1834 1612 1851 1639 ε,
1874 1617 1892 1632 «
1910 1598 2054 1654 Ipsam

219 1682 235 1698 α
264 1662 444 1703 formam
468 1661 599 1702 habet
630 1661 753 1702 etiam
781 1672 1058 1711 sarmentum,
1079 1660 1195 1717 quod
1217 1660 1437 1718 praecisum
1462 1671 1525 1702 est
1549 1661 1601 1702 de
1622 1660 1706 1702 vite
1731 1678 1740 1700 :
1765 1660 1839 1703 sed
1867 1660 1969 1718 quid
1994 1660 2054 1703 illi

219 1747 236 1762 «
260 1725 434 1784 prodest
453 1725 607 1777 forma,
633 1725 665 1766 si
688 1741 778 1766 non
794 1726 894 1766 vivit
913 1724 964 1766 de
986 1724 1159 1767 radice?
1184 1746 1201 1760 »

272 1862 411 1918 Atque
446 1875 497 1901 ex
526 1860 609 1902 hoc
641 1859 905 1918 putidissimo
940 1882 958 1897 «
992 1859 1332 1902 indifferentismi
1365 1881 1379 1897 »
1410 1860 1527 1902 fonte
1553 1859 1737 1902 absurda
1770 1859 1843 1901 illa
1873 1859 1966 1901 fluit
2005 1875 2053 1903 ac

215 1941 390 1966 erronea
413 1924 634 1977 sententia,
658 1940 730 1965 seu
756 1924 893 1983 potius
921 1925 1264 1978 deliramentum,
1287 1925 1554 1966 asserendam
1581 1940 1668 1966 esse
1688 1940 1736 1966 ac
1754 1923 2053 1966 vindicandam

214 1988 388 2031 cuilibet
423 2010 440 2026 «
466 1989 705 2030 libertatem
740 1991 1022 2031 conscientiae.
1050 2011 1067 2025 »
1103 1990 1179 2031 Cui
1213 1990 1385 2047 quidem
1417 1990 1759 2048 pestilentissimo
1788 1990 1918 2031 errori
1940 1990 2052 2031 viam

214 2053 362 2095 sternit
381 2053 504 2110 plena
521 2053 605 2104 illa,
628 2065 752 2110 atque
770 2053 1051 2096 immoderata
1072 2055 1242 2096 libertas
1258 2054 1521 2112 opinionum,
1544 2071 1634 2112 quae
1648 2054 1693 2096 in
1716 2070 1840 2096 sacrae
1858 2065 1901 2095 et
1920 2053 2051 2096 civilis

213 2117 273 2158 rei
307 2117 447 2158 labem
477 2117 560 2159 late
591 2130 816 2176 grassatur,
851 2119 1109 2161 dictantibus
1136 2136 1211 2178 per
1246 2135 1455 2161 summam
1485 2119 1794 2178 impudentiam
1817 2118 2048 2172 nonnullis,

214 2181 373 2238 aliquid
395 2197 445 2222 ex
466 2197 515 2223 ea
533 2182 746 2223 commodi
767 2183 812 2224 in
829 2183 1073 2241 religionem
1093 2200 1365 2242 promanare.
1383 2186 1440 2225 At
1464 2206 1480 2221 ‹<
1506 2201 1596 2241 quae
1613 2186 1731 2243 pejor
1749 2199 1862 2225 mors
1878 2183 2048 2235 animae,

222 2266 239 2282 «ι
269 2261 397 2302 quam
440 2246 612 2287 libertas
657 2247 841 2289 erroris?
875 2269 892 2284 »
934 2248 1155 2305 inquiebat
1197 2249 1455 2307 Augustinus
1474 2248 1507 2291 ⁶.
1554 2250 1693 2291 Freno
1735 2247 1892 2306 quippe
1936 2250 2054 2290 omni

215 2310 430 2368 ademptO,
466 2328 549 2368 quo
581 2313 773 2354 homines
806 2315 1105 2355 contineantur
1135 2315 1179 2355 in
1211 2315 1366 2356 semitis
1397 2314 1599 2366 veritatis,
1636 2324 1867 2371 proruente
1893 2315 1981 2368 jam
2008 2313 2052 2355 in

214 2391 401 2433 praeceps
422 2374 609 2433 ipsorum
644 2388 795 2418 natura
819 2378 872 2419 ad
898 2378 1055 2419 malum
1072 2378 1287 2429 inclinata,
1304 2395 1404 2420 vere
1419 2389 1611 2436 apertum
1628 2377 1803 2419 dicimus
1833 2398 1850 2414 «
1873 2388 2051 2436 puteum

221 2461 238 2476 «
265 2439 452 2496 abyssi⁷,
485 2459 502 2474 »
533 2456 554 2481 e
581 2457 663 2498 quo
686 2441 788 2483 vidit
815 2445 998 2484 Joannes
1033 2443 1260 2485 ascendere
1280 2443 1458 2494 fumum,
1493 2458 1577 2499 quo
1607 2442 1852 2484 obscuratus
1882 2454 1943 2484 est
1970 2443 2048 2494 sol,

215 2503 384 2544 locustis
404 2519 452 2544 ex
478 2520 528 2545 60
555 2506 864 2562 prodeuntibus
884 2509 928 2548 in
953 2507 1190 2550 vastitatem
1211 2519 1345 2549 terrae.
1369 2507 1473 2548 Inde
1495 2507 1607 2547 enim
1631 2507 1872 2548 animorum
1895 2507 2055 2548 immu-

213 2567 415 2617 tationes,
439 2567 537 2609 inde
559 2569 887 2613 adolescentium
912 2574 954 2613 in
974 2572 1187 2614 deteriora
1208 2571 1440 2630 corruptio,
1464 2571 1564 2612 inde
1582 2571 1623 2612 in
1642 2571 1798 2630 populo
1817 2586 2050 2643 sacrorum,

215 2646 456 2689 rerumque,
485 2648 532 2674 ac
561 2633 701 2691 legum
732 2636 1089 2678 sanctissimaium
1117 2648 1398 2694 contemptus,
1430 2635 1527 2677 inde
1563 2652 1647 2678 uno
1683 2637 1812 2678 1·611)0
1842 2636 1968 2695 pestis
1993 2636 2051 2678 rei

218 2696 396 2754 publicae
419 2714 502 2754 pra*
523 2698 712 2755 qualibet
732 2701 965 2758 capitalior,
990 2717 1086 2742 611111
1107 2701 1364 2758 experientia
1388 2712 1491 2741 teste
1518 2701 1581 2741 161
1603 2718 1624 2742 a
1645 2703 1781 2760 prima
1805 2700 2052 2759 antiquitate

220 2772 369 2802 notum
389 2761 455 2815 sit,
479 2779 516 2804 61
507 2762 684 2815 titates,
711 2781 800 2822 quae
819 2765 986 2823 opibus,
1006 2765 1251 2823 impeiio,D
1231 2765 1333 2807 0101
1324 2782 1361 2806 ia
1386 2765 1577 2821 110111(1·,6
1602 2767 1684 2809 1106
1707 2782 1793 2808 uno
1815 2766 1928 2808 malo
1953 2780 2054 2808 con-

268 2912 301 2943 1.
329 2907 383 2941 Ad
400 2909 529 2954 Ephes.
549 2922 599 2952 1v,
620 2913 654 2946 5.

295 2983 302 2990 .
333 2956 416 2988 Luc.
439 2968 490 2997 xt,
510 2958 566 2990 23.

295 3003 450 3048 ,Sy-mh.
470 3003 504 3037 S.
524 3003 688 3038 Athanas.

296 3049 368 3084 ,5.
387 3050 481 3085 Hier.
504 3051 569 3095 Ep.
590 3063 692 3086 L5111.

298 3097 369 3132 ..S
388 3098 479 3142 Aug.
497 3098 529 3129 in
551 3099 637 3130 Psal.
661 3103 1022 3145 cotzl1·c1palt.D0mzt

297 3144 366 3179 .S.
386 3145 476 3189 Aug.
497 3144 564 3189 Ep.
585 3158 702 3180 6151111

297 3191 517 3237 Apoe.1X‚
538 3194 571 3227 3.

268 2958 305 3224 -7110‘2014‘0250
