2135 3442
789 243 902 279 XXII
930 241 1146 278 AUGUSTI
1179 240 1404 278 MDCCCLI.

487 461 557 528 S.
607 460 676 527 S.
729 460 1038 528 DOMINI
1086 461 1401 528 NOSTRI
1450 460 1571 526 PII
1621 462 1709 528 IX

715 599 1023 651 LITTERAE
1056 601 1485 652 APOSTOLICAE

177 730 395 756 DAMNA’MO
430 731 478 755 ET
510 730 752 756 PROHIBITIO
792 731 937 756 OPERIS
971 732 1041 757 CUI
1077 732 1251 758 TITULUS
1287 735 1295 758 :
1331 732 1447 758 JL’RIS
1493 733 1797 759 ECCLESIASTICI
1830 733 2016 760 INSTI'rc-

234 790 380 815 TlONEs
412 789 585 815 JOANNIS
618 790 887 815 NEPOMUCENI
921 791 1069 826 NL'YTz,
1095 791 1137 816 IN
1172 792 1295 817 REGIO
1328 792 1578 817 TAURINENSI
1613 792 1815 818 ATHENAEO
1848 793 2019 820 PROFES-

235 848 367 874 SORIS.
415 856 475 865 -·
514 849 692 880 ITEMQL'E
739 850 749 873 ζ
797 849 840 874 ΙΝ
883 849 951 874 JL'S
997 850 1341 877 ECCLESIASTICL'M
1392 852 1632 878 UNIVERSUM
1676 852 2009 887 TRACTATIONES,

235 907 436 932 AL‘CTOBIS
457 906 650 932 EJUSDEM.

736 1000 812 1041 Ad
826 1011 1076 1058 perpetuam
1102 1008 1166 1043 rei
1189 1009 1450 1046 memoriam.

228 1114 297 1155 Ad
320 1113 571 1171 Apostolicoe
592 1113 709 1155 Sedis
727 1113 938 1172 fastigium
961 1115 1049 1156 sola
1069 1117 1304 1158 miserentis
1320 1119 1400 1159 Dei
1422 1118 1661 1169 clementia,
1682 1119 1799 1161 nullo
1817 1119 2018 1178 suffragio

170 1180 415 1222 meritorum
437 1178 583 1229 evecti,
602 1190 726 1235 atque
748 1195 771 1220 a
795 1178 952 1221 coelesti
977 1181 1284 1223 patrefamilias
1303 1183 1434 1224 vineas
1455 1199 1537 1224 suae
1557 1184 1842 1226 custodiendae
1860 1201 2021 1243 praepo-

171 1245 252 1294 siti,
278 1243 454 1285 omnino
478 1241 603 1284 officii
622 1244 783 1296 Nostri,
803 1261 850 1286 ac
874 1247 1060 1288 muneris
1084 1263 1173 1289 esse
1193 1247 1397 1299 ducimus,
1423 1249 1456 1289 si
1479 1263 1563 1305 qua
1586 1250 1712 1290 noxia
1733 1249 1922 1308 germina
1943 1265 2019 1291 ex-

170 1309 346 1351 crevisse
370 1324 609 1362 noscamus,
634 1325 683 1350 ea
704 1310 936 1361 succidere,
964 1323 1090 1368 atque
1116 1312 1291 1354 evellere
1315 1314 1517 1371 stirpitus,
1545 1329 1598 1356 ne
1628 1314 1669 1354 in
1691 1314 1903 1356 Dominici
1932 1315 2019 1373 agri

170 1374 401 1432 perniciem
426 1373 550 1415 altius
575 1374 737 1416 radices
763 1387 904 1434 agant,
931 1392 978 1417 30
1009 1376 1321 1421 diffundantur.
1351 1380 1405 1419 Et
1434 1395 1532 1420 sane
1565 1395 1697 1436 quum
1724 1381 1812 1436 jam
1840 1379 1940 1421 inde
1967 1380 2020 1421 ab

171 1439 366 1481 Ecclesiae
390 1440 595 1497 surgentis
625 1440 819 1491 exordio,
844 1452 1047 1498 tanquam
1075 1443 1119 1483 in
1145 1443 1242 1501 igne
1267 1460 1431 1495 aurum,
1457 1443 1628 1501 probari
1657 1445 1888 1502 oportuerit
1914 1443 2022 1486 elec—

169 1515 311 1545 torum
336 1503 479 1553 fidem,
510 1503 667 1546 idcirco
696 1505 925 1562 Apostolus
947 1522 1019 1548 vas
1043 1508 1264 1550 electionis
1290 1508 1476 1550 monitos
1488 1510 1576 1564 jam
1597 1519 1688 1550 tum
1718 1508 1863 1550 fideles
1888 1508 2020 1550 voluit

173 1568 402 1610 surrexisse
437 1567 670 1625 quosdam,
707 1569 778 1626 qui
812 1593 829 1608 «
865 1582 1109 1613 convertunt
1130 1582 1171 1614 et
1197 1573 1448 1614 conturbant
1474 1573 1761 1630 Evangelinm
1796 1573 1960 1614 Christi
1999 1594 2016 1610 n

171 1632 247 1689 (acl
262 1632 361 1674 Gal.
394 1632 438 1688 1),
468 1633 620 1689 quibus
645 1633 767 1675 falsas
792 1634 1004 1676 doctrinas
1032 1636 1420 1687 disseminantibus,
1448 1637 1631 1694 fideique
1656 1637 1849 1695 deposito
1875 1637 2018 1679 detra-

169 1698 384 1751 hentibus,
405 1719 421 1733 =‹
442 1704 609 1738 etiamsi
632 1700 818 1756 Angelus
830 1700 1107 1757 evangelizet,
1116 1711 1401 1760 praeterquam
1415 1702 1530 1760 quod
1541 1702 1877 1759 evangelizatmn
1893 1710 1970 1751 est,
1998 1722 2014 1736 »

170 1764 396 1804 anathema
421 1761 643 1804 diceretur.
668 1765 720 1804 Et
745 1780 990 1821 quanquam
1007 1765 1275 1808 infensissimi
1299 1766 1486 1808 veritatis
1509 1767 1650 1807 hostes
1670 1765 1880 1823 profligati
1903 1781 2017 1807 sem-

170 1842 245 1885 per
278 1828 458 1884 victique
489 1827 742 1878 ceciderint,
780 1845 1013 1886 numquam
1046 1842 1187 1872 tamen
1226 1831 1476 1873 destiterunt
1519 1846 1760 1888 assurgere,
1797 1831 2018 1887 acriusque

170 1907 365 1933 exercere
387 1893 508 1941 vires,
545 1892 696 1948 quibus
718 1894 970 1946 universam,
1003 1894 1035 1936 si
1059 1894 1147 1936 fieri
1178 1908 1334 1953 posset,
1365 1896 1597 1937 Ecclesiam
1626 1895 1884 1936 labefactare
1912 1895 2022 1936 nite-

170 1968 330 1997 rentur.
368 1954 479 1996 Hinc
514 1956 714 2013 profanas
745 1974 895 1998 manus
924 1958 1158 2015 injicientes
1188 1960 1231 2001 111
1255 1962 1432 2011 Sancta,
1467 1959 1718 2017 Apostolicae
1750 1961 1872 2015 hujus
1905 1959 2022 2000 Sedis

168 2020 464 2078 praerogativas
480 2031 522 2060 et
541 2021 638 2075 jura
663 2020 880 2074 invadere,
900 2022 1094 2064 Ecclesiae
1116 2026 1465 2067 constitutionem
1491 2035 1748 2083 pervertere,
1769 2035 1892 2081 atque
1911 2024 2019 2065 inte-

168 2101 289 2144 grum
304 2084 422 2125 Fidei
445 2084 685 2142 depositum
704 2087 976 2143 pessumdare
1000 2104 1102 2129 ausu
1121 2089 1252 2146 impio
1269 2090 1600 2131 contenderunt.
1624 2089 1775 2139 Porro,
1793 2089 1868 2129 etsi
1887 2089 2020 2129 Nobis

171 2165 327 2207 magno
361 2149 511 2190 solatio
541 2150 592 2190 sit
622 2151 776 2191 Christi
806 2152 1036 2194 Servatoris
1068 2155 1318 2211 promissio,
1349 2170 1429 2212 qua
1457 2165 1602 2211 portas
1641 2152 1765 2193 inferi
1800 2168 2020 2209 nunquam

171 2224 318 2256 contra
343 2213 573 2255 Ecclesiam
597 2215 884 2272 praevalituras
920 2218 1062 2268 edicit,
1090 2234 1176 2259 11011
1205 2234 1427 2276 possumus
1456 2229 1600 2259 tamen
1622 2233 1710 2258 non
1743 2216 1892 2258 intimo
1925 2233 2019 2258 cru-

171 2279 272 2320 ciari
291 2278 419 2318 animi
440 2295 612 2337 angore,
638 2279 925 2338 gravissimam
949 2283 1187 2325 animarum
1210 2283 1441 2341 perniciem
1461 2283 1792 2331 considerantes,
1820 2297 1948 2338 quam
1971 2297 2021 2323 ex

174 2342 344 2384 effi-fena
389 2358 538 2399 pravos
569 2344 700 2386 libros
731 2346 886 2387 edendi
914 2347 1110 2399 licentia,
1150 2364 1427 2406 perversaque
1455 2347 1747 2404 impudentia,
1789 2361 1836 2386 ac
1866 2346 2020 2388 scelere

173 2406 380 2465 quidlibet
398 2418 544 2448 contra
566 2409 704 2449 divina
733 2426 780 2450 ac
803 2427 916 2452 sacra
941 2412 1126 2454 audendi
1149 2414 1271 2454 latius
1293 2415 1337 2454 in
1360 2413 1447 2455 dies
1466 2427 1638 2452 manare
1657 2411 1956 2469 comperimus.

235 2609 324 2649 Jam
345 2622 445 2649 vero
477 2607 521 2648 in
547 2608 628 2648 1130
651 2607 858 2650 librorum
884 2609 1071 2667 undique
1100 2612 1384 2668 grassantium
1405 2622 1538 2669 peste,
1572 2610 1717 2652 10011111
1737 2610 1818 2651 sibi
1837 2607 2020 2651 vindicat

175 2687 279 2730 opus
306 2673 363 2713 sic
393 2671 666 2729 inscriptum:
712 2694 728 2709 «
757 2673 864 2714 Juris
896 2675 1178 2716 Ecclesiastici
1206 2677 1497 2718 Institutiones
1523 2676 1698 2717 Ioannis
1720 2674 2019 2732 Nepomuceni

177 2757 195 2774 «
231 2738 388 2795 Nuytz,
420 2738 463 2776 111
494 2738 610 2794 regio
640 2737 888 2779 Taurinensi
912 2740 1117 2780 Athenaeo
1146 2740 1418 2797 professoris,
1455 2762 1471 2777 »
1501 2740 1690 2797 itemque
1720 2761 1736 2775 «
1766 2741 1816 2780 In
1835 2739 1907 2779 ,1115
1933 2739 2018 2778 Ec-

178 2824 195 2840 «
232 2801 505 2843 clesiasticum
522 2802 762 2842 universum
780 2804 1069 2844 Tractationes
1087 2826 1104 2840 »
1129 2805 1308 2846 auctoris
1327 2805 1543 2861 ejusdem3
1565 2807 1682 2860 cujus
1705 2803 1855 2846 nefarii
1879 2802 2016 2860 operis

175 2867 367 2909 doctrina
390 2881 441 2906 ex
467 2881 550 2906 una
578 2865 686 2906 illius
712 2867 903 2907 Athenaei
927 2868 1125 2909 cathedra
1147 2868 1204 2910 sic
1229 2869 1381 2911 diffusa
1405 2882 1480 2920 est,
1510 2881 1556 2911 ut
1583 2869 1745 2911 selecta*
1769 2884 1820 2910 ex
1840 2883 1891 2909 eo
1917 2880 2015 2906 aca-

174 2931 335 2973 tholicae
357 2932 496 2971 theses
519 2929 573 2970 ad
593 2929 893 2987 disputandum
916 2933 1140 2989 propositae
1160 2934 1242 2974 sint
1263 2935 1438 2993 prolytis
1461 2934 1651 2992 ephebiis
1672 2935 1742 2991 qui
1767 2947 1923 2983 aream,
1945 2943 2016 2969 seu

173 2996 359 3037 doctoris
382 2994 561 3053 gradum
579 2996 780 3051 consequi
804 2995 1082 3052 adspirarent.
1112 2998 1159 3037 In
1188 2998 1252 3039 1115
1272 3015 1372 3040 vero
1398 2999 1530 3050 libris,
1560 3015 1608 3040 ac
1640 2998 1826 3039 thesibus
1848 2996 1891 3035 in
1919 3007 2015 3049 spe-

173 3062 281 3102 ciem
300 3058 520 3101 adserendi
547 3060 640 3113 jura
660 3059 893 3100 Sacerdotii
915 3072 1036 3118 atque
1059 3061 1227 3119 Imperii
1242 3062 1271 3103 ii
1295 3064 1521 3104 traduntur
1539 3078 1717 3114 erroreS,
1743 3071 1789 3101 ut
1805 3073 1884 3117 pro
1908 3055 2016 3096 salu-

173 3125 273 3166 taris
297 3124 496 3165 doctrinae
510 3124 727 3181 praeceptis
743 3136 947 3165 venenata
965 3126 1139 3166 omnino
1159 3127 1530 3184 poculajuventuti
1551 3128 1838 3185 porrigantur.
1859 3122 2017 3162 Auctor

169 3188 377 3246 siqnidem
396 3188 534 3246 pravis
555 3188 637 3229 suis
657 3189 1032 3246 propositionibus,
1057 3205 1284 3249 earumque
1310 3191 1571 3243 commentis,
1601 3191 1669 3232 illa
1689 3188 1829 3231 onmia
1843 3218 1853 3237 ,
1881 3200 1971 3242 qua*
1992 3200 2014 3225 3
