2135 3442
207 138 282 175 230
808 133 1119 170 ALLOCUTION
1146 132 1212 168 DE
1240 132 1319 168 PIE
1345 131 1418 168 IX.

207 238 254 264 ac
269 221 485 264 universus
503 221 587 262 fere
607 231 813 263 terrarum
829 219 945 261 orbis
965 230 1184 276 tantopere
1205 228 1268 259 est
1288 217 1533 264 funestatus,
1557 226 1598 257 et
1617 216 1863 258 funestatur.
1882 217 2029 275 Neque

206 285 403 345 ignoratis
426 286 659 342 cujusmodi
686 285 843 327 bellum
872 295 1017 326 contra
1050 282 1348 325 sanctissimam
1381 291 1570 322 nostram
1592 280 1838 339 religionem
1868 283 1912 323 in
1939 282 2029 340 ipsa

205 366 372 409 quoque
390 351 506 392 Italia
528 367 638 393 nunc
655 361 836 409 geratur,
855 350 1087 406 quibusque
1110 347 1341 395 fraudibus,
1360 357 1400 388 et
1413 345 1795 387 machinationibus
1809 348 2030 388 teterrimis

205 415 332 473 ipsius
353 414 578 474 religionis,
605 426 645 456 et
671 414 800 456 civilis
830 412 1036 455 societatis
1059 413 1200 454 hostes
1228 411 1521 470 imperitorum
1549 410 1781 468 praesertim
1811 413 1972 453 animos
2007 427 2030 453 a

206 479 304 521 fidei
334 479 564 530 sanctitate,
591 495 773 536 sanaque
797 478 986 520 doctrina
1018 488 1218 530 avertere,
1242 491 1397 534 eosque
1429 475 1698 517 aestuantibus
1731 475 2031 517 incredulitatis

205 543 399 585 fluctibus
423 543 681 601 demergere,
707 554 830 600 atque
855 542 908 583 ad
928 541 1166 600 gravissima
1183 556 1355 598 quaeque
1375 539 1613 598 peragenda
1641 538 1827 580 facinora
1844 539 2030 597 compel-

205 608 289 649 lere
318 619 536 649 conentur.
567 610 700 664 Atque
724 619 769 648 ut
796 606 955 648 facilius
979 622 1124 648 eorum
1145 606 1315 646 consilia
1343 605 1396 645 ad
1415 606 1574 645 exitum
1594 604 1839 662 perducere,
1869 614 1912 645 et
1930 605 2031 645 hor-

205 672 345 714 ribiles
373 674 570 730 cujusque
593 671 823 722 seditionis,
846 682 886 712 et
909 670 1233 729 perturbationis
1255 682 1392 711 motus
1415 668 1609 719 excitare,
1638 685 1686 710 ac
1710 668 1851 711 fovere
1873 668 2034 726 possint

206 739 495 779 haereticorum
516 738 737 779 hominum
752 736 934 794 vestigiis
952 735 1216 786 inhoerentes,
1243 750 1432 793 suprema
1454 733 1646 776 Ecclesiae
1664 735 1913 775 auctoritate
1935 748 2033 774 om-

207 801 309 842 nino
339 802 551 859 despecta,
572 801 695 859 plane
715 817 801 842 non
827 801 1023 841 dubitant
1045 814 1256 841 sacrarum
1273 800 1583 857 Scripturarum
1605 799 1750 848 verba,
1776 797 2033 850 testimonia,

208 867 433 907 sententias
454 868 617 924 privato
648 866 833 923 propriO,
865 880 1078 923 pravoque
1109 879 1233 905 sensu
1256 864 1466 913 invocare,
1497 863 1779 921 interpretari,
1810 864 2030 915 invertere,

210 929 473 988 detorquere,
506 946 553 971 ac
576 945 651 987 per
679 944 887 970 summam
920 929 1178 985 impietatem
1213 929 1469 969 sanctissimo
1490 927 1641 969 Christi
1676 927 1846 969 nomine
1878 927 2036 969 nefarie

210 994 328 1036 abuti
350 1011 436 1036 non
460 993 750 1036 reformidant.
779 994 925 1049 Neque
944 1008 1015 1033 eos
1035 991 1165 1049 pudet
1181 993 1321 1050 palam
1341 993 1590 1051 publiceque
1613 1007 1818 1043 asserere,
1846 1003 1936 1033 tum
1959 1007 2033 1033 cu-

205 1061 353 1116 jusque
386 1058 628 1100 sanctissimi
654 1059 883 1114 juramenti
914 1056 1200 1107 violationem,
1225 1067 1316 1098 tum
1341 1058 1569 1114 quamlibet
1592 1057 1824 1107 scelestam,
1853 1055 2037 1114 flagitio-

210 1139 381 1180 samque
409 1122 617 1164 actionem
641 1123 902 1180 sempiternae
923 1121 1003 1179 ipsi
1024 1132 1182 1162 naturae
1209 1121 1291 1178 legi
1312 1132 1617 1180 repugnantem
1640 1137 1727 1162 non
1757 1121 1894 1177 solum
1923 1120 2038 1163 haud

210 1203 295 1230 esse
327 1187 671 1246 improbandum,
695 1202 839 1228 verum
870 1187 996 1227 etiam
1020 1186 1195 1227 omnino
1225 1186 1397 1237 licitam,
1432 1186 1686 1243 summisque
1713 1185 1908 1228 laudibus
1930 1186 2036 1228 effe-

208 1253 401 1303 rendum,
432 1251 602 1309 quando
632 1252 676 1293 id
701 1268 778 1310 pro
804 1252 951 1309 patriae
982 1266 1140 1301 amore,
1166 1262 1211 1291 ut
1233 1250 1311 1308 ipsi
1335 1251 1494 1306 dicunt,
1517 1262 1678 1309 agatur.
1718 1251 1812 1303 Quo
1835 1252 1965 1309 impio
1991 1267 2038 1293 ac

209 1328 462 1374 praepostero
493 1316 818 1374 argumentandi
848 1331 998 1373 genere
1031 1316 1083 1356 ab
1112 1315 1318 1370 ejusmodi
1344 1316 1588 1357 hominibus
1612 1316 1747 1357 omnis
1768 1331 1935 1372 prorsus
1955 1316 2037 1358 ho-

210 1393 361 1432 nestas,
391 1381 538 1435 virtus,
555 1380 714 1436 justitia
736 1382 901 1438 penitus
930 1381 1102 1430 tollitur,
1131 1390 1254 1438 atque
1279 1380 1463 1421 nefanda
1489 1381 1616 1438 ipsius
1638 1379 1825 1430 latronis,
1849 1391 1890 1421 et
1905 1379 2039 1422 sicarii

213 1447 365 1504 agendi
383 1447 489 1488 ratio
508 1462 585 1504 per
606 1445 840 1487 inauditam
862 1444 1169 1503 impudentiam
1188 1444 1428 1486 defenditur
1452 1456 1493 1486 et
1515 1444 1850 1486 commendatur.

270 1687 340 1728 Ad
357 1697 513 1728 ceteras
531 1685 771 1727 innumeras
785 1685 969 1736 fraudes,
988 1685 1140 1742 quibus
1159 1685 1372 1727 catholieae
1390 1685 1584 1727 Ecclesiae
1607 1684 1765 1726 inimici
1778 1685 2043 1727 continenter

214 1762 400 1801 utuntur,
425 1761 471 1791 ut
500 1752 689 1791 incautos
719 1751 947 1808 praesertim
969 1760 1009 1791 et
1041 1749 1256 1807 imperitos
1287 1751 1340 1790 ab
1361 1751 1490 1808 ipsius
1511 1749 1704 1791 Ecclesiae
1728 1751 1819 1791 sinu
1844 1749 2038 1801 avellant,

215 1828 256 1858 et
278 1816 501 1873 abripiant,
528 1814 739 1856 acerrimae
760 1816 900 1865 etiam,
934 1830 981 1855 ac
1002 1815 1246 1871 turpissimae
1268 1814 1471 1855 accedunt
1493 1814 1726 1866 calumniae,
1752 1829 1854 1871 quas
1876 1814 1920 1854 in
1938 1814 2041 1855 Per-

215 1896 362 1922 sonam
386 1880 583 1921 Nostram
613 1879 848 1930 intendere,
877 1891 918 1921 et
943 1879 1157 1920 cominisci
1180 1895 1264 1919 non
1298 1880 1563 1920 erubescunt.
1606 1880 1693 1920 Nos
1722 1879 1891 1936 quidem
1920 1878 2044 1921 nullis

216 1946 311 1987 licet
330 1945 493 1986 Nostris
515 1944 672 1985 meritis
692 1944 803 1986 Illius
826 1944 891 1986 his
913 1945 956 1985 in
970 1945 1091 1986 terris
1111 1943 1306 1985 vicariam
1325 1955 1516 2001 gerentes
1537 1959 1723 2001 operam,
1746 1949 1818 2002 qui
1840 1959 1931 1984 cum
1953 1960 2044 1985 ma-

221 2011 470 2051 lediceretur
506 2026 587 2050 non
616 2010 907 2061 maledicebat,
932 2026 1022 2050 cum
1049 2018 1270 2066 pateretur
1304 2025 1385 2049 non
1408 2008 1752 2063 comminabatur,
1781 2007 2045 2050 acerbissima

217 2091 389 2132 quaeque
412 2075 600 2115 convicia
620 2075 662 2114 in
682 2076 798 2115 omni
812 2075 1028 2133 patientia,
1057 2090 1105 2115 ac
1122 2074 1286 2116 silentio
1306 2073 1505 2131 perferre,
1530 2084 1571 2115 et
1586 2089 1663 2131 pro
1680 2073 2042 2130 persequentibus,

219 2150 260 2180 et
280 2139 631 2180 calumniantibus
650 2139 736 2180 Nos
752 2156 870 2180 orare
887 2154 1117 2196 numquam
1142 2139 1373 2179 omisimus.
1398 2139 1555 2179 Verum
1573 2154 1669 2178 cum
1685 2137 1895 2178 debitores
1917 2136 2044 2177 simus

218 2204 487 2261 sapientibus,
515 2214 556 2245 et
590 2203 898 2261 insipientibus,
935 2202 1210 2260 omniumque
1245 2202 1366 2244 saluti
1400 2201 1615 2244 consulere
1652 2201 1892 2252 debeamus,
1930 2200 2046 2243 haud

219 2284 455 2326 possumus,
490 2270 589 2324 quin
622 2269 677 2309 ad
703 2268 1018 2326 praecavendam
1044 2267 1273 2326 praesertim
1293 2267 1555 2308 infirmorum
1583 2265 1875 2317 offensionem,
1896 2266 1940 2306 in
1963 2267 2045 2308 hoc

218 2344 354 2375 vestro
374 2333 576 2374 Consessu
609 2349 632 2373 a
651 2334 783 2374 Nobis
810 2332 1044 2390 rejiciamus
1067 2333 1326 2374 falsissimam
1349 2332 1478 2382 illam,
1506 2343 1548 2373 et
1570 2331 1761 2372 omnium
1788 2331 2043 2372 teterrimam

219 2397 486 2448 calumniam,
517 2414 607 2455 quse
626 2409 774 2439 contra
794 2399 1022 2440 Personam
1045 2398 1290 2438 humilitatis
1312 2407 1463 2437 nostrae
1492 2411 1567 2453 per
1589 2396 1892 2436 recentissimas
1918 2410 2042 2452 quas-

221 2464 319 2505 dam
340 2463 629 2520 ephemeridas
647 2475 707 2505 est
724 2463 929 2521 evulgata.
957 2464 1044 2504 Etsi
1063 2478 1163 2504 vero
1185 2460 1421 2503 incredibili
1439 2462 1613 2501 horrore
1635 2460 1774 2501 affecti
1795 2459 1948 2500 fuimus
1970 2459 2045 2500 ubi

221 2527 322 2568 illud
336 2538 619 2568 commentum
638 2528 826 2585 legimus,
844 2544 927 2584 quo
942 2528 1097 2568 inimici
1112 2528 1303 2567 homines
1316 2525 1464 2575 Nobis,
1485 2535 1526 2565 et
1540 2525 1791 2582 Apostolicae
1805 2523 1902 2565 Sedi
1918 2538 2044 2581 grave

220 2591 368 2633 vulnus
386 2591 540 2633 inferre
554 2592 898 2641 commoliuntur,
924 2603 1066 2632 tamen
1085 2591 1200 2631 nullo
1221 2589 1351 2630 modo
1373 2590 1507 2630 vereri
1526 2590 1745 2646 possimus,
1766 2604 1820 2630 ne
1839 2588 2043 2644 ejusmodi

221 2655 457 2714 turpissima
482 2656 701 2697 mendacia
731 2657 795 2697 vel
825 2655 969 2697 leviter
1005 2655 1224 2696 offendere
1259 2664 1413 2710 queant
1445 2669 1682 2711 supremam
1711 2654 1827 2695 illam
1860 2652 2044 2694 veritatis

220 2720 487 2770 Cathedram,
513 2731 553 2761 et
574 2721 677 2771 Nos,
700 2719 770 2777 qui
792 2719 905 2760 nullo
931 2719 1176 2759 meritorum
1199 2717 1398 2775 suffragio
1432 2717 1475 2758 in
1499 2735 1546 2759 ea
1577 2718 1770 2760 collocati
1802 2733 1958 2759 sumus.
1990 2717 2043 2757 Et

220 2784 388 2842 quidem
414 2784 609 2842 singulari
633 2783 710 2825 Dei
733 2784 1017 2825 misericordia
1042 2781 1192 2823 divinis
1230 2781 1309 2822 illis
1333 2783 1463 2822 nostri
1498 2782 1793 2841 Redemptoris
1815 2782 1952 2824 verbis
1980 2781 2040 2821 uti

220 2865 437 2907 possumus
464 2866 472 2889 :
515 2849 609 2906 Ego
631 2849 778 2905 palam
808 2849 1002 2905 loquulus
1022 2863 1111 2887 sum
1136 2846 1364 2887 munda...
1391 2856 1430 2887 et
1468 2853 1511 2887 iu
1534 2848 1694 2889 occulto
1737 2848 1929 2905 loquutus
1950 2861 2039 2885 sum

220 2914 344 2955 nihil.
381 2915 521 2970 Atque
544 2913 628 2963 hic,
650 2912 918 2955 Venerabiles
938 2913 1118 2963 Fratres,
1154 2921 1442 2968 opportunum
1465 2911 1656 2954 ducimus
1686 2927 1736 2954 ea
1772 2911 1860 2969 ipsa
1891 2909 2040 2951 iterum

221 2977 357 3020 dicere
388 2989 429 3020 et
463 2977 685 3028 inculcare,
711 2993 800 3035 quae
821 2976 863 3017 in
892 2977 1041 3017 Nostra
1066 2975 1296 3032 praesertim
1317 2975 1585 3017 Allocutione
1612 2977 1667 3018 ad
1687 2992 1760 3017 vos
1785 2974 1851 3016 die
1879 2980 1928 3016 17
1950 2974 2037 3014 De-

221 3043 398 3084 cembris
422 3058 532 3083 anno
556 3046 666 3085 1847
681 3075 690 3093 ,
716 3041 859 3082 habita
883 3039 1200 3090 declaravimus,
1223 3039 1413 3081 inimicos
1431 3040 1589 3082 scilicet
1607 3041 1814 3090 homines,
1833 3053 1916 3095 quo
1934 3036 2038 3079 faci-

219 3107 297 3149 lius
315 3123 472 3159 veram,
491 3121 815 3165 germanamque
839 3103 1051 3146 catholicae
1069 3103 1278 3161 religionis
1301 3103 1535 3146 doctrinam
1551 3119 1831 3161 corrumpere,
1852 3101 2038 3159 aliosque

223 3171 431 3229 decipere,
457 3182 498 3213 et
520 3172 563 3212 in
592 3186 778 3213 errorem
809 3169 1005 3211 inducere
1037 3179 1207 3225 queant,
1235 3167 1374 3210 onmia
1405 3168 1678 3219 comminisci,
1712 3167 1851 3209 omnia
1879 3165 2033 3220 moliri,
