2135 3442
149 182 198 218 22
396 176 707 222 ENCYCLIQUE
735 174 800 210 DE
828 174 875 209 N.
909 173 952 209 T.
983 170 1024 209 S.
1054 170 1098 208 P.
1127 169 1189 205 LE
1217 169 1342 204 PAPE
1370 169 1450 204 PIE
1472 168 1547 207 IX.
1603 168 1724 207 1864.

207 265 304 307 Χῖ.
337 261 630 304 Ecclesiastica
661 270 845 318 potestas
870 273 989 300 suam
1014 254 1310 298 auctoritatem
1334 269 1532 298 exercere
1552 268 1644 296 non
1668 253 1798 298 debet
1823 257 1985 315 absque

152 329 280 371 civilis
300 328 494 386 gubernii
512 326 634 368 venia
656 335 698 367 et
717 338 902 366 assensu.

204 409 325 447 Alloc.
347 411 525 444 Meminit
542 409 804 454 unusquIsque,
827 405 876 440 30
895 399 1119 453 septembris
1140 401 1236 440 1861
1249 429 1260 448 ‚
1271 413 1363 449 pag.
1384 399 1478 441 446,

210 485 334 526 XXI.
376 483 560 525 Ecclesia
596 498 682 523 nou
718 480 847 521 habet
881 487 1133 535 potestatem
1169 474 1408 533 dogmatice
1445 474 1703 528 definiendi,
1738 473 1990 532 religionem

154 549 370 592 catholicoe
386 546 579 589 Ecclesiae
598 562 689 587 esse
708 544 830 585 unice
847 558 989 584 veram
1008 539 1273 599 religionem.

206 618 1011 676 Litt.Apost.Muluplcceszntcr10junii
1040 619 1269 667 1851‚pag.
1299 617 1393 655 286,

211 703 353 744 XXII.
389 701 514 758 Oblig
491 700 618 748 statio,
637 714 720 756 qua
735 696 931 739 catholici
952 693 1143 752 magistri
1163 703 1205 734 et
1222 691 1448 750 scriptores
1464 691 1643 733 omnino
1658 691 1991 750 adstringuntur,

155 777 392 809 coarctatur
411 767 453 806 in
479 765 530 806 iis
551 774 731 815 tantum,
754 777 847 820 quac
867 761 921 802 ab
947 757 1157 801 infallibili
1175 757 1372 799 Ecclesiae
1385 755 1546 812 judicio
1564 756 1693 798 veluti
1719 756 1921 816 dogmata
1939 756 1994 798 ab

159 831 357 872 omnibus
379 829 566 872 credend
571 846 593 870 a
612 837 922 886 proponuntur.

207 903 329 958 Epist.
351 907 399 943 ad
419 906 600 958 Aichiep.
632 905 798 954 Fiising.
824 906 857 940 T
855 915 924 940 uas
936 901 1111 948 libenter,
1127 903 1173 939 21
1197 897 1410 937 decembris
1430 899 1551 946 1863,
1568 911 1666 949 pag.
1687 899 1780 937 496.

213 980 379 1020 XXIII.
412 978 596 1020 Romani
618 977 842 1019 Pontifices
860 986 903 1017 et
922 974 1108 1016 Concilia
1127 973 1387 1015 oecumenica
1410 987 1435 1014 a
1452 971 1657 1013 limitibus
1674 986 1759 1013 suae
1776 968 1996 1028 potestatis

155 1054 432 1094 recesselunt,
450 1046 542 1098 jura
565 1042 806 1100 principum
833 1048 1108 1097 usurparunt,
1135 1048 1261 1096 atque
1281 1037 1409 1079 etiam
1433 1037 1478 1078 in
1497 1036 1622 1078 rebus
1645 1034 1746 1077 fidei
1765 1045 1808 1076 et
1826 1048 1997 1076 morum

157 1106 408 1148 definiendis
429 1118 639 1149 errarunt.

206 1187 297 1224 Litt.
319 1190 452 1237 Apost.
475 1187 708 1236 Multiplices
728 1188 838 1232 inter,
860 1185 912 1222 10
931 1182 1030 1230 junii
1050 1183 1279 1232 1851,pag.
1299 1181 1394 1220 286.

215 1262 373 1303 XXIV.
406 1261 591 1302 Ecclesia
621 1259 682 1301 vis
714 1258 945 1301 inserendae
972 1268 1250 1317 protestatem
1274 1272 1364 1299 non
1394 1256 1547 1307 habet,
1578 1272 1716 1315 neque
1743 1267 2003 1315 potestatem

158 1326 284 1368 ullam
309 1325 588 1384 temporalem
606 1325 811 1366 directam
827 1324 895 1366 vel
910 1323 1179 1365 indirectam.

209 1409 297 1446 Litt.
320 1411 455 1459 Apost.
476 1410 541 1445 Ad
553 1410 791 1457 Apostolicae,
809 1410 860 1444 22
875 1405 1025 1456 augusti
1045 1407 1164 1451 1851,
1183 1417 1278 1454 pag.
1292 1406 1385 1441 292.

215 1486 354 1527 XXV.
388 1486 545 1526 Praeter
560 1495 815 1541 potestatem
832 1481 1092 1541 episcopatui
1113 1481 1410 1533 inhaerentem,
1434 1479 1514 1521 alia
1534 1490 1596 1522 est
1617 1481 1820 1522 attributa
1841 1491 2009 1540 tempo-

158 1550 256 1591 ralis
276 1559 461 1606 potestas
485 1565 507 1588 a
528 1547 635 1589 civili
658 1548 836 1605 imperio
873 1546 939 1588 vel
970 1560 1167 1604 expresse
1183 1544 1250 1586 vel
1268 1544 1392 1586 tacite
1410 1560 1626 1596 concessa,
1645 1544 1886 1587 revocanda
1905 1561 2008 1604 pro-

160 1625 322 1672 pterea,
347 1629 445 1655 cum
465 1613 654 1664 libuerit,
673 1628 696 1653 a
713 1612 825 1653 civili
841 1612 1039 1669 imperio.

214 1696 303 1733 Litt.
325 1699 458 1747 Apost.
477 1697 543 1731 Ad
552 1695 788 1743 Apostolc'cae‚
802 1696 852 1731 22
877 1692 1029 1745 augusti
1052 1694 1172 1741 1851,
1186 1703 1283 1743 pag.
1306 1692 1400 1729 292.

222 1772 382 1812 XXVI.
416 1769 602 1812 Ecclesia
633 1785 721 1811 non
750 1769 879 1811 habet
907 1768 1099 1811 nativum
1124 1783 1172 1809 ac
1195 1766 1432 1826 legitimum
1457 1770 1526 1823 jus
1553 1767 1800 1826 acquirendi
1826 1783 1877 1812 ac
1905 1783 2007 1826 pos-

170 1834 349 1877 sidendi.

221 1915 344 1953 Alloc.
374 1916 577 1963 Nunquam
598 1915 693 1964 fore,
718 1916 768 1951 15
788 1912 1000 1951 decembris
1021 1913 1248 1961 1856‚pag.
1273 1911 1368 1950 382.

221 1967 342 2017 Epist.
365 1967 512 2017 encycl.
538 1966 772 2015 IncredibiIi‚
793 1969 842 2004 17
863 1964 1088 2016 septembris
1106 1966 1332 2013 1863‚pag.
1353 1965 1446 2004 488.

231 2055 411 2096 XXVII.
448 2055 562 2095 Sacri
580 2053 775 2095 Ecclesiae
792 2051 973 2094 ministri
990 2054 1292 2109 Romanusque
1307 2051 1505 2094 Pontifex
1527 2053 1581 2094 ab
1604 2054 1724 2094 omni
1743 2069 1886 2096 rerum
1904 2065 2015 2097 tem·

174 2119 384 2178 poralium
407 2134 506 2159 cura
532 2134 579 2159 ac
598 2117 788 2159 dominio
809 2128 907 2159 sunt
929 2116 1106 2158 omnino
1126 2115 1397 2157 excludendi.

226 2202 348 2241 Alloc.
379 2205 561 2240 Maxima
576 2203 742 2250 quidem,
765 2202 787 2237 9
814 2199 912 2247 junii
932 2202 1051 2246 1862,
1066 2212 1164 2249 pag.
1187 2201 1282 2236 454.

233 2278 435 2321 XXVIII.
470 2277 700 2335 Episcopis,
726 2276 815 2318 sine
846 2274 1043 2333 gubernii
1063 2275 1203 2326 venia,
1234 2273 1294 2316 fas
1324 2289 1414 2316 non
1443 2284 1504 2316 est
1528 2273 1595 2316 vel
1622 2273 1732 2334 ipsas
1759 2275 2013 2336 apostolicas

176 2341 356 2384 Litteras
378 2341 664 2401 promulgare.

231 2425 354 2463 Alloc.
375 2427 576 2474 Nunquam
591 2422 693 2472 fore,
718 2425 767 2462 15
782 2421 996 2460 decembris
1016 2422 1136 2471 1856,
1153 2435 1244 2474 pag.
1267 2424 1360 2464 382.

235 2502 399 2542 XXIX.
434 2499 589 2542 Gratiae
625 2514 649 2539 a
673 2499 868 2539 Romano
897 2496 1102 2540 Pontifice
1134 2513 1340 2541 concessae
1369 2501 1599 2543 existimari
1624 2501 1782 2544 debent
1806 2513 2014 2560 tanquam

178 2566 321 2620 irritae,
347 2565 426 2606 nisi
446 2581 520 2622 per
537 2564 789 2623 gubernium
808 2561 964 2605 suerint
978 2562 1226 2620 imploratae.

231 2648 355 2685 Alloc.
376 2650 577 2695 Nunquam
595 2645 690 2692 sore,
709 2647 758 2683 15
776 2645 1225 2695 decembris1856,pag.
1249 2648 1341 2684 382.

236 2725 374 2765 XXX.
416 2722 613 2765 Ecclesiae
647 2733 690 2764 et
720 2736 997 2781 personarum
1024 2720 1401 2763 ecclesiasticarum
1436 2722 1679 2781 immunitas
1709 2739 1734 2765 a
1769 2726 1864 2780 jure
1902 2725 2014 2768 civili

180 2798 323 2831 ortum
343 2788 514 2830 habuit.-

227 2871 318 2911 Litt.
337 2874 470 2922 Apost.
492 2872 732 2919 Multiplz'ces
751 2873 864 2918 inter,
885 2871 935 2907 10
951 2868 1050 2918 junii
1068 2870 1290 2920 1851,pag.
1313 2870 1407 2909 286.

235 2948 393 2990 XXXI.
427 2946 765 2989 Ecclesiasticum
788 2946 929 2988 forum
946 2961 1023 3004 pro
1045 2945 1346 3004 temporalibus
1365 2945 1618 2988 clericorum
1636 2947 1769 2991 causis
1794 2946 1880 2990 sive
1909 2945 2012 2989 civi—

180 3014 289 3054 libus
312 3013 396 3054 sive
427 3011 713 3054 criminalibus
746 3012 920 3053 omnino
944 3011 997 3053 de
1018 3009 1162 3053 medio
1188 3009 1426 3053 tollendum
1456 3021 1521 3054 est
1550 3011 1677 3055 etiam
1698 3011 1942 3055 inconsulta
1970 3021 2015 3054 et

181 3078 435 3120 reclamante
458 3077 696 3135 Apostolica
716 3076 840 3118 Sede.

231 3154 356 3192 Alloc.
377 3153 680 3201 Acerbissimum,
697 3156 745 3191 27
761 3151 988 3204 septembris
1005 3154 1123 3199 1852,
1135 3165 1230 3202 pag.
1252 3153 1344 3192 320.

232 3205 357 3245 Alloc.
375 3209 577 3257 Nunquam
592 3207 687 3256 fore,
712 3208 760 3245 15
777 3204 989 3245 decembris
1010 3206 1128 3256 1856,
1149 3218 1240 3255 pag.
1265 3205 1358 3244 382.
