2135 3442
115 177 189 213 502
593 173 785 210 LETTRE
813 172 1167 219 APOSTOLIQUE
1195 171 1260 208 DE
1288 172 1368 207 PIE
1396 172 1469 207 IX.

114 262 448 306 mentationibus
471 261 629 303 debere
653 276 704 302 ex
723 260 977 302 conscientia
1000 259 1250 317 dogmaticis
1274 257 1505 299 infallibilis
1523 257 1737 299 catholicae
1759 258 1954 300 Ecclesiae

116 328 290 370 obedire
311 326 504 368 decretis.
528 327 641 368 Dum
664 342 767 368 vero
789 326 953 368 debitas
978 325 1057 365 illis
1077 324 1304 366 deferimus
1331 323 1493 373 laudes,
1525 323 1640 380 quod
1666 321 1845 380 professi
1875 322 1956 364 sint

114 393 354 442 veritatem,
382 407 473 448 quae
505 407 556 432 ex
588 391 804 433 catholicae
830 390 927 431 fidei
963 388 1222 448 obligatione
1253 388 1490 430 necessario
1523 387 1672 438 oritur,
1703 387 1955 445 persuadere

115 458 249 500 Nobis
278 457 488 508 volumus,
513 456 695 497 noluisse
728 454 1048 513 obligationem,
1079 469 1161 511 qua
1191 453 1385 496 catholici
1413 452 1618 510 magistri,
1655 467 1702 493 ac
1731 452 1957 510 scriptores

117 523 292 564 omniuo
317 522 646 580 adstringuntur,
667 530 882 562 coarctare.
911 519 954 559 in
977 518 1025 559 iis
1045 529 1225 569 tantum,
1247 534 1337 576 qum
1367 518 1420 558 ab
1445 517 1654 558 infallibili
1673 516 1868 558 Ecclesiae
1884 519 1956 574 ju-

117 589 244 638 dicio,
271 587 401 629 veluti
429 587 527 629 fidei
558 587 758 644 dogmata
790 586 844 626 ab
873 583 1070 626 omnibus
1093 584 1302 626 credenda
1329 594 1642 642 proponuntur.
1670 584 1809 640 Atque
1831 582 1959 624 etiam

116 653 250 696 Nobis
278 652 596 711 persuademus,
628 651 742 709 ipsos
768 649 952 691 noluisse
975 648 1202 700 declarare,
1226 649 1459 707 perfectam
1493 648 1608 688 illam
1635 664 1733 706 erga
1755 649 1959 689 revelatas

116 719 313 760 veritates
343 717 642 767 adharsionem,
665 731 794 773 quam
814 725 1078 773 agnoverunt
1100 714 1378 756 necessariam
1410 713 1584 754 omuino
1613 729 1700 754 esse
1734 712 1788 754 ad
1814 728 1962 754 verum

119 783 390 825 scientiarum
426 797 699 839 progressum
727 779 1052 837 assequendum,
1088 790 1131 821 et
1162 778 1217 820 ad
1245 795 1409 821 errores
1439 778 1740 829 confutandos,
1777 777 1961 819 obtineri

118 864 259 906 posse,
287 847 318 889 si
347 847 568 889 dumtaxat
593 844 873 903 Dogmatibus
895 845 948 886 ab
973 843 1159 885 Ecclesia
1186 859 1382 902 expresse
1404 843 1588 885 definitis
1616 843 1733 893 fides,
1761 854 1804 885 et
1832 843 1962 884 obse-

118 913 267 970 quium
289 912 554 953 adhibeatur.
587 911 781 967 Namque
815 908 979 951 etiamsi
1009 919 1205 966 ageretur
1235 908 1288 949 de
1322 908 1390 949 illa
1422 908 1706 963 subjectione,
1737 923 1830 965 quae
1863 906 1962 948 fidei

120 977 269 1018 divium
294 988 389 1019 actu
416 988 479 1017 cst
503 974 757 1034 praestanda,
783 973 1006 1015 limitanda
1036 985 1182 1014 tamen
1207 988 1295 1014 non
1323 984 1430 1014 esset
1456 973 1510 1014 ad
1538 990 1607 1023 ea,
1642 989 1733 1030 qua*
1759 971 1964 1030 expressis

121 1042 480 1084 oecumenicorum
500 1040 791 1082 Conciliorum
816 1050 886 1081 aut
913 1040 1212 1080 Romanorum
1235 1037 1488 1079 Pontificum
1505 1071 1514 1088 ,
1542 1038 1749 1094 hujusque
1776 1038 1962 1094 Aposto-

119 1108 207 1149 1103·
231 1107 351 1149 Sedis
377 1105 557 1147 decretis
582 1104 755 1146 definita
787 1115 900 1155 sunt,
921 1103 993 1145 sed
1014 1103 1067 1145 ad
1088 1119 1136 1144 ea
1157 1118 1326 1161 quoque
1347 1102 1615 1144 extendenda
1636 1118 1726 1159 quse
1748 1101 1964 1144 ordinario

122 1173 250 1214 totius
289 1170 484 1212 Ecclesia‘
514 1186 590 1228 per
622 1172 773 1212 orbem
811 1169 1008 1227 dispersae
1042 1167 1284 1227 magisterio
1313 1178 1520 1224 tanquam
1553 1167 1751 1209 divinitus
1782 1166 1966 1208 revelata

122 1238 362 1288 traduntur,
406 1235 588 1306 ideoque
623 1235 850 1277 universali
888 1245 930 1275 et
968 1233 1177 1275 constanti
1217 1248 1423 1274 consensu
1463 1250 1486 1274 a
1528 1232 1744 1274 catholicis
1778 1231 1965 1274 Theolo-

125 1306 185 1362 gis
223 1303 278 1344 ad
316 1302 441 1343 fidem
479 1301 692 1371 peltinere
732 1300 985 1342 retinentur.
1027 1298 1110 1340 Sed
1151 1314 1249 1340 cum
1286 1309 1434 1355 agatur
1474 1297 1526 1340 de
1564 1297 1634 1338 illa
1677 1297 1962 1353 subjectione,

123 1386 202 1428 qua
236 1385 287 1410 ex
319 1366 579 1408 conscientia
611 1366 638 1406 ii
665 1381 814 1407 onmes
844 1363 1041 1406 catholici
1065 1363 1405 1434 obstringuntur,
1433 1378 1476 1419 (11
1466 1363 1504 1403 111
1532 1363 1574 1403 111
1605 1362 1970 1419 contemplatlices

125 1433 319 1476 scientias
370 1432 638 1481 incumbunt,
682 1442 729 1472 ut
775 1446 907 1472 novas
955 1429 1039 1471 suis
1083 1428 1248 1486 scriptis
1288 1428 1485 1470 Ecclesi
1466 1444 1485 1467 0
1528 1427 1709 1469 affeiant
1746 1427 1967 1476 utilitates,

128 1499 280 1542 iccirco
320 1497 511 1553 ejusdem
547 1498 792 1537 Conventus
822 1496 897 1536 viri
930 1510 1230 1552 recognoscere
1263 1492 1434 1543 debent,
1461 1493 1721 1551 sapientibus
1754 1491 1973 1534 catholicis

125 1564 241 1606 haud
273 1563 369 1605 satis
395 1578 500 1612 esse,
527 1573 574 1603 ut
604 1562 774 1619 praefata
794 1560 991 1602 Ecclesiae
1019 1560 1217 1618 dogmata
1237 1559 1443 1616 recipiant
1468 1574 1515 1599 ac
1535 1569 1807 1607 venerentur,
1827 1572 1975 1599 verum

129 1629 256 1670 etiam
298 1643 404 1685 opus
437 1643 546 1677 esse,
588 1638 635 1666 ut
684 1642 727 1667 se
767 1625 992 1681 subjiciant
1041 1635 1130 1665 tum
1170 1623 1473 1674 decisionibus,
1512 1639 1603 1680 quse
1644 1622 1698 1663 ad
1736 1622 1973 1663 doctrinam

129 1694 387 1752 pertinentes
428 1708 449 1733 3
494 1690 724 1732 Pontificiis
760 1689 1173 1747 Congregationibus
1214 1689 1359 1746 plofel
1363 1700 1513 1733 untur
1550 1699 1641 1728 tum
1683 1687 1730 1727 iis
1772 1687 1975 1728 doctrina

132 1758 354 1816 capitibus,
390 1773 480 1814 qua
511 1755 731 1797 communi
759 1766 800 1796 ct
830 1754 1039 1796 constanti
1065 1753 1307 1795 Catholicor
1312 1770 1382 1794 um
1412 1768 1623 1794 consensu
1652 1751 1903 1801 retinentur,
1931 1763 1977 1792 ut

132 1824 378 1881 theologica
398 1822 597 1863 101113105
627 1833 666 1861 et
693 1820 988 1862 conclusiones
1022 1819 1079 1860 ita
1109 1831 1246 1869 certae,
1276 1829 1321 1859 ut
1348 1818 1571 1876 opiniones
1593 1817 1751 1858 eisdem
1774 1816 1976 1857 docuinae

130 1888 336 1946 capitibus
361 1887 545 1928 adv-eise
573 1901 832 1943 quamquain
858 1883 1061 1925 haereticae
1083 1883 1165 1924 dici
1187 1894 1419 1940 nequeant.
1442 1894 1584 1923 tamen
1609 1882 1735 1922 aliam
1762 1880 1972 1938 theologi-

133 1970 227 1996 cain
254 1963 473 1994 1110110101
500 1966 739 1993 censuram
768 1951 917 2006 Itaque
944 1949 971 1989 11
977 1949 1060 1989 iud
1083 1948 1370 1989 existimamus
1391 1964 1517 1998 11105,
1544 1947 1615 2004 qui
1640 1956 1979 1988 commemorato

129 2017 379 2062 Monacensi
398 2017 626 2057 interfuere
648 2014 900 2065 Conventui,
918 2014 1006 2055 ullo
1026 2014 1157 2055 modo
1177 2013 1379 2084 potuisse,
1402 2024 1474 2054 aut
1489 2012 1669 2053 voluisse
1687 2012 1855 2052 obstare
1873 2009 1978 2052 doc-

135 2084 251 2125 nina
274 2099 301 2124 11
292 2098 410 2140 1·01301
432 2082 631 2139 expositae
652 2098 744 2138 qur
765 2096 816 2122 ex
835 2096 943 2121 vera
972 2078 1195 2137 theologiae
1224 2078 1441 2150 principiis
1470 2077 1513 2118 in
1541 2076 1732 2118 Ecclesia
1756 2075 1976 2121 retinetur

132 2149 235 2207 quin
272 2148 402 2188 immo
436 2162 485 2188 ea
522 2147 676 2188 fiducia
712 2157 998 2187 sustentamm
1025 2144 1134 2195 f01e,
1158 2154 1205 2184 ut
1237 2143 1316 2201 ipsi
1348 2143 1391 2184 in
1421 2142 1704 2185 severimibus
1734 2122 1977 2183 excolendis

134 2213 365 2271 disciplinis
394 2212 525 2254 velint
555 2212 609 2253 ad
640 2211 874 2253 enunciat‘e
902 2209 1104 2252 doctrina
1134 2224 1331 2250 normam
1364 2224 1407 2249 se
1434 2208 1534 2266 (11113
1521 2218 1661 2249 enter
1689 2206 1976 2248 confor.mare

139 2281 241 2332 Quae
276 2279 429 2319 Nostra
460 2277 613 2318 fiducia
650 2276 885 2334 praeseltiiii
916 2275 1067 2317 nititur
1090 2274 1139 2315 115
1167 2273 1350 2323 Litteris,
1379 2289 1482 2330 quas
1516 2289 1594 2331 per
1624 2283 1681 2323 te,
1716 2270 1983 2313 Venerabilis

137 2347 298 2392 Frater,
322 2342 456 2383 Nobis
484 2342 707 2383 miserunt.
729 2341 770 2382 Si
801 2340 973 2398 quidem
993 2340 1152 2381 eisdem
1174 2338 1344 2380 Litteris
1369 2354 1467 2379 cum
1493 2353 1656 2379 summa
1681 2336 1812 2378 animi
1837 2335 1981 2378 Nostri

137 2407 430 2450 consolatione
464 2407 540 2464 ipsi
576 2407 832 2464 profitentur
862 2406 942 2447 sibi
976 2405 1019 2446 in
1051 2404 1245 2462 cogendo
1281 2405 1502 2444 Conventu
1536 2414 1726 2444 mentem
1760 2415 1983 2472 nunquam

138 2474 265 2515 fuisse
294 2472 362 2513 101
394 2472 615 2513 minimam
642 2472 722 2513 sibi
755 2487 956 2528 arrogare
990 2469 1300 2520 auctoritatem,
1331 2485 1422 2525 (1113
1459 2467 1511 2509 311
1540 2466 1773 2509 Ecclesiam
1806 2464 1983 2507 omnino

139 2538 337 2610 pertinet,
364 2553 411 2578 30
444 2537 565 2578 simul
602 2548 826 2587 testantur,
856 2535 1057 2586 noluisse,
1086 2534 1285 2577 eumdem
1320 2533 1535 2575 dimittere
1568 2534 1850 2583 Conventum,
1877 2530 1982 2601 11010

141 2603 328 2662 primum
352 2602 438 2643 decl
447 2619 501 2642 3··1
496 2613 618 2643 fluent
645 2618 856 2643 summam
879 2600 1210 2651 observantiam,
1239 2599 1544 2648 obedientiam,
1573 2614 1620 2639 30
1650 2597 1822 2638 filialem
1844 2595 1984 2654 pieta—

140 2680 242 2718 tem,
265 2683 383 2724 qua
366 2668 455 2708 Nos
473 2678 513 2707 et
534 2668 642 2708 113110
660 2667 775 2708 Petii
795 2666 1053 2709 Cathedram
1073 2665 1289 2707 catholicae
1310 2676 1400 2706 un1t
1405 2675 1483 2705 itis
1504 2674 1697 2704 centrum
1713 2676 1984 2720 plosequun-

146 2744 231 2775 tur.
254 2732 395 2774 Cum
386 2749 422 2790 13
421 2732 512 2773 itur
529 2731 643 2773 hisce
668 2732 860 2774 sensibus
876 2747 1119 2802 supremam
1136 2731 1354 2781 Nostiam,
1381 2741 1421 2771 et
1441 2728 1696 2786 Apostolicae
1721 2727 1846 2782 hujus
1865 2724 1986 2767 Sedis

144 2809 416 2856 potestatem,
439 2796 820 2853 auctoritatemque
842 2796 920 2854 ipsi
940 2807 1262 2854 100030050311ῑ,
1287 2811 1335 2836 30
1356 2795 1481 2836 simul
1506 2792 1762 2850 intelligant
1785 2789 1985 2850 gravissi-

145 2880 263 2904 mum
294 2862 479 2904 officium
501 2861 636 2903 Nobis
667 2861 750 2901 ab
740 2878 830 2918 ipso
850 2861 947 2902 Chi
938 2872 1016 2903 isto
1036 2831 1221 2903 Domino
1242 2860 1514 2902 commissum
1535 2858 1728 2916 regendi,
1759 2872 1807 2898 30
1832 2854 1984 2897 mode-

145 2929 267 2970 randi
291 2928 390 2969 unii
394 2944 439 2969 ei
443 2943 532 2969 sam
551 2943 596 2967 su
601 2942 669 2967 am
686 2926 933 2977 Ecclesiam,
957 2943 1005 2968 30
1024 2926 1226 2985 pascendi
1247 2941 1418 2967 omnem
1445 2941 1568 2966 suum
1591 2938 1764 2982 gregem
1789 2919 1985 2963 salutaris

148 2992 351 3034 doctrinae
383 2991 560 3050 pascuis,
596 3002 637 3032 et
667 2990 936 3032 continenter
966 2990 1239 3049 advigilandi,
1268 3007 1322 3033 ne
1359 2989 1620 3032 sanctissima
1659 2987 1776 3037 fides,
1810 2986 1985 3055 ejusque

149 3057 344 3098 doctrina
365 3057 497 3098 ullum
518 3072 705 3113 unquam
729 3055 1033 3100 detrimentum
1055 3056 1253 3113 patiatur,
1283 3055 1478 3097 dubitare
1506 3070 1594 3095 nou
1620 3066 1860 3111 possumus,
1884 3047 1984 3107 quin

150 3123 229 3181 ipsi
250 3122 532 3164 severioribus
561 3121 793 3180 disciplinis
822 3120 1077 3172 excolendis,
1104 3121 1337 3172 tradendis,
1368 3136 1564 3178 salveque
1592 3117 1794 3160 doctrinae
1817 3111 1985 3157 tuendae

148 3202 323 3245 opeiam
349 3200 551 3232 natantes
580 3203 681 3240 uno,
704 3186 940 3243 eodemque
968 3196 1160 3244 tempore
1186 3197 1429 3245 agnoscant,
1454 3201 1497 3227 se
1530 3184 1685 3227 debere
1716 3193 1758 3224 et
1788 3177 1980 3236 religiose
