2135 3442
807 259 896 295 XIV
923 260 1052 296 JULII
1079 259 1380 300 MDCCCLXIV.

1031 386 1168 396 ———

471 480 535 548 S.
587 480 655 548 S.
707 480 1019 546 DOMINI
1075 480 1394 549 NOSTRI
1451 479 1574 546 PII
1630 479 1720 545 IX

924 620 1266 672 EPIsTOLA.

642 758 978 804 VENERABILI
1008 752 1219 810 {FRATRI
1250 759 1556 804 HERMANNO

576 881 902 908 ARCHIEPISCOPO
959 881 1236 909 FRIBURGENSI
1287 882 1333 908 IN
1382 881 1621 916 BRISGOVIA,

849 970 999 1020 PIUS
1042 969 1212 1021 PAPA
1252 970 1344 1021 IX.

390 1100 663 1142 Venerabilis
689 1101 862 1155 Frater,
884 1101 1065 1143 salntem
1086 1111 1125 1143 et
1140 1101 1436 1160 Apostolicmn
1456 1100 1812 1142 Benedictionem.

235 1216 376 1268 Quum
396 1229 484 1254 non
506 1212 594 1254 sine
613 1213 797 1255 maxima
821 1213 952 1255 animi
968 1213 1115 1255 Nostri
1143 1213 1397 1272 aegritudine
1419 1229 1469 1254 ex
1490 1212 1687 1271 pluribus
1711 1211 1878 1253 nunciis
1897 1226 2017 1253 acce-

175 1279 330 1337 pimus,
355 1278 397 1319 in
417 1294 574 1335 magno
608 1279 689 1320 isto
711 1279 892 1321 Badensi
916 1281 1083 1321 Ducatu
1121 1279 1173 1321 de
1202 1295 1314 1321 novo
1344 1278 1617 1337 popularium
1646 1277 1888 1319 scholarum
1907 1275 2020 1334 regi—

175 1343 289 1384 mine
306 1343 447 1401 parari
470 1342 778 1396 ordinationes,
807 1360 900 1402 quae
917 1343 1044 1386 variis
1068 1343 1208 1386 modis
1232 1344 1508 1386 christianam
1533 1342 1766 1400 juventutis
1791 1340 2024 1383 institutio-

176 1424 287 1459 nem,
315 1420 356 1449 et
379 1407 680 1449 educationem
701 1409 745 1450 in
765 1425 970 1467 magnum
994 1409 1213 1452 adducunt
1235 1409 1478 1459 discrimen,
1503 1419 1731 1466 propterea
1753 1406 1870 1464 quod
1889 1405 1982 1448 illas
2005 1422 2030 1447 a

177 1473 350 1515 salutari
378 1474 597 1515 catholicae
627 1474 821 1516 Ecclesiae
851 1473 1096 1532 magisterio
1123 1492 1171 1517 ac
1198 1475 1417 1533 vigilantia
1439 1473 1629 1532 quotidie
1652 1472 1788 1530 magis
1809 1481 2024 1522 amovent,

176 1538 282 1579 nihil
313 1538 612 1589 dubitavimus,
643 1539 745 1596 quin
766 1550 826 1590 tn,
854 1540 1125 1582 Venerabilis
1143 1542 1308 1589 Frater,
1329 1556 1409 1598 pro
1440 1539 1594 1581 eximio
1615 1550 1689 1580 tuo
1727 1537 1771 1578 in
1791 1537 2030 1578 animarum

176 1604 309 1645 salute
329 1604 518 1645 curanda
539 1604 693 1654 studim
720 1621 768 1646 ac
802 1621 881 1662 pro
900 1617 1125 1664 perspecta
1141 1617 1213 1647 tua
1240 1605 1283 1647 in
1310 1605 1508 1647 Ecclesiae
1528 1604 1740 1654 libertate,
1765 1604 1940 1658 ejusque
1956 1602 2028 1657 ju-

174 1668 293 1710 ribus
328 1669 497 1710 tuendis
526 1669 766 1710 constantia
800 1669 967 1710 sortiter
998 1669 1049 1711 iis
1081 1671 1283 1711 omnibus
1307 1670 1551 1719 obsisteres,
1581 1685 1673 1725 quae
1709 1667 1776 1708 vel
1801 1665 2030 1707 minimum

176 1733 416 1774 animarum
441 1733 565 1774 saluti
590 1734 796 1774 damnum
817 1733 986 1785 afferre,
1009 1734 1075 1775 vel
1100 1735 1249 1791 quovis
1270 1734 1402 1775 modo
1423 1732 1675 1791 episcopalis
1704 1731 1765 1773 tui
1803 1728 2029 1772 ministerii

176 1797 359 1839 liberam
389 1798 685 1839 auctoritatem
720 1809 939 1839 coarctare
965 1810 1152 1855 possent.
1182 1798 1307 1852 Quod
1329 1809 1469 1839 autem
1493 1813 1572 1855 pro
1602 1807 1719 1838 certo
1739 1795 2026 1845 habebamus,

177 1861 221 1903 id
239 1862 478 1903 luculenter
501 1862 810 1904 confirmarunt
845 1874 926 1904 tuae
944 1863 1112 1905 Litterae
1134 1880 1259 1922 super
1284 1864 1368 1904 hoc
1401 1862 1509 1904 tanti
1534 1859 1744 1903 momenti
1768 1858 1942 1918 negotio
1977 1858 2031 1900 ad

178 1928 268 1969 Nos
296 1927 417 1978 datae,
444 1939 485 1969 et
517 1929 852 1969 commentarius
878 1927 1041 1969 eisdem
1071 1928 1276 1984 adjectus.
1304 1930 1367 1970 Ac
1398 1928 1674 1969 vehementer
1702 1926 1910 1973 laetamur,
1935 1938 2033 1966 cum

179 1991 411 2044 videamus,
443 2004 501 2043 te,
537 1992 805 2034 Venerabilis
834 1994 997 2045 Frater,
1026 1993 1125 2034 licet
1151 2004 1274 2035 aetate
1308 2008 1496 2050 gravem,
1531 2008 1609 2049 pro
1639 1989 1826 2032 Ecclesia
1861 1999 2032 2031 strenue

176 2073 367 2114 pugnare
403 2056 553 2098 eadem
586 2057 657 2098 illa
696 2056 973 2108 fortitudine,
1010 2073 1093 2114 qua
1123 2056 1167 2098 in
1202 2056 1454 2116 episcopalis
1488 2056 1549 2098 tui
1584 2054 1807 2097 ministerii
1850 2053 2032 2095 decursu

178 2137 446 2180 summopere
463 2121 710 2180 praestitisti,
738 2138 785 2163 ac
805 2122 1001 2172 Nostras,
1026 2134 1067 2163 et
1084 2123 1209 2177 hujus
1227 2124 1391 2164 Sanctae
1409 2122 1528 2164 Sedis
1547 2121 1696 2163 laudes
1720 2119 1889 2170 merito,
1914 2118 2028 2177 opti-

180 2201 336 2242 moque
363 2188 457 2241 jure
498 2186 577 2227 tibi
625 2186 899 2243 comparasti.
940 2186 1151 2243 Equidem
1189 2186 1301 2228 inter
1334 2186 1554 2236 maximas,
1593 2185 1747 2243 quibus
1780 2183 2024 2242 affligimur,

179 2250 445 2301 acerbitates,
470 2267 634 2292 summa
649 2251 806 2292 utimur
827 2252 1137 2303 consolatione,
1162 2263 1388 2294 noscentes
1409 2251 1631 2309 quomodo
1653 2250 1773 2291 dives
1788 2249 1832 2290 in
1860 2247 2028 2289 miseri-

178 2315 325 2357 cordia
343 2317 456 2357 Dcus
477 2317 705 2357 Sacrorum
725 2316 949 2357 Antistites
969 2332 1018 2357 eo
1043 2318 1205 2372 majore
1226 2317 1378 2358 divinae
1401 2333 1484 2358 suae
1504 2315 1649 2374 gratiae
1674 2312 1833 2356 auxilio
1853 2313 2030 2354 roboret

179 2379 233 2420 ad
251 2379 406 2421 Christi
424 2383 442 2421 J
448 2397 521 2422 esu
542 2397 714 2439 gregem
732 2381 955 2432 tuendum,
982 2398 1067 2439 quo
1098 2382 1292 2439 graviora
1325 2383 1369 2423 in
1401 2382 1542 2440 ipsum
1570 2395 1744 2438 gregem
1770 2375 2030 2420 luctuosissi—

178 2443 257 2485 mis
273 2444 389 2485 hisce
409 2445 675 2502 temporibus
695 2445 853 2486 damna
870 2445 1142 2487 inimicorum
1162 2445 1387 2487 hominum
1406 2462 1534 2504 opera
1558 2445 1727 2485 irruunt
1744 2455 1785 2485 et
1801 2441 2023 2484 invadunt.

236 2510 373 2551 Nemo
396 2521 506 2550 certe
528 2510 727 2568 ignorare
754 2522 910 2568 potest,
936 2511 1221 2552 tristissimam
1242 2528 1289 2553 ac
1314 2510 1623 2569 deplorandam
1651 2507 1960 2557 conditionem,
1983 2506 2027 2547 in

182 2590 308 2631 quam
329 2574 535 2615 hodierna
560 2575 739 2616 societas
760 2575 895 2633 magis
916 2576 960 2616 in
983 2575 1074 2616 dies
1094 2576 1349 2633 prolabitur,
1372 2575 1561 2617 derivare
1583 2590 1633 2614 ex
1652 2584 1717 2615 tot
1731 2570 2027 2614 funestissimis

180 2639 584 2687 machinationibus,
610 2656 701 2696 quoe
720 2640 999 2690 adhibentur,
1022 2651 1069 2681 ut
1098 2656 1119 2681 a
1146 2640 1329 2698 publicis
1349 2638 1696 2682 Institutionibus
1712 2653 1760 2679 ac
1781 2635 2026 2678 domesticis

182 2702 350 2744 familiis
366 2703 552 2760 quotidie
568 2704 699 2761 magis
720 2704 985 2745 sanctissima
1006 2704 1164 2746 Christi
1182 2704 1302 2756 fides,
1321 2704 1487 2761 religio,
1515 2705 1689 2760 ejusque
1710 2701 1904 2743 salutaris
1923 2700 2028 2742 doc-

182 2767 295 2809 trina
318 2778 578 2816 amoveatur,
612 2778 652 2807 et
686 2768 963 2809 saluberrima
985 2770 1075 2824 ejus
1097 2768 1158 2810 vis
1183 2779 1500 2826 coangustetur,
1527 2784 1574 2809 ac
1596 2765 1897 2825 praepediatur.
1921 2765 2026 2818 Quae

183 2831 548 2890 perniciosissimae
584 2832 918 2874 machinationes
959 2850 1009 2874 ex
1042 2845 1107 2875 tot
1135 2833 1276 2892 pravis
1313 2832 1515 2874 doctrinis
1547 2832 1788 2874 necessario
1818 2828 2024 2886 originem

186 2898 361 2948 habent,
389 2912 494 2953 quas
526 2896 605 2936 hac
632 2895 866 2937 miserrima
889 2909 1034 2939 nostra
1062 2909 1184 2939 aetate
1211 2914 1308 2939 cum
1332 2897 1519 2939 maximo
1543 2895 1779 2938 christianae
1810 2893 2026 2950 civilisque

184 2962 426 3020 reipublicae
447 2962 604 3003 damno
640 2961 830 3017 undique
851 2964 1058 3018 majorem
1085 2963 1128 3004 in
1158 2964 1336 3004 modum
1364 2963 1634 3012 invalescere,
1668 2972 1709 3001 et
1743 2969 1869 3017 caput
1901 2957 2025 2999 altius

186 3027 386 3068 extollere
407 3027 679 3068 vehementer
710 3025 919 3067 dolemus.
946 3029 1000 3068 Et
1020 3044 1120 3069 sane
1148 3045 1244 3070 cum
1273 3028 1471 3069 veritates
1502 3043 1525 3068 a
1546 3029 1636 3068 Deo
1669 3025 1863 3066 revelatae
1882 3022 2023 3080 impu-

186 3092 335 3133 denter
355 3092 634 3149 denegentur,
659 3091 722 3132 vel
753 3090 947 3131 humanae
975 3092 1154 3134 rationis
1175 3092 1357 3134 examini
1380 3091 1674 3146 subjiciantur,
1709 3088 1864 3140 evenit,
1887 3097 1933 3128 ut
1953 3085 2023 3127 illa

185 3156 439 3197 naturalium
464 3173 607 3198 rerum
626 3156 750 3214 plane
772 3155 945 3196 tollatur
963 3158 1183 3211 subjectio,
1210 3173 1302 3214 quae
1336 3155 1649 3214 supernaturali
1677 3152 1819 3196 ordini
1848 3148 2022 3192 omnino

186 3219 381 3274 debetur,
404 3234 534 3280 utque
550 3221 744 3263 homines
759 3221 812 3262 ab
834 3230 990 3262 aeterno
1015 3236 1091 3262 suo
1114 3221 1196 3262 fine
1217 3232 1452 3272 arceantur,
1478 3234 1710 3277 eorumque
1726 3214 2019 3274 cogitationes,
