2135 3442
170 163 218 197 72
874 158 1000 194 BREF
1028 158 1093 194 DE
1121 158 1200 192 PIE
1230 157 1294 194 VI.

176 272 194 288 «
232 252 341 303 terii,
366 260 408 290 et
440 249 696 307 apostolatus
718 249 770 291 de
792 265 876 307 quo
896 250 1187 307 praevaricatus
1209 259 1271 290 est
1295 247 1439 289 Judas.
1472 267 1489 282 »
1522 246 1604 288 Sed
1630 250 1852 305 perperam
1877 249 2010 289 insur-

173 326 298 373 gunt,
323 330 422 355 nam
438 316 576 372 primo
601 315 746 357 Petrus
771 331 856 357 non
883 315 1051 372 reliquit
1075 314 1208 355 turbae
1235 313 1476 354 libertatem
1499 311 1682 370 eligendi
1702 327 2010 370 quemcumque

174 380 395 434 voluisset3
419 379 491 421 sed
512 379 779 438 praescripsit,
810 391 851 421 et
884 379 1116 437 designavit
1138 393 1270 419 unum
1305 393 1356 419 ex
1386 377 1453 418 leis
1484 383 1588 420 οἰνὰς
1621 376 1691 434 qui
1727 392 1870 418 secum
1894 387 2013 419 erant

175 446 433 502 congregati.
470 446 649 486 Omnem
692 460 820 502 porro
861 443 1034 501 dissipat
1073 443 1364 500 exceptionem
1413 442 1740 500 Chrysostomus
1778 441 1969 498 inquiens
2000 458 2008 479 ι

183 531 199 545 «
236 509 350 562 Quid
374 510 502 567 ergo?
527 526 578 551 an
600 512 773 551 Petrum
795 511 931 567 ipsum
956 509 1108 566 eligere
1145 523 1232 548 nou
1262 507 1445 549 licebat?
1463 508 1636 549 Licebat
1666 507 1835 562 utique,
1862 505 1934 547 sed
1962 521 2014 545 ne

184 595 201 609 «
236 573 447 616 videretur
474 574 527 615 ad
557 574 733 632 gratiam
764 574 917 626 facere,
955 571 1179 613 abstinet&
1211 571 1379 624 »Quod
1415 572 1545 630 magis
1581 571 1807 612 roboratur
1841 585 1893 611 ex
1926 569 2017 610 aliis

177 638 290 679 Petri
313 639 489 680 subinde
506 639 645 698 gestis,
663 638 852 696 legendis
872 640 913 678 in
936 638 1055 695 epist.
1075 637 1117 677 S.
1132 637 1402 677 InnocentiiI
1423 636 1477 678 ad
1498 637 1750 678 Decentium
1761 636 2017 692 Episcopum

181 703 451 760 Fugubinum
467 703 498 744 ².
525 705 754 760 Postquam
778 719 876 744 vero
903 718 978 760 per
1004 703 1090 742 vim
1115 702 1388 753 Arianorum,
1413 701 1564 758 quibus
1593 701 1826 758 imperator
1854 698 2021 740 favebat

181 768 466 819 Constantius,
492 769 704 809 exturbari
735 784 757 809 a
789 768 870 809 suis
899 766 1068 808 sedibus
1097 776 1315 823 coeperunt
1347 765 1543 806 catholici
1561 765 1776 823 praesules,
1802 766 1843 805 in
1870 779 2021 821 easque

183 831 301 873 sedes
323 831 489 872 immitti
507 833 676 873 illorum
701 832 862 874 asseclae
896 833 965 887 (ut
999 832 1040 872 S.
1076 830 1332 872 Athanasius
1367 830 1628 888 deplorat‘ff,
1664 831 1751 887 ipsa
1782 840 2023 886 temporum

184 897 321 953 coegit
343 896 579 946 necessitas,
602 907 648 937 ut
665 897 706 937 in
724 898 1028 954 Episcoporum
1047 894 1322 937 electionibus
1339 895 1520 952 populus
1545 894 1721 946 adesset,
1742 893 1854 935 unde
1877 895 2024 935 incen-

187 961 359 1002 deretur
382 961 435 1002 ad
460 961 662 1002 tuendum
690 963 731 1002 in
753 978 826 1002 sua
855 960 954 1002 sede
976 960 1234 1018 Episcopum
1254 975 1380 1016 quem
1397 975 1543 1001 coram
1572 975 1614 1000 se
1636 959 1814 1000 electum
1840 974 1928 1000 esse
1953 973 2028 998 no-

185 1026 325 1067 visset.
349 1027 404 1066 At
424 1042 509 1066 non
545 1037 770 1083 propterea
795 1026 931 1066 clerus
953 1024 1108 1066 excidit
1126 1024 1444 1080 electionisjure
1464 1039 1592 1081 quam
1612 1034 1776 1064 constat
1807 1023 1861 1064 ad
1889 1024 2025 1081 ipsum

185 1089 385 1147 peculiari
412 1106 576 1148 semper
608 1092 701 1145 jure
727 1090 1005 1148 pertinuisse:
1036 1105 1171 1146 neque
1205 1105 1392 1147 unquam
1422 1099 1484 1130 est
1518 1083 1721 1146 agnitum,
1746 1087 1875 1129 veluti
1897 1087 2028 1128 modo

188 1154 517 1196 contenderetur
556 1154 750 1204 obtrudi,
787 1155 839 1195 ad
870 1154 1006 1196 solum
1042 1154 1250 1212 populum
1284 1153 1409 1195 fuisse
1451 1153 1707 1194 electionum
1741 1153 1834 1207 jura
1872 1152 2027 1193 delata.

191 1219 339 1275 Neque
372 1219 468 1260 ideo
495 1220 677 1260 Romani
704 1219 929 1261 Pontifices
950 1235 1139 1276 unquam
1158 1234 1276 1260 suam
1293 1219 1588 1259 auctoritatem
1611 1219 1789 1258 otiosam
1818 1216 2032 1273 quiescere

191 1283 480 1340 pertulerunt3
508 1299 606 1324 nam
635 1284 755 1324 divus
789 1284 1017 1341 Gregorius
1048 1299 1223 1341 magnus
1244 1282 1452 1340 delegavit
1471 1284 1679 1323 Joannem
1706 1280 2032 1331 subdiaconum,

192 1346 261 1404 qui
280 1347 471 1388 Genuam
507 1347 858 1405 proficisceretur,
880 1347 953 1389 ubi
989 1348 1129 1405 plures
1162 1358 1281 1388 erant
1300 1347 1657 1396 Mediolanenses,
1686 1357 1733 1386 ut
1756 1360 1905 1386 eorum
1934 1360 2034 1402 per-

193 1422 448 1453 scrutaretur
464 1412 700 1453 voluntates
720 1428 845 1469 supra
859 1413 1123 1464 Constantio,
1149 1427 1241 1468 quae
1260 1411 1293 1453 si
1316 1413 1359 1452 in
1383 1411 1512 1469 ipsius
1530 1410 1720 1452 savorem
1739 1409 2034 1466 perdurarent,

196 1491 294 1516 eum
314 1477 355 1516 in
365 1477 623 1534 Episcopum
633 1477 865 1518 Mediolani
888 1488 989 1517 tunc
1013 1493 1035 1517 a
1057 1478 1235 1534 propriis
1250 1477 1482 1534 Episeopis,
1497 1491 1593 1517 cum
1606 1474 1830 1533 pontificiae
1852 1481 2039 1515 auetori-

198 1546 298 1581 tatis
329 1557 519 1592 assensu,
548 1541 702 1582 faceret
733 1540 1018 1582 consecra1·i‘⁴.
1046 1542 1206 1582 Rursus
1236 1543 1279 1581 in
1310 1540 1484 1598 epistola
1516 1540 1570 1581 ad
1603 1540 1788 1581 diversos
1807 1537 2041 1597 Episcopos

197 1604 443 1645 Dalmatiae⁵
469 1607 683 1663 praecepit,
719 1621 768 1646 ex
790 1607 836 1646 B.
873 1604 984 1646 Petri
1014 1606 1217 1662 Principis
1252 1605 1558 1663 Apostolorum
1587 1605 1851 1654 auctoritate,
1875 1614 1921 1644 ut
1940 1603 2043 1644 nulli

197 1668 362 1724 penitus
383 1681 501 1709 extra
521 1685 788 1720 consensum,
812 1668 1218 1727 permissionemque
1237 1685 1355 1710 suam
1376 1670 1419 1709 in
1438 1669 1679 1710 Salonitana
1703 1668 1869 1709 civitate
1891 1683 2043 1709 manus

199 1733 419 1790 imponere
435 1745 754 1791 praesumerent,
772 1750 850 1775 nec
867 1733 1109 1791 quempiam
1124 1735 1167 1774 in
1182 1733 1348 1776 civitate
1368 1735 1456 1792 ipsa
1475 1734 1594 1774 aliter
1611 1749 1738 1790 quam
1757 1734 1845 1790 ipse
1868 1732 2039 1781 diceret,

200 1796 454 1855 Episcopum
473 1797 693 1851 ordinare,
717 1809 758 1838 et
779 1799 810 1839 si
828 1800 1158 1855 praeceptionem
1176 1814 1295 1839 suam
1312 1798 1708 1855 transgredirentur,
1723 1796 1926 1838 dominici
1950 1812 2044 1837 cor-

201 1860 330 1917 poris,
355 1872 396 1902 et
415 1862 628 1919 sanguinis
649 1862 967 1920 participatione
986 1864 1263 1920 privarentur,
1287 1874 1328 1904 et
1351 1878 1478 1920 quem
1502 1862 1823 1914 ordinavissent,
1852 1877 1938 1902 non
1963 1861 2044 1901 ha-

202 1925 376 1966 beretur
394 1927 642 1984 Episcopus.
665 1928 771 1967 Item
792 1927 969 1984 epistola
994 1926 1045 1967 ad
1069 1928 1240 1968 Petrum
1257 1927 1513 1984 Episcopum
1532 1926 1891 1984 Hydruntinumss,
1908 1925 2045 1967 eidem

204 1989 435 2039 mandavit,
472 2001 517 2030 ut
546 1990 753 2032 defunctis
773 1990 989 2049 Episcopis
1022 1991 1262 2044 Brundusii,
1296 1991 1437 2049 Lupia)
1470 2003 1509 2033 et
1533 1991 1770 2049 Gallipolis,
1803 1990 1856 2032 ad
1883 1990 1974 2031 illas
2003 2005 2046 2031 se

203 2055 431 2107 conferret,
450 2066 491 2095 et
510 2055 793 2097 ’visitationem
814 2067 1049 2113 perageret,
1070 2067 1319 2113 cui-aretque
1336 2066 1382 2096 ut
1399 2055 1449 2097 iis
1471 2055 1784 2113 przeflcerentur
1799 2054 2047 2096 Sacerdotes

205 2128 324 2159 tanto
356 2120 586 2160 ministerio
620 2120 753 2177 digni,
779 2121 851 2177 qui
875 2120 928 2161 ad
950 2121 1197 2161 Pontificem
1226 2120 1433 2171 venirent,
1460 2132 1505 2162 ut
1533 2137 1687 2162 munus
1711 2119 2046 2162 consecrationis

205 2184 457 2240 reciperent.
485 2185 760 2226 Postmodum
781 2184 957 2242 epistola
980 2185 1034 2226 ad
1059 2185 1422 2226 Mediolanense57
1446 2185 1669 2243 approbat,
1705 2184 1818 2242 quod
1844 2183 2045 2224 inlocum

208 2246 393 2288 defuncti
424 2250 620 2306 Episcopi
642 2249 876 2290 Constantii
898 2249 1099 2307 eligerent
1119 2250 1368 2300 Deasdedit,
1393 2249 1474 2301 cui,
1499 2250 1530 2291 si
1558 2250 1662 2291 nihil
1690 2261 1795 2291 esset
1826 2248 1943 2305 quod
1972 2264 2048 2305 per

207 2326 345 2352 sacros
368 2327 550 2353 canones
584 2325 725 2370 posset
747 2313 934 2366 obviare,
963 2313 1161 2364 decrevit,
1188 2314 1305 2371 quod
1334 2330 1386 2355 ex
1419 2330 1492 2355 sua
1525 2314 1772 2356 auctoritate
1805 2311 2048 2354 solemniter

207 2375 489 2417 ordinaretur.
512 2378 553 2417 S.
578 2378 774 2418 Nicolaus
808 2380 826 2418 I
862 2394 949 2419 non
971 2378 1126 2419 destitit
1150 2380 1366 2436 increpare
1400 2379 1646 2420 Lotharium
1666 2394 1823 2436 regem,
1850 2377 1967 2435 quod
1994 2377 2048 2418 ad

207 2441 496 2498 episcopatum
529 2442 638 2482 viros
673 2442 749 2482 sibi
782 2442 917 2483 solum
953 2454 1091 2500 gratos
1115 2444 1157 2483 in
1191 2458 1321 2500 regno
1355 2458 1430 2483 suo
1454 2441 1596 2484 efferri
1627 2443 1829 2492 studeret,
1857 2442 2048 2498 adeoque

211 2505 438 2561 apostolica
459 2505 706 2547 auctoritate
732 2507 927 2562 injunxit,
947 2508 1023 2547 sub
1055 2507 1185 2547 divini
1200 2506 1345 2562 judicii
1374 2507 1671 2558 obtestatione,
1688 2520 1734 2549 ut
1755 2509 1796 2549 in
1809 2505 2047 2550 Trevirensi

209 2569 327 2619 urbe,
351 2581 392 2610 et
414 2569 457 2610 in
472 2571 636 2611 colonia
655 2571 897 2629 Agrippinae
919 2572 1081 2612 nullum
1105 2572 1199 2629 eligi
1220 2582 1446 2628 pateretur,
1475 2585 1702 2630 antequam
1720 2573 1900 2614 relatum
1919 2586 2046 2629 super

210 2635 291 2675 hoc
311 2634 525 2691 pontificio
547 2646 651 2676 esset
676 2636 971 2692 apostolatui⁸.
1010 2638 1184 2693 Insuper
1215 2635 1484 2677 Innocentius
1518 2639 1578 2677 III
1607 2639 1870 2680 Sennensem
1913 2636 2046 2678 antis-

208 2699 325 2740 titem
355 2710 544 2741 recenter
564 2700 819 2757 reprobavit,
843 2716 894 2742 eo
919 2701 1035 2757 quod
1066 2716 1108 2742 se
1140 2700 1248 2741 ultro
1275 2701 1501 2758 episcopali
1527 2703 1632 2743 solio
1653 2703 1891 2753 immiserit,
1917 2710 2042 2743 ante-

287 2907 294 2913 .
323 2881 454 2914 Homil.
478 2883 498 2915 3
519 2881 554 2913 in
573 2882 648 2913 Act.
668 2881 845 2925 Apostol„
865 2890 951 2913 tom.
970 2893 1023 2921 lx,
1043 2893 1141 2925 oper.
1163 2880 1246 2916 edit.
1269 2882 1441 2924 Maurin.‚
1462 2895 1540 2928 pag.
1564 2886 1621 2925 25,
1640 2884 1706 2918 litt.
1724 2886 1763 2920 B.

289 2953 297 2962 .
325 2928 435 2972 Epist.
452 2930 509 2969 25,
531 2926 625 2972 apud
644 2927 840 2969 Constant„
855 2939 933 2972 pag.
955 2929 1037 2968 856,
1058 2936 1098 2960 n⁰
1112 2931 1147 2962 2.

289 3000 298 3009 .
324 2976 453 3009 Histor.
479 2975 641 3007 Arianor.
664 2973 708 3007 ad
726 2974 904 3016 monach,
926 2983 966 3007 11⁰
987 2978 1020 3015 4,
1040 2983 1125 3008 tom.
1142 2975 1172 3016 I,
1191 2988 1289 3020 oper.
1311 2988 1390 3021 pag.
1411 2979 1492 3019 347,
1514 2977 1598 3011 edit.
1618 2979 1772 3012 Maurin.

322 3022 434 3066 Epist.
457 3024 514 3063 30,
537 3021 599 3055 lib.
616 3021 682 3062 III,
702 3034 780 3066 pag.
803 3024 883 3064 646,
903 3020 985 3056 edit.
1005 3021 1155 3057 Maurin.

288 3096 296 3104 .
322 3069 434 3113 Epist.
457 3071 513 3109 10,
534 3068 596 3102 lib.
615 3068 679 3109 IV,
698 3081 775 3113 pag.
800 3071 880 3103 689.

290 3142 297 3149 .
325 3116 435 3161 Epist.
454 3118 511 3157 21,
529 3124 615 3150 tom.
633 3115 699 3156 VI,
720 3128 797 3160 pag.
817 3118 899 3150 807.

289 3191 295 3197 .
324 3163 435 3208 Epist.
457 3166 489 3204 4,
509 3162 570 3195 lib.
590 3162 638 3203 II,
657 3174 737 3208 pag.
758 3165 846 3197 1094
867 3171 899 3195 et
915 3174 987 3206 seq.

289 3238 296 3245 .
325 3210 429 3244 Ivon.
452 3209 594 3246 Carnot.
614 3208 758 3251 decret.,
780 3218 870 3255 part.
892 3210 938 3252 V,
961 3221 1038 3255 cap.
1058 3212 1139 3244 357.

262 2886 294 3245 ooqmowguroamffl
