2135 3442
226 198 273 232 12
473 192 780 238 ENCYCLIQUE
810 193 874 228 DE
903 193 947 228 N.
978 194 1020 231 T.
1053 193 1092 231 S.
1124 194 1168 230 P.
1198 192 1258 227 LE
1288 190 1411 225 PAPE
1441 188 1519 224 PlE
1547 187 1619 224 IX.
1682 185 1798 223 1864.

226 285 289 328 les
312 297 434 327 curae
457 290 619 327 vestrae
648 279 906 325 concrediti
939 299 959 321 «
1003 279 1268 325 abstineant
1299 276 1357 321 ab
1393 274 1552 320 herbis
1575 273 1755 332 noxiis,
1785 289 1901 336 quas
1925 276 2054 319 Jesus

229 367 250 388 «
281 346 489 391 Christus
509 362 605 390 non
631 344 758 401 colit,
786 344 896 405 quia
919 360 1016 388 non
1039 353 1146 388 sunt
1169 341 1394 405 plantatio
1430 338 1621 384 Patris¹.
1652 358 1673 379 »
1703 340 1849 400 Atque
1878 338 2054 384 eisdem

227 411 445 456 fidelibus
470 410 702 456 inculcare
743 424 990 469 nunquam
1023 408 1245 462 desinite,
1283 420 1474 450 omnem
1515 418 1670 448 veram
1705 401 1971 448 felicitatem
2006 404 2053 448 in

226 476 442 521 homines
466 492 521 520 ex
555 482 748 535 augusta
782 482 938 517 nostra
979 473 1233 532 Religione,
1271 470 1463 530 ejusque
1506 467 1722 512 doctrina
1762 476 1808 512 et
1835 467 2054 514 exercitio

226 540 510 595 redundare,
538 555 590 584 ac
611 539 801 583 beatum
824 553 921 582 esse
949 538 1197 599 populum,
1229 535 1361 596 cujus
1390 532 1621 577 Dominus
1645 534 1769 576 Deus
1792 531 1891 593 ejus
1907 534 1933 577 ².
1956 534 2054 578 Do-

226 614 325 650 cete
365 624 386 646 <c
423 603 660 650 catholica}
696 602 820 647 Fidei
860 601 1166 646 fundamento
1209 614 1352 659 regna
1386 596 1632 642 subsistere
1657 598 1686 653 ³,
1727 605 1772 641 et
1806 595 1924 641 nihil
1962 606 2057 643 tam

235 689 249 708 «
282 685 485 731 praeceps
508 668 565 713 ad
591 683 767 723 casum,
796 676 889 711 tam
916 666 1179 728 expositum
1201 663 1260 709 ad
1286 662 1447 707 omnia
1472 660 1694 724 pericula,
1722 661 1758 706 si
1784 660 1876 706 hoc
1902 660 2057 707 solum

230 754 251 775 «
280 733 416 778 nobis
436 742 653 796 putantes
672 747 809 794 posse
849 729 1079 783 sufficere,
1115 728 1246 792 quod
1275 727 1478 772 liberum
1514 725 1776 782 arbitrium,
1804 742 1913 771 cum
1947 741 2055 772 nas-

231 817 252 839 «
277 797 815 858 ceremur,accepimus,
845 794 963 839 ultra
991 794 1088 856 jam
1126 810 1151 839 a
1186 792 1394 837 Domino
1431 790 1548 836 nihil
1587 806 1875 851 quaeramus,
1914 789 2052 849 idest,

230 882 251 904 <c
278 863 480 908 auctoris
511 862 658 905 nostri
693 859 842 917 obliti,
880 859 978 920 ejus
1003 858 1284 921 potentiam,
1322 866 1374 901 ut
1405 872 1493 900 nos
1525 854 1829 900 ostendamus
1864 854 2053 913 liberos,

229 946 250 967 <c
280 926 548 987 abjuremus
570 926 597 970 ⁶.
628 945 648 966 n
671 928 817 986 Atque
840 924 978 969 etiam
1004 939 1062 968 ne
1083 922 1308 968 omittatis
1328 920 1499 966 docere
1527 939 1548 959 a
1576 921 1750 981 regiam
1775 929 2055 982 potestatem

229 1011 250 1033 «
280 1008 376 1035 non
399 991 456 1036 ad
482 990 633 1035 solum
658 988 823 1033 mundi
848 989 1072 1049 regimen,
1100 986 1181 1033 sed
1209 986 1411 1032 maxime
1452 984 1511 1030 ad
1551 984 1766 1030 Ecclesiae
1789 984 2057 1048 praesidium

229 1075 250 1096 ι(
277 1072 375 1101 esse
399 1055 614 1100 collatam
637 1055 665 1112 ⁵,
690 1063 735 1098 et
760 1052 875 1097 nihil
900 1069 998 1097 esse
1019 1052 1147 1114 quod
1172 1052 1415 1097 civitatum
1448 1048 1760 1112 Principibus,
1789 1059 1834 1094 et
1860 1049 2059 1110 Regibus

229 1139 250 1160 t(
279 1120 444 1181 majori
471 1119 665 1177 fructui,
705 1117 954 1177 gloriaeque
986 1134 1084 1162 esse
1119 1117 1293 1180 possit,
1332 1131 1475 1177 quam
1500 1114 1566 1172 si,
1603 1123 1653 1158 ut
1690 1114 2058 1176 sapientissimus

228 1204 247 1226 «
279 1184 648 1244 fortissimusque
671 1182 786 1226 alter
813 1181 1127 1226 Praedecessor
1154 1184 1320 1226 Noster
1348 1182 1395 1224 S.
1433 1179 1557 1225 Felix
1583 1179 1761 1224 Zenoni
1784 1180 2058 1241 Imperatori

228 1270 247 1289 ι(
279 1247 622 1309 praescribebat,
648 1245 901 1291 Ecclesiam
932 1246 1299 1291 catholicam....
1327 1244 1483 1289 sinant
1519 1244 1585 1289 uti
1616 1243 1796 1304 legibus
1828 1243 1938 1299 suis,
1973 1260 2059 1289 nec

227 1333 248 1354 <c
277 1313 477 1357 libertati
498 1312 597 1373 ejus
615 1326 903 1373 quemquam
936 1311 1210 1372 permittant
1246 1309 1553 1355 obsistere,...
1593 1310 1783 1353 Certum
1809 1317 1877 1353 est
1909 1309 2056 1366 enim,

227 1396 248 1419 «
275 1377 367 1422 hoc
392 1376 531 1421 rebus
559 1376 655 1421 suis
690 1392 787 1420 esse
826 1374 1027 1420 salutare
1046 1412 1056 1432 ,
1086 1385 1155 1431 ut,
1187 1391 1295 1420 cum
1326 1373 1385 1419 de
1421 1373 1572 1419 causis
1605 1373 1691 1418 Dei
1727 1382 1906 1435 agatur,
1929 1373 2059 1434 juxta

228 1460 249 1483 ε(
278 1442 424 1503 ipsius
442 1441 750 1485 constitutum
774 1440 949 1499 regiam
971 1439 1266 1485 voluntatem
1287 1437 1621 1484 Sacerdotibus
1648 1437 1819 1483 Christi
1843 1437 2060 1484 studeant

230 1525 250 1546 α
278 1505 497 1563 subdere,
525 1521 621 1549 non
648 1503 864 1567 praeferre
885 1506 913 1549 ⁶.
948 1524 967 1545 »

290 1570 380 1614 Sed
410 1570 446 1614 si
488 1585 698 1631 semper,
734 1568 1031 1613 Venerabiles
1078 1571 1287 1622 Fratres,
1332 1584 1460 1612 nunc
1498 1567 1796 1630 potissimum
1836 1567 1884 1611 in
1920 1568 2060 1613 tantis

224 1633 466 1689 Ecclesiae,
496 1633 735 1694 civilisque
774 1633 1008 1678 societatis
1041 1631 1382 1677 calamitatibus
1403 1666 1414 1686 ‚
1444 1632 1489 1677 in
1522 1640 1652 1677 tanta
1681 1630 2060 1677 adversariorum

224 1708 389 1744 contra
430 1714 529 1743 rem
561 1696 868 1755 catholicam,
906 1708 950 1742 et
990 1697 1114 1742 hanc
1148 1697 1460 1760 Apostolicam
1498 1696 1670 1741 Sedem
1708 1697 2058 1758 conspiratione

225 1772 446 1824 tantaque
485 1779 698 1807 errorum
740 1763 980 1823 congerie,
1022 1778 1211 1807 necesse
1250 1762 1448 1806 omnino
1485 1770 1579 1817 est,
1618 1770 1669 1805 ut
1706 1760 1929 1806 adeamus
1951 1778 2059 1806 cum

226 1826 397 1873 fiducia
418 1826 476 1872 ad
494 1827 718 1871 thronum
743 1828 914 1887 gratier,
945 1836 994 1871 ut
1016 1826 1387 1871 misericordiam
1408 1841 1771 1887 consequamur,
1796 1835 1841 1870 et
1865 1827 2059 1887 gratiam

226 1892 518 1936 inveniamus
541 1892 587 1935 in
604 1891 775 1936 auxilio
803 1901 1092 1954 opportuno.
1118 1891 1351 1946 Quocirca
1376 1890 1593 1935 omnium
1608 1889 1819 1935 fidelium
1837 1891 2058 1952 pietatem

225 1957 424 2001 excitare
448 1956 836 2010 existimavimus,
873 1965 922 2000 ut
953 1972 1047 2001 una
1077 1955 1333 2001 Nobiscum
1372 1955 1611 2017 Vobisque
1640 1954 2058 2001 clementissimum

226 2020 456 2065 luminum
484 2030 527 2065 et
543 2019 967 2065 misericordiarum
989 2023 1168 2066 Patrem
1194 2020 1540 2065 ferventissimis
1562 2019 1933 2081 humillimisque
1953 2037 2060 2083 pre-

226 2084 358 2130 cibus
381 2086 478 2129 sine
502 2086 844 2130 intermissione
882 2094 1046 2141 orent,
1089 2094 1133 2129 et
1168 2084 1443 2142 obsecrent,
1474 2094 1520 2129 et
1548 2085 1596 2130 in
1629 2084 1923 2147 plenitudine
1949 2085 2059 2131 fidei

227 2165 412 2211 semper
436 2149 707 2211 confugiant
732 2149 788 2194 ad
816 2150 1075 2194 Dominum
1101 2153 1319 2194 Nostrum
1340 2152 1497 2194 Jesum
1527 2149 1789 2206 Christum,
1817 2150 1896 2211 qui
1922 2149 2057 2195 rede-

229 2215 310 2258 mit
333 2230 418 2258 nos
443 2216 542 2259 Deo
561 2215 607 2258 in
632 2214 856 2274 sanguine
880 2230 983 2269 suo,
1011 2214 1213 2276 Ejusque
1232 2214 1556 2260 dulcissimum
1579 2216 1671 2259 Cor
1694 2215 2057 2275 flagrantissimae

228 2294 336 2339 erga
362 2295 448 2323 nos
479 2279 679 2323 caritatis
715 2279 950 2324 victimam
979 2280 1112 2324 enixe
1147 2279 1412 2341 jugiterque
1448 2288 1665 2335 exorent,
1693 2287 1745 2323 ut
1775 2279 1950 2324 amoris
1987 2281 2057 2325 sui

229 2342 426 2388 vinculis
451 2344 608 2387 omnia
637 2343 694 2387 ad
722 2344 926 2405 seipsum
951 2343 1121 2403 trahat,
1147 2353 1290 2406 utque
1322 2360 1486 2389 omnes
1516 2343 1735 2388 homines
1760 2344 2055 2389 sanctissimo

228 2423 313 2452 suo
342 2423 501 2451 amore
536 2407 809 2452 inflammati
839 2408 1098 2453 secundum
1132 2411 1223 2453 Cor
1255 2408 1364 2469 Ejus
1394 2408 1634 2453 ambulent
1673 2408 1812 2468 digne
1838 2411 1938 2453 Deo
1974 2425 2058 2471 per

229 2472 388 2517 omnia
410 2472 662 2534 placenteS,
680 2473 726 2516 in
755 2474 884 2517 omni
907 2472 1038 2517 bono
1060 2489 1202 2535 opere
1230 2472 1578 2518 fructificantes.
1615 2475 1732 2518 Cum
1766 2483 1924 2518 autem
1959 2474 2058 2519 sine

229 2535 375 2580 dubio
418 2537 638 2597 gratiores
676 2537 766 2580 sint
808 2540 908 2582 Deo
949 2537 1200 2582 hominum
1228 2554 1410 2599 preces,
1436 2539 1473 2582 si
1505 2537 1672 2582 animis
1699 2536 1758 2582 ab
1788 2538 1921 2583 omni
1954 2537 2058 2583 labe

231 2601 359 2662 puris
379 2601 439 2645 ad
467 2602 619 2662 ipsum
653 2600 896 2658 accedant,
934 2602 1102 2646 iccirco
1135 2602 1342 2648 coelestes
1368 2602 1582 2647 Ecclesiae
1604 2602 1848 2648 thesauros
1869 2603 2058 2665 dispen-

230 2665 588 2709 sationiNostrae
611 2665 884 2710 commissos
910 2665 1301 2712 Christifidelibus
1328 2667 1595 2729 Apostolica
1629 2666 1904 2712 liberalitate
1932 2683 2056 2713 rese-

231 2744 332 2774 rare
367 2730 656 2787 censuimus,
698 2740 746 2774 ut
793 2729 935 2774 iidem
985 2730 1142 2775 fideles
1181 2732 1240 2777 ad
1281 2748 1440 2776 veram
1483 2733 1701 2794 pietatem
1738 2732 2060 2777 vehementius

231 2794 425 2851 incensi,
453 2810 505 2838 ac
522 2810 602 2856 per
620 2795 905 2840 poenitentiae
922 2797 1277 2871 Sacranmentum
1297 2812 1324 2841 a
1348 2806 1651 2859 peccatorum
1674 2796 1868 2841 maculis
1887 2797 2059 2859 expiati

315 2998 323 3005 .
357 2969 394 3005 S.
413 2968 581 3017 Ignatius
602 2971 653 3005 M.
676 2968 722 3004 ad
740 2968 980 3018 Philadelph.
1010 2972 1047 3007 3.

317 3050 325 3059 .
358 3021 456 3059 Psal.
481 3024 550 3058 143

316 3103 324 3111 .
356 3074 503 3110 Coelesr.
527 3074 647 3123 Epist.
679 3075 726 3110 22
745 3073 791 3109 ad
812 3073 954 3122 Synod.
979 3073 1116 3122 Ephes.
1139 3075 1239 3123 apud
1258 3077 1386 3113 Coust.
1413 3090 1452 3126 p.
1480 3078 1599 3116 1200.

317 3155 324 3163 .
356 3130 394 3165 S.
418 3130 613 3164 Innocent.
637 3130 652 3162 I
674 3127 790 3176 Epist.
815 3129 862 3163 29
885 3126 931 3162 ad
960 3127 1083 3176 Episc.
1111 3129 1226 3165 Cone.
1248 3128 1422 3179 Carthag.
1446 3129 1549 3180 apud
1568 3131 1697 3167 Coust.
1722 3142 1762 3179 p.
1788 3131 1878 3169 891.

315 3208 325 3218 .
357 3181 394 3217 S.
418 3180 553 3216 Leonis
575 3180 695 3229 Epist.
719 3182 793 3215 156
814 3179 862 3216 al.
885 3182 973 3216 1⁹25.

316 3262 324 3269 .
356 3232 410 3269 Pii
426 3235 496 3269 V11
513 3232 630 3282 Epist.
656 3232 808 3281 Encycl.
834 3249 850 3266 α
873 3235 950 3268 Diu
966 3236 1072 3280 sutis,
1097 3250 1113 3266 ιο
1140 3236 1187 3270 15
1209 3233 1297 3270 maii
1314 3235 1429 3283 1800,
1445 3248 1539 3284 pag.
1562 3235 1653 3272 110.

286 2972 309 3268 mma-*ww*
