2135 3442
821 260 889 296 XV
917 259 1048 296 JUNIl
1078 257 1362 295 MDCCCLVII.

525 462 635 530 SS.
690 461 1001 528 DOMINI
1049 461 1361 529 NOSTRI
1404 459 1525 527 PII
1584 461 1672 527 IX

937 619 1255 670 EPISTOLA

412 759 508 802 AD.
564 759 662 802 EM.
716 755 1284 802 ARCHIEPISCOPUM
1332 757 1784 803 COLONIENSEM

654 873 719 907 DE
749 871 1181 909 GUNTHERIANISMI
1218 872 1543 909 DAMNATIONE

184 1053 356 1079 DILECTO
391 1052 504 1077 FILIO
538 1051 698 1077 NOSTRO
729 1052 1066 1087 JOANN1,T1TUL1
1099 1052 1132 1078 S·
1169 1052 1397 1078 LAL'RENTII
1428 1053 1472 1079 IN
1504 1052 1712 1088 vthALI,
1743 1049 2017 1085 PRESBYTERO,

405 1111 438 1137 S.
478 1112 519 1137 It.
555 1111 593 1137 E>
628 1110 857 1137 CARDINALI
890 1111 941 1137 DE
973 1111 1150 1149 GEISSEL,
1187 1112 1518 1138 ARCHIEPISCOPO
1551 1111 1796 1138 COLONIENSI

855 1215 1000 1265 PIUS
1041 1215 1211 1265 PAPA
1249 1215 1339 1265 IX.

414 1334 580 1375 Dileete
598 1335 638 1374 F
638 1335 690 1375 ili
703 1344 858 1387 noster,
872 1336 1051 1376 salutem
1069 1335 1410 1392 etApostolicam
1431 1334 1782 1375 Beneclietionem.

234 1445 445 1486 Eximiam
465 1447 603 1487 Tuam
619 1446 839 1503 Nobisque
858 1447 984 1505 plane
1004 1448 1221 1505 cognitam
1242 1448 1505 1506 pastoralem
1526 1447 1569 1488 in
1590 1446 1800 1489 catholica
1826 1445 2022 1487 doctrina

176 1510 331 1552 tuenda
352 1526 499 1552 curam
522 1522 565 1552 et
591 1511 922 1553 sollicitudinem
947 1528 1032 1553 non
1056 1513 1260 1555 mediocri
1281 1524 1396 1555 certe
1427 1512 1557 1554 animi
1585 1511 1731 1554 Nostri
1753 1510 2022 1567 jucunditate

173 1574 362 1632 undique
400 1575 565 1616 elucere
606 1576 899 1633 perspeximus
934 1576 975 1617 in
1012 1577 1204 1628 Litteris,
1252 1594 1370 1635 quas,
1418 1579 1580 1620 Dilecte
1615 1577 1694 1618 Fili
1738 1577 1907 1626 Noster,
1953 1574 2022 1618 die

178 1644 228 1682 16
249 1639 430 1697 proximi
460 1640 615 1682 mensis
640 1641 797 1697 Aprilis
829 1641 881 1682 ad
913 1642 1002 1683 Nos
1030 1642 1184 1684 dedisti
1218 1659 1345 1700 super
1374 1644 1558 1684 Decreto
1598 1639 1823 1682 Pontificia
1864 1641 2021 1682 Nostra

175 1705 424 1747 auctoritate
461 1705 641 1754 sancito,
685 1716 811 1762 atque
851 1722 873 1746 a
909 1707 1067 1747 Nostra
1113 1706 1269 1749 Indicis
1306 1706 1648 1765 Congregatione
1685 1705 1751 1747 die
1803 1710 1824 1747 8
1863 1704 2021 1747 mensis

174 1768 359 1811 Ianuarii
392 1770 518 1826 hujus
547 1769 645 1810 anni
671 1770 802 1818 edito,
843 1787 927 1828 quo
952 1787 1081 1828 opera
1116 1771 1269 1813 Dilecti
1302 1772 1395 1813 Filii
1428 1771 1669 1829 Presbyteri
1698 1770 1876 1813 Antonii
1896 1772 2018 1813 Gun-

177 1833 286 1875 theri
307 1834 545 1892 proscripta
569 1833 755 1876 fuerunt.
787 1836 889 1877 Nos*
900 1835 1073 1893 quidem
1100 1853 1179 1895 pro
1201 1836 1433 1895 Apostolici
1456 1836 1603 1878 Nostri
1626 1835 1853 1878 ministerii
1880 1835 2021 1877 officio

175 1898 300 1940 nullis
319 1914 509 1955 unquam
530 1910 751 1956 parcentes
774 1899 900 1951 curis,
926 1899 1135 1958 nullisque
1156 1902 1394 1952 laboribus,
1422 1912 1468 1942 ut
1500 1901 1598 1942 fidei
1620 1899 1864 1958 depositum
1884 1901 2021 1942 Nobis

177 1962 377 2005 divinitus
408 1964 698 2005 concreditum
728 1964 956 2023 integrum,
993 1965 1329 2024 inviolatumque
1361 1966 1643 2016 custodiatur,
1678 1965 1752 2007 ubi
1781 1965 1967 2024 primum
1998 1983 2021 2007 a

176 2028 369 2086 pluribus
387 2027 712 2070 Venerabilibus
730 2029 947 2072 Fratribus
971 2031 1285 2088 spectatissimis
1318 2030 1556 2074 Germanice
1593 2032 1819 2073 Sacrorum
1841 2030 2018 2072 Antisti-

176 2093 289 2134 tibus
319 2093 573 2150 accepimus,
608 2109 696 2134 non
731 2110 863 2151 pauca
900 2095 1111 2136 Guntheri
1142 2096 1261 2138 libris
1301 2096 1527 2147 contineri,
1553 2112 1646 2153 quae
1678 2096 1756 2153 ipsi
1784 2095 1829 2137 in
1850 2094 2021 2138 sincerae

176 2156 289 2207 fidei,
314 2168 355 2198 et
373 2157 593 2199 catholicae
611 2158 797 2200 veritatis
820 2159 1054 2217 perniciem
1079 2160 1229 2203 cedere
1261 2161 1603 2212 arbitrabantur,
1628 2161 1745 2202 nulla
1771 2160 2023 2218 interposita

178 2237 298 2263 mora
317 2222 455 2263 eidem
475 2223 805 2281 Congregationi
835 2225 1136 2276 commisimus,
1161 2237 1207 2267 ut
1228 2242 1277 2267 ex
1297 2242 1418 2268 more
1445 2242 1572 2284 opera
1594 2227 1627 2281 ej
1637 2225 1787 2267 usdem
1811 2224 2022 2267 Guntheri

177 2297 369 2328 accurate
393 2287 701 2345 diligenterque
724 2300 953 2339 excuteret,
986 2291 1285 2348 perpenderet,
1312 2292 1590 2341 examinaret,
1628 2306 1674 2331 ac
1703 2290 1857 2331 deinde
1879 2290 2022 2333 omnia

178 2351 231 2393 ad
254 2352 341 2392 Nos
365 2351 557 2393 referret.
588 2354 696 2394 Cum
729 2352 858 2412 igitur
885 2354 975 2412 ipsa
1006 2356 1294 2413 Congregatio
1329 2357 1496 2398 Nostris
1524 2354 1735 2397 mandatis
1764 2355 2017 2414 obsequuta,

179 2432 341 2472 suoque
364 2432 538 2459 munere
568 2417 714 2459 functa
740 2434 912 2461 omnem
945 2419 987 2460 in
1012 2420 1092 2463 1100
1113 2421 1363 2478 gravissimo
1387 2436 1502 2470 sane,
1527 2420 1785 2478 maximique
1814 2420 2022 2462 momenti

179 2481 351 2538 negotio
374 2496 517 2522 curam
537 2493 578 2523 et
599 2498 775 2540 operam
797 2483 899 2525 scite
927 2484 1091 2542 riteque
1110 2485 1394 2536 collocaverit,
1424 2485 1674 2543 nullumque
1703 2485 2022 2543 praetermiserit

182 2544 367 2586 studium
386 2545 429 2585 in
449 2546 740 2589 Guntheriana
761 2548 953 2590 doctrina
977 2552 1289 2593 accuratissimo
1318 2550 1510 2592 examine
1533 2551 1767 2603 noscenda,
1789 2566 1837 2592 ac
1856 2551 2023 2608 ponde-

181 2609 329 2659 randa,
352 2608 664 2662 animadvertit,
689 2612 811 2670 plura
835 2613 879 2654 in
898 2614 1107 2657 Guntheri
1126 2614 1242 2657 libris
1263 2614 1440 2672 reperiri
1462 2615 1638 2656 omnino
1664 2615 1948 2673 improbanda
1972 2631 2021 2658 ac

183 2673 441 2724 damnanda,
471 2686 619 2732 utpote
645 2692 736 2733 qum
765 2678 981 2720 (33111011οῑ1ὶ
1009 2679 1203 2721 Ecclesiae
1225 2679 1426 2721 doctrinm
1458 2681 1641 2722 maxime
1675 2680 2018 2723 adversarentur.

182 2738 292 2779 Hinc
314 2740 442 2780 rebus
464 2739 661 2781 omnibus
689 2758 711 2782 a
732 2742 867 2783 Nobis
897 2743 1026 2784 etiam
1044 2745 1276 2801 perpensis,
1314 2744 1463 2785 eadem
1488 2745 1770 2804 Congregatio
1793 2747 2021 2787 Decretum

185 2802 287 2843 illud
305 2819 502 2860 suprema
521 2804 674 2845 Nostra
704 2806 953 2849 auctoritate
975 2809 1224 2865 probatum,
1259 2808 1441 2866 Tibique
1469 2809 1740 2851 notissimum
1764 2809 1910 2860 edidit,
1937 2825 2021 2867 quo

185 2867 476 2909 Guntheriana
506 2883 636 2926 opera
665 2870 960 2926 prohibentur,
995 2883 1036 2913 et
1073 2872 1397 2915 interdicuntur.
1431 2874 1558 2928 Quod
1592 2874 1769 2931 quidem
1791 2875 2021 2916 Decretum

184 2934 337 2974 Nostra
359 2934 607 2975 auctoritate
625 2934 848 2987 sancitum,
872 2937 1110 2994 Nosti-oque
1129 2939 1246 2994 jussu
1276 2939 1495 2998 vulgatum
1523 2939 1715 2982 sufficere
1745 2940 1868 2998 plane
1892 2939 2020 2981 debe-

187 2999 274 3048 bat,
299 3009 346 3039 ut
371 2999 545 3056 quaestio
566 2998 704 3040 omnis
728 3000 895 3056 penitus
915 3001 1126 3060 dirempta
1157 3015 1412 3055 censeretur,
1439 3016 1480 3046 et
1512 3020 1676 3056 omnes,
1714 3004 1785 3062 qui
1813 3002 2018 3046 catholico

186 3062 421 3119 gloriantur
441 3063 627 3113 nomine,
659 3063 769 3105 clare
799 3076 1026 3123 aperteque
1055 3066 1358 3125 intelligerent,
1388 3069 1465 3111 sibi
1487 3085 1577 3112 esse
1597 3069 1772 3111 omnino
1793 3069 2017 3124 obtempe-

188 3127 383 3179 randum,
410 3138 451 3169 et
470 3129 675 3170 sinceram
702 3128 850 3169 haberi
875 3145 961 3171 non
981 3145 1103 3187 posse
1123 3132 1363 3175 doctrinam
1383 3133 1680 3176 Guntherianis
1696 3132 1815 3175 libris
1837 3141 2018 3173 conten-

189 3201 291 3242 tam,
318 3208 365 3234 ac
384 3193 543 3234 nemini
561 3192 759 3251 deinceps
780 3193 841 3235 fas
862 3209 963 3245 esse,
997 3195 1233 3239 doctrinam
1260 3198 1309 3240 iis
1331 3198 1448 3240 libris
1468 3197 1666 3240 traditam
1694 3195 1818 3246 tueri,
1843 3211 1890 3238 ac
1910 3211 2015 3253 pro-
