2135 3442
148 102 223 138 1186
651 98 840 134 LETTRE
870 98 1185 145 ENCYCLIQUE
1213 99 1278 134 DE
1306 98 1383 134 PIE
1411 96 1483 134 IX.

157 186 404 245 Apostolicae
434 186 557 240 hujus
589 184 708 226 Sedis
733 185 948 243 angustias
976 196 1066 227 tum
1090 185 1290 227 collatitia
1315 184 1505 243 pecunia,
1547 195 1637 227 tum
1677 185 1765 226 aliis
1798 185 1990 243 largitio-

152 252 278 293 nibus
304 249 523 291 sublevare
545 265 632 291 non
654 249 876 292 desistunt.

216 423 263 462 In
303 420 430 463 tantis
459 433 599 463 autem
640 420 971 471 acerbitatibus,
1003 431 1205 479 tantaque
1230 433 1376 463 contra
1403 422 1637 464 Ecclesiam
1669 421 1847 464 excitata
1884 431 1993 464 tem-

154 497 334 544 pestate,
369 502 422 527 ne
452 485 793 545 despondeamus
822 501 1012 542 unquam
1037 486 1240 538 animum,
1274 487 1416 529 dilecti
1434 487 1529 528 Filii
1559 488 1706 529 Nostri
1733 503 1780 529 ac
1803 488 1839 528 V
1842 502 1994 529 enera-

156 551 264 592 biles
286 552 468 602 Fratres,
492 567 588 593 cum
614 572 631 587 «
658 562 699 592 et
725 550 955 592 consilium
984 561 1194 602 nostrum,
1222 562 1263 593 et
1287 551 1496 593 fortitudo
1521 552 1574 593 sit
1599 551 1804 603 Christus,
1829 568 1876 593 ac
1906 551 1997 594 sine

163 637 179 652 «
219 631 303 672 quo
322 615 428 657 nihil
446 631 686 674 possumus,
700 631 776 673 pcr
792 615 930 673 ipsum
951 627 1098 657 cuncta
1117 631 1362 674 possumus,
1387 638 1404 651 »
1428 616 1499 674 qui
1520 616 1778 658 confirmans
1795 615 1998 675 praediea-

157 693 276 722 tores
301 680 536 738 Evangelii,
563 691 604 722 et
630 682 1003 722 sacramentorum
1024 679 1242 722 ministros
1268 700 1277 723 :
1304 702 1321 717 κ
1343 683 1453 723 Ecce
1482 698 1576 739 ego,
1600 682 1753 739 inquit,
1778 682 1996 725 vobiscum

163 766 178 781 «
217 761 309 786 sum
341 745 540 787 omnibus
567 745 716 787 diebus
749 761 882 802 usque
914 745 969 787 ad
997 746 1412 788 consummationem
1437 747 1599 801 saeculi3
1635 768 1653 782 »
1684 759 1724 788 et
1755 764 1852 789 cum
1883 759 1998 790 certo

157 810 354 861 sciamus,
386 810 511 852 inferi
535 822 676 869 portas
711 827 934 868 nunquam
963 827 1053 852 esse
1086 811 1374 869 praevalituras
1405 813 1606 854 adversus
1628 814 1876 860 Ecclesiam,
1906 829 1999 871 quac

157 891 325 934 semper
358 878 490 927 stetit,
531 877 742 934 stabitque
771 878 949 918 immota
987 877 1163 918 custode
1193 888 1235 918 et
1272 877 1438 918 vindice
1471 878 1640 920 Christo
1678 880 1776 920 Jesu
1812 879 1998 920 Domino

156 941 331 994 Nostro,
359 941 430 999 qui
452 957 546 983 eam
571 941 808 992 aedificavit,
833 954 874 984 et
896 942 967 1000 qui
988 942 1068 983 suit
1084 942 1192 993 lteri,
1215 952 1255 983 et
1275 942 1415 997 hodie,
1447 949 1534 1000 ipse
1554 953 1594 985 et
1612 951 1655 985 in
1675 944 1836 985 secula.

217 1012 281 1053 Ne
314 1012 556 1054 desinamus
586 1023 750 1063 autem,
788 1012 933 1054 dilecti
963 1012 1057 1054 Filii
1076 1012 1223 1054 Nostri
1253 1028 1300 1054 ac
1327 1013 1604 1056 venerabiles
1630 1015 1814 1065 Fratres,
1845 1014 1998 1057 arden-

155 1077 264 1118 tiore
285 1094 417 1135 usque
445 1077 588 1119 studio
617 1078 662 1118 in
681 1077 922 1119 humilitate
950 1077 1090 1119 cordis
1117 1077 1252 1119 nostri
1274 1078 1490 1120 orationes
1513 1087 1555 1120 et
1581 1079 1889 1136 postulationes
1909 1080 1999 1120 Deo

154 1158 231 1199 per
261 1144 404 1184 Jesum
424 1142 641 1184 Christum
671 1142 760 1184 dies
787 1154 1027 1200 noctesque:
1048 1142 1219 1194 offerre,
1244 1154 1305 1194 ut,
1339 1143 1417 1185 hac
1439 1143 1803 1186 turbulentissima
1831 1155 2000 1202 tempe-

156 1218 263 1248 state
286 1207 478 1265 depulsa,
500 1208 688 1250 Ecclesia
709 1223 803 1249 suas
819 1219 976 1249 anctaa
992 1208 1118 1249 tantis
1139 1207 1452 1250 calamitatibus
1473 1208 1670 1265 respiret,
1689 1220 1730 1249 et
1746 1208 1903 1266 ubique
1921 1220 2002 1250 ter-

156 1287 298 1313 rarum
322 1273 587 1330 optatissima
607 1289 712 1331 pace
732 1289 780 1314 ac
802 1272 998 1314 libertate
1018 1272 1201 1324 fruatur,
1226 1284 1267 1314 et
1290 1289 1423 1315 novos
1446 1288 1493 1315 ac
1514 1272 1822 1330 splendidiores
1843 1272 1896 1314 de
1917 1274 2001 1315 suis

156 1336 337 1378 inimicis
369 1349 465 1395 agat
499 1338 758 1396 triumphos,
802 1349 934 1395 utque
971 1354 1119 1379 omnes
1151 1349 1343 1380 errantes
1371 1337 1522 1379 divinae
1549 1353 1633 1379 suae
1665 1336 1810 1395 gratiae
1842 1337 2002 1379 lumine

155 1401 315 1459 perfusi
345 1403 398 1443 ab
431 1403 587 1444 erroris
613 1402 679 1443 via
711 1402 765 1443 ad
793 1402 998 1454 veritatis,
1028 1402 1288 1460 justitia’que
1324 1403 1404 1444 iter
1435 1413 1716 1452 revertantur,
1753 1418 1801 1444 ac
1826 1401 2003 1461 dignum

156 1467 414 1524 peanitentiae
437 1467 624 1510 fructum
645 1467 848 1509 facientes
872 1480 1128 1526 perpetuum
1151 1468 1285 1510 sancti
1309 1467 1371 1510 sui
1395 1467 1579 1509 nominis
1604 1484 1795 1509 amorem
1815 1479 1856 1509 et
1875 1467 2004 1510 timo-

157 1547 246 1572 rem
278 1532 478 1574 habeant.
513 1534 572 1574 Ut
609 1545 752 1575 autem
787 1532 905 1574 dives
939 1533 982 1574 in
1015 1533 1308 1575 misericordia
1342 1534 1456 1575 Deus
1491 1532 1812 1574 ferventissimis
1848 1531 2004 1574 nostris

158 1598 353 1654 precibus
376 1597 538 1639 facilius
563 1609 738 1648 annuat,
764 1598 1011 1640 invocemus
1031 1599 1377 1656 potentissimum
1398 1598 1684 1640 Immaculatae
1704 1597 2006 1639 Sanctissimae-

159 1678 241 1717 que
275 1662 352 1703 Dei
380 1662 609 1704 Genitricis
638 1662 825 1720 Virginis
851 1663 999 1705 Mariae
1032 1663 1335 1721 patrocinium,
1365 1679 1412 1719 ac
1445 1662 1645 1719 suffragia
1681 1673 1877 1720 petamus
1904 1678 2000 1703 san—

159 1737 327 1767 ctornm
344 1727 652 1785 Apostolorum
664 1726 778 1768 Petri
797 1737 838 1768 et
853 1727 988 1779 Pauli,
1008 1727 1286 1785 omniumque
1308 1729 1533 1768 beatorum
1554 1727 1766 1776 Coclitum,
1789 1737 1835 1768 ut
1856 1726 2003 1768 validis

159 1790 244 1832 suis
268 1791 380 1848 apud
415 1793 555 1833 Deum
588 1791 960 1849 deprecationibus
988 1792 1221 1850 implorent
1246 1792 1446 1833 omnibus
1468 1791 1807 1833 misericordiam
1839 1802 1881 1832 et
1907 1806 2003 1848 gra—

158 1855 260 1895 tiam
288 1855 331 1897 in
351 1856 506 1897 auxilio
527 1867 790 1914 opportuno,
816 1868 857 1898 et
888 1872 1036 1899 omnes
1058 1856 1320 1898 calamitates
1343 1868 1385 1897 et
1408 1855 1613 1914 pericula,
1643 1856 1798 1912 quibus
1819 1855 2006 1897 Ecclesia

160 1920 335 1977 ubique,
360 1937 406 1962 ac
424 1921 695 1979 potissimum
712 1921 756 1962 in
777 1921 913 1972 Italia,
941 1920 1158 1980 affligitur,
1183 1932 1384 1980 potenter
1403 1932 1611 1964 avertant.

220 2073 415 2132 Denique
441 2074 724 2117 certissimum
745 2076 969 2134 singularis
988 2078 1152 2119 Nostrae
1187 2076 1231 2118 in
1261 2090 1335 2118 vos
1364 2075 1673 2117 benevolentiae
1697 2074 1851 2133 pignus
1870 2076 2005 2133 Apos-

162 2138 331 2179 tolicam
360 2140 708 2182 Benedictionem
739 2158 789 2183 ex
818 2142 970 2183 intimo
1003 2143 1131 2184 corde
1165 2141 1403 2200 profectam
1438 2141 1561 2182 vobis
1587 2140 1704 2199 ipsis,
1735 2139 1876 2181 dilecti
1910 2139 2003 2181 Filii

162 2203 297 2244 nostri
339 2220 386 2245 ac
407 2205 682 2247 Venerabiles
717 2208 899 2256 Fratres,
937 2218 979 2249 et
1014 2208 1133 2265 gregi
1169 2222 1277 2248 curae
1306 2218 1453 2248 vestrae
1483 2207 1708 2247 commisso
1736 2216 2006 2263 peramanter

156 2267 440 2325 impertimur.

225 2333 377 2373 Datum
409 2335 573 2384 Romae,
599 2335 712 2393 apud
739 2337 781 2377 S.
818 2337 1016 2385 Petrum,
1042 2336 1110 2378 dic
1144 2343 1195 2380 10
1224 2335 1402 2394 Augusti
1426 2351 1539 2378 anno
1574 2339 1705 2385 1863,
1730 2333 2009 2376 Pontificatus

165 2397 309 2438 Nostri
333 2413 445 2439 anno
472 2398 638 2441 decimo
662 2412 828 2442 octavo.
861 2422 877 2436 »
