2135 3442
147 159 223 194 114
647 150 835 186 LETTRE
863 147 1179 193 ENCYCLIQUE
1207 148 1273 182 DE
1302 147 1381 182 PIE
1410 147 1495 181 VII.

155 266 170 281 τι
199 241 453 301 sapientiam
471 238 742 298 sapientium,
766 247 809 279 et
828 235 1100 294 prudentiam
1119 234 1400 292 prudentium
1420 232 1678 290 reprobabo.
1703 230 1788 271 Ubi
1810 231 1994 288 sapiens,

155 331 169 345 «
196 309 271 350 ubi
293 307 446 359 scriba,
471 305 548 346 ubi
579 302 805 360 inquisitor
830 302 958 357 hujus
982 299 1153 341 saeculi?
1180 300 1336 342 Nonne
1363 298 1535 340 stultam
1559 295 1660 338 fecit
1679 296 1794 337 Deus
1825 296 1994 353 sapien—

156 396 170 409 «
197 374 300 415 tiam
321 371 447 427 hujus
475 368 660 411 mundi?
686 388 703 404 υ

208 438 313 490 Quae
346 450 447 477 sane
480 450 530 475 eo
567 433 765 474 libentius
798 444 1197 479 commemoramus,
1224 427 1501 469 Venerabiles
1523 426 1710 477 Fratres,
1751 425 1866 482 quod
1899 426 1999 468 inde

150 503 316 544 animus
336 501 491 542 mirum
526 498 570 540 in
602 496 779 538 modum
810 506 1038 544 recreetur,
1068 505 1109 534 et
1135 492 1340 551 erigatur,
1369 504 1409 534 et
1428 490 1718 532 inflammetur
1751 489 1805 531 ad
1834 490 2001 531 nullum

151 566 452 625 defugiendum
475 563 684 612 laborem,
715 560 876 602 nullam
906 558 1224 600 dimicationem
1253 573 1334 615 pro
1365 557 1522 598 Christi
1558 555 1767 606 Ecclesia,
1802 570 1932 611 quam
1967 555 2001 596 is

150 633 302 683 Nobis,
322 646 410 672 non
435 629 573 671 solum
595 643 684 668 non
705 624 968 683 optantibus,
988 623 1063 664 sed
1082 638 1136 664 ne
1158 623 1441 680 cogitantibus
1469 620 1658 678 quidem,
1687 619 1789 677 quin
1818 618 2003 661 multum

151 694 543 744 reformidantibus,
568 690 816 750 regendam,
840 688 1062 739 tuendam,
1089 687 1344 739 ornandam,
1376 685 1721 744 amplificandam
1739 682 1932 735 tradidit,
1961 694 2004 725 et

151 760 467 803 commendavit
489 776 498 799 t
528 758 601 814 qui
620 766 732 798 certe
764 775 781 790 «ε
812 753 989 794 idoneos
1014 767 1092 793 nos
1125 751 1250 792 saciet
1274 751 1492 792 ministros
1514 751 1615 791 novi
1642 749 1906 802 testamenti,
1942 749 2004 790 uti

157 848 173 862 «
199 825 435 868 sublimitas
450 822 503 864 sit
522 820 685 863 virtutis
699 820 792 869 Dei,
809 830 849 860 et
868 834 957 859 non
974 833 1025 858 ex
1039 816 1180 857 nobis.
1192 837 1209 852 »
1225 816 1519 869 Quamobrem
1532 825 1712 856 vestram
1731 829 1846 854 nunc
1865 813 2004 854 excito

152 893 195 931 in
219 888 553 931 commonitione
581 886 789 927 sinceram
818 893 1022 934 mentem,
1044 879 1320 922 Venerabiles
1342 882 1529 930 Fratres,
1554 895 1662 936 quos
1686 879 1776 919 haec
1800 878 2005 921 nimirum

153 970 253 997 cura
278 965 321 995 et
343 951 582 994 sollicitudo
600 966 676 1008 pro
702 964 776 990 sua
801 962 1010 1005 quemque
1029 956 1148 1004 parte
1172 946 1322 1003 tangit,
1343 956 1388 986 ut
1412 943 1658 1002 conspiretis
1681 944 1932 998 Nobiscum,
1959 953 2006 984 ut

154 1030 339 1061 vestrum
365 1019 408 1058 iu
443 1016 488 1057 id
522 1015 725 1068 studium,
760 1012 1037 1070 diligentiam,
1067 1025 1241 1067 operam
1270 1009 1512 1052 conferatis.
1547 1008 1675 1062 Quod
1698 1010 1886 1050 Christus
1904 1023 2004 1066 pre-

156 1095 270 1125 catus
290 1099 314 1124 a
338 1084 461 1124 Patre
485 1096 560 1122 suo
585 1090 649 1121 est
668 1093 886 1134 nunquam
907 1092 959 1118 ex
986 1075 1127 1116 animo
1152 1074 1298 1116 effluat
1323 1093 1332 1117 :
1358 1095 1375 1112 «
1399 1075 1524 1116 Pater
1553 1085 1709 1125 sancte,
1731 1089 1850 1115 serva
1870 1089 1942 1115 eos
1961 1074 2007 1114 in

161 1171 177 1185 «
214 1149 388 1189 nomine
415 1158 505 1196 tuo,
533 1156 580 1185 ut
609 1145 690 1185 sint
709 1158 843 1184 unum
873 1142 978 1183 sicut
1005 1152 1045 1182 et
1073 1156 1152 1181 nos
1160 1173 1248 1182 .....
1256 1156 1268 1194 ·,
1297 1156 1387 1182 non
1418 1156 1497 1198 pro
1517 1141 1575 1181 eis
1598 1139 1817 1198 (apostolis
1836 1137 2008 1195 scilicet)

161 1234 177 1249 «
214 1228 321 1270 rogo
341 1223 522 1262 tantum,
544 1209 619 1250 sed
644 1219 686 1250 et
704 1223 780 1265 pro
805 1206 876 1258 eis,
903 1207 974 1263 qui
992 1204 1192 1246 credituri
1215 1216 1312 1246 sunt
1328 1219 1406 1263 per
1423 1205 1602 1246 verbum
1618 1220 1768 1246 eorum
1786 1205 1831 1245 in
1850 1219 1934 1257 me,
1963 1213 2010 1245 ut

161 1298 179 1314 «
219 1292 366 1319 omnes
402 1291 533 1317 unum
558 1275 654 1325 sint,
677 1274 784 1314 sicut
816 1284 862 1312 tu
885 1273 1010 1313 Pater
1031 1271 1077 1311 in
1111 1286 1196 1323 me,
1223 1281 1266 1312 et
1295 1286 1374 1329 ego
1403 1269 1448 1310 in
1480 1280 1534 1320 te,
1572 1280 1619 1311 ut
1644 1281 1686 1311 et
1704 1270 1782 1327 ipsi
1813 1270 1857 1310 in
1882 1269 2010 1310 nobis

164 1365 181 1379 «
217 1357 350 1384 unum
378 1342 461 1382 sint
481 1340 507 1381 i.
549 1360 567 1376 ι»
601 1340 804 1380 Nostrum
838 1348 899 1379 est
933 1338 1118 1378 maxime
1152 1335 1339 1378 officium
1366 1335 1575 1391 ejusmodi
1596 1334 1806 1376 unitatem
1836 1332 2011 1375 firmiter

158 1420 319 1457 tenere,
351 1416 394 1447 et
418 1404 649 1457 vindicare,
672 1415 718 1443 ut
747 1403 981 1460 Cyprianus
1005 1401 1208 1442 admonet
1239 1401 1308 1458 (de
1328 1407 1488 1442 unitate
1511 1400 1748 1456 Ecclesiae),
1784 1414 1912 1456 quam
1938 1399 2009 1439 in-

158 1484 296 1523 tuens,
331 1487 380 1512 ac
409 1470 620 1512 demirans
648 1488 666 1504 «
692 1468 839 1510 credat
857 1467 1058 1517 mundus,
1076 1465 1173 1524 quia
1190 1477 1235 1507 tu
1256 1481 1324 1508 me
1350 1465 1518 1519 misisti3
1547 1485 1565 1502 »
1589 1465 1706 1523 quod
1728 1463 1866 1522 pergit
1888 1478 2010 1505 orare

158 1536 358 1577 Christus.

218 1610 511 1665 Quamobrem
528 1607 680 1650 Christi
700 1608 844 1665 ipsius,
863 1606 936 1664 qui
951 1607 1087 1648 Nobis
1104 1606 1237 1656 adest,
1261 1621 1338 1647 nec
1358 1622 1380 1647 a
1398 1607 1558 1647 Nostro
1577 1621 1766 1663 unquam
1779 1605 1910 1647 latere
1927 1604 2013 1647 dis-

158 1676 285 1727 cedit,
304 1676 476 1731 Nosque
495 1672 716 1715 confirmat
734 1672 813 1713 illis
832 1672 969 1712 verbis
988 1689 996 1711 ε
1027 1692 1040 1707 «
1057 1671 1157 1712 Non
1175 1671 1370 1712 turbetur
1391 1686 1466 1711 cor
1487 1681 1690 1722 vestrum,
1710 1685 1850 1726 neque
1866 1669 2012 1711 formi-

163 1763 179 1777 κ
206 1741 299 1792 det,
322 1738 494 1781 creditis
518 1739 562 1778 in
588 1739 741 1786 Deum,
772 1747 812 1777 et
834 1737 878 1776 in
898 1750 967 1776 me
987 1735 1145 1776 credite
1162 1734 1194 1786 ²,
1226 1755 1244 1770 »
1273 1736 1369 1789 ejus
1386 1734 1540 1775 auxilio
1561 1735 1736 1792 inquam
1755 1734 1864 1784 freti,
1891 1750 2010 1776 com-

157 1806 276 1847 muni
293 1803 449 1854 studio,
475 1813 517 1844 et
540 1801 754 1842 alacritate
766 1800 820 1841 ad
839 1814 1112 1840 communem
1128 1799 1306 1839 salutem
1330 1798 1641 1840 incumbamus.
1659 1799 1813 1851 Urbes,
1837 1798 2009 1856 oppida,

160 1872 262 1928 agri,
285 1868 487 1922 civitates,
510 1867 749 1925 provinciae,
766 1880 913 1922 regna,
932 1863 1126 1905 nationes
1142 1879 1219 1921 per
1233 1873 1297 1904 tot
1314 1879 1448 1904 annos
1461 1865 1549 1919 jam
1571 1862 1794 1915 divexatae,
1815 1862 2008 1914 adflictae,

158 1935 333 1984 miserae,
363 1949 411 1974 ac
424 1931 600 1990 perditae
615 1930 812 1972 solatium
823 1928 1012 1986 aliquod,
1032 1939 1074 1970 et
1090 1927 1328 1969 remedium
1338 1927 1595 1985 efflagitant:
1615 1927 1732 1985 quod
1743 1943 1832 1969 non
1844 1926 2014 1969 aliunde

159 1998 333 2056 quidem
357 2008 436 2050 est,
463 2012 592 2053 quain
617 2011 637 2036 a
661 1995 813 2036 Christi
832 1993 1025 2035 doctrina
1055 1992 1348 2050 quaerendum,
1373 1992 1730 2050 sperandumque.
1762 1993 1838 2035 Nae
1864 1994 1936 2051 qui
1960 1991 2012 2034 ab

158 2063 229 2103 illa
262 2062 398 2103 alieno
429 2060 567 2102 adhuc
591 2070 689 2101 sunt
712 2060 878 2111 animo,
913 2073 984 2099 eos
1005 2073 1227 2116 possumus
1250 2055 1510 2098 confidentia
1530 2060 1692 2113 majore
1719 2073 1832 2099 nunc
1864 2059 2013 2115 Augu-

159 2126 254 2169 stini
276 2126 450 2167 vocibus
472 2123 700 2166 lacessere³
727 2142 736 2165 :
766 2144 782 2159 «
810 2125 923 2164 Dent
948 2121 1180 2163 exercitum
1206 2121 1351 2174 talem,
1375 2122 1519 2178 quales
1542 2123 1735 2164 doctrina
1755 2123 1907 2164 Christi
1925 2137 2013 2164 esse

166 2212 183 2227 α
217 2189 372 2232 milites
391 2190 528 2246 jussit,
569 2189 672 2230 dent
705 2188 809 2229 tales
841 2186 1135 2245 provinciales,
1173 2186 1275 2227 tales
1299 2186 1489 2236 maritos,
1527 2187 1629 2229 tales
1660 2189 1876 2246 conjuges,
1910 2187 2013 2230 tales

166 2277 181 2292 a
218 2265 431 2314 parentes,
461 2253 563 2294 tales
579 2252 703 2302 filios,
732 2252 835 2294 tales
862 2251 1078 2302 dominos,
1100 2250 1204 2292 tales
1224 2267 1381 2302 servos,
1415 2251 1518 2293 tales
1543 2267 1680 2309 reges,
1705 2251 1808 2294 tales
1822 2252 2008 2308 judices,

165 2340 182 2355 «
221 2319 403 2375 denique
430 2317 672 2358 debitorum
690 2318 816 2375 ipsius
834 2315 922 2357 fisci
943 2315 1198 2367 redditores,
1223 2326 1266 2356 et
1279 2326 1516 2366 exactores,
1542 2315 1684 2372 quales
1709 2331 1795 2358 esse
1823 2317 2014 2375 praecipit

165 2404 182 2419 «
222 2382 417 2425 doctrina
446 2381 700 2432 Christiana,
742 2402 758 2418 »
785 2380 902 2438 quod
931 2396 1029 2422 cum
1061 2379 1226 2422 efficere
1261 2391 1496 2437 nequeant,
1532 2400 1550 2415 «
1584 2396 1671 2421 non
1702 2380 1894 2423 debitent
1917 2398 2011 2425 eam

167 2468 184 2485 α
222 2447 415 2490 confiteri
434 2461 649 2504 magnam,
674 2446 707 2486 si
724 2447 1059 2503 obtemperetur,
1085 2445 1264 2486 salutem
1293 2460 1381 2486 esse
1404 2444 1660 2502 reipublicae.
1693 2466 1708 2481 »

225 2673 369 2716 Nostri
386 2689 487 2731 ergo
513 2674 698 2714 muneris
718 2684 761 2714 et
784 2672 910 2714 officii
931 2683 1006 2723 est,
1025 2672 1302 2714 Venerabiles
1324 2673 1504 2725 Fratres,
1528 2677 1789 2729 hominibus,
1812 2678 2009 2736 gentibus

167 2737 458 2781 laborantibus
480 2752 739 2786 succurrere,
758 2737 884 2789 mala,
907 2752 1088 2794 quorum
1109 2738 1309 2794 cogitatio
1331 2738 1533 2797 lacrymas
1553 2755 1806 2795 commovet,
1833 2760 2010 2802 quaeque

166 2814 383 2863 premunt,
408 2818 581 2860 quaeque
599 2803 868 2860 impendent,
890 2802 944 2843 ab
978 2802 1171 2843 omnium
1196 2802 1426 2845 cervicibus
1446 2805 1656 2864 depellere
1680 2824 1689 2850 :
1714 2825 1814 2851 nam
1844 2829 1862 2845 «
1891 2809 2009 2851 dedit

172 2889 190 2904 «
212 2867 401 2909 Christus
424 2877 630 2925 pastores,
663 2878 704 2909 et
721 2867 915 2908 doctores
935 2867 989 2907 ad
1017 2868 1430 2911 consummationem
1450 2883 1706 2924 sanctorum,
1730 2873 1773 2915 in
1800 2890 1905 2933 opus
1923 2875 2008 2915 mi-

171 2954 189 2970 «
212 2931 397 2982 nisterii,
434 2931 477 2972 in
511 2931 833 2973 aedificationem
865 2931 1054 2989 corporis
1087 2932 1241 2974 Christi
1278 2948 1285 2973 :
1317 2934 1453 2978 donec
1485 2953 1755 2981 occurramus
1784 2954 1931 2981 omnes
1963 2939 2008 2980 in

217 3105 249 3137 1.
277 3102 379 3144 Joan.
402 3103 457 3135 17.

218 3151 248 3183 22
280 3149 384 3181 Joan.
411 3151 464 3182 14.

216 3200 247 3231 3.
279 3196 360 3229 Lib.
381 3195 439 3240 83,
461 3194 592 3237 Quaest.
