2135 3442
206 204 253 239 60
913 198 1038 235 BREF
1068 198 1131 232 DE
1161 197 1238 231 PIF.
1269 195 1333 230 VI.

263 288 470 328 Primatus
498 285 721 327 adversarii
747 301 798 327 ex
823 285 953 327 verbo
981 285 1177 325 decuerat
1206 281 1321 322 illam
1340 296 1428 322 non
1452 281 1532 322 nisi
1557 277 1822 325 urbanitatis,
1844 286 1900 327 et,
1922 285 1969 316 ut
1990 274 2046 315 ita

207 353 393 393 dicamus
414 384 422 400 ‚
459 349 742 392 exuberantiae
774 350 1027 407 legationem
1067 348 1191 387 fuisse
1227 345 1511 387 contendunt.
1550 345 1605 384 At
1642 357 1694 383 ex
1730 351 1824 381 toto
1860 338 2047 397 epistolte

206 427 422 461 contextu,
448 432 497 457 ex
519 416 597 456 illis
615 429 767 471 nempe
784 414 921 455 verbis
948 421 1148 469 reparata
1168 406 1860 454 Ecclesiarwn....eoncordia...‚
1888 405 1936 444 id
1955 404 2046 460 sla-

202 481 371 538 gitabat
388 481 600 538 officium,
629 480 815 537 φακὴ...
842 478 1087 535 regulartmz
1116 476 1381 516 observantia
1404 474 1718 520 vindicabat...‚
1745 479 1862 511 αἴῃ..
1884 478 2049 510 vetustte

207 546 521 585 consuetudinis
552 546 735 601 formam
762 549 842 582 rite
871 542 1113 598 compleres,
1140 541 1230 596 quis
1257 540 1347 595 J'am
1371 538 1602 580 contendat
1637 537 1692 577 ob
1723 533 1827 576 illud
1852 533 2052 574 decuerat

206 610 402 657 verbum,
431 608 644 665 pontificia
666 607 958 648 moderatione
979 605 1206 663 prolatum,
1228 605 1270 644 in
1291 603 1411 645 electi
1433 603 1579 644 debito
1600 616 1687 642 non
1711 598 1841 641 fuisse
1864 597 1919 638 ad
1933 597 2048 668 ξοην

208 672 327 714 ficem
346 689 423 731 pro
444 672 739 729 consequenda
766 671 1073 728 approbatione
1096 668 1342 710 recurrere?
1367 668 1449 709 Sed
1473 682 1643 726 prorsus
1670 664 1791 707 elidit
1812 672 2049 720 oppositam

210 736 598 795 interpretationem
635 736 714 777 alia
741 733 955 792 pontificia
985 733 1174 790 epistola,
1209 748 1301 789 quae
1335 743 1396 773 est
1424 733 1465 773 S.
1502 732 1655 773 Leonis
1684 730 1759 777 IX,
1796 727 1850 768 ad
1877 727 2049 797 Petrum

211 803 465 859 Episcopum
490 802 817 849 Antioc-lienum,
845 800 915 855 qui
937 814 1034 839 cum
1063 799 1104 838 S.
1127 796 1317 838 Pontifici
1340 812 1458 837 suam
1485 795 1771 838 denuntiasset
1797 792 1850 834 ad
1882 805 2047 848 episco-

209 877 353 922 patum
391 865 639 907 electionem
660 898 670 918 ,
714 880 963 922 responsum
1003 862 1192 921 accepit1
1226 862 1348 904 valde
1381 867 1663 903 necessarium
1698 859 1882 900 studium
1914 856 2051 914 fuisse

208 931 456 971 annuntiare
478 941 519 970 et
543 945 755 987 exponere
776 940 959 970 secutam
983 930 1070 983 ejus
1094 927 1419 976 electionem...‚
1436 938 1477 968 et
1499 926 1613 983 quod
1636 930 1821 966 maxime
1837 920 2052 978 oportebat

208 993 300 1046 tibi,
328 1005 370 1036 et
399 1015 415 1029 «
440 995 633 1035 Ecclesiae
665 994 728 1035 cui
756 992 1043 1050 temporaliter
1076 991 1300 1048 praesides,
1329 1007 1417 1032 non
1453 990 1649 1032 distulisti
1677 988 1918 1030 esficere....
1955 1000 2049 1026 mea

211 1079 226 1092 «
265 1074 367 1099 vero
397 1059 608 1099 humilitas
633 1060 676 1099 in
708 1058 890 1099 culmine
915 1056 1129 1114 apostolici
1150 1057 1311 1097 Throni
1339 1055 1436 1096 ideo
1467 1055 1661 1103 exaltata.
1694 1064 1742 1094 ut
1775 1050 2048 1110 approbanda

212 1144 228 1158 α
267 1124 489 1180 approbet,
514 1121 796 1180 improbanda
821 1137 990 1178 quoque
1005 1121 1233 1178 improbet,
1260 1131 1341 1161 tuae
1362 1119 1629 1162 sanctissimae
1650 1115 1922 1159 fraternitatis
1941 1116 2050 1172 epis-

215 1208 231 1222 1‹
267 1188 459 1244 copalem
480 1188 793 1244 promotionem
816 1186 951 1226 libens
969 1185 1193 1243 approbat,
1221 1184 1451 1238 collaudat,
1471 1196 1512 1226 et
1531 1183 1771 1234 confirmat,
1795 1193 1835 1223 et
1853 1194 2050 1222 commu-

213 1273 226 1285 «
266 1267 362 1293 nem
379 1251 606 1292 Dominum
630 1251 832 1292 instanter
854 1261 1016 1301 exorat,
1043 1261 1086 1290 ut
1107 1249 1222 1307 quod
1242 1251 1432 1290 humano
1457 1265 1529 1291 ore
1547 1251 1634 1304 jam
1656 1247 1821 1295 diceris,
1846 1256 1944 1287 ante
1963 1245 2050 1300 ejus

214 1336 230 1351 «
267 1315 409 1357 oculos
432 1316 598 1356 existas.
627 1336 643 1350 »
666 1316 852 1373 Epistola
877 1316 978 1364 baec,
1005 1329 1097 1371 quae
1117 1330 1203 1355 non
1226 1330 1275 1355 ex
1294 1313 1446 1372 privati
1477 1313 1661 1356 doctoris
1683 1310 2046 1368 interpretatione‚

207 1379 279 1420 sed
306 1396 356 1421 ex
377 1380 536 1434 judicio
560 1379 718 1437 prodiit
742 1379 959 1420 Pontificis
985 1380 1204 1420 sanctitate
1229 1390 1271 1420 et
1295 1379 1487 1420 doctrina
1518 1376 1706 1436 insignis,
1727 1375 1892 1416 nullum
1920 1373 2049 1414 relin—

206 1445 295 1500 quit
320 1443 498 1485 dubium
522 1459 648 1500 super
665 1459 804 1493 sensu,
833 1446 875 1484 in
901 1459 986 1500 quo
1010 1444 1097 1484 Nos
1124 1443 1393 1500 exposuimus
1423 1442 1646 1500 epistolam
1666 1442 1709 1482 S.
1730 1437 1981 1486 Hormisdae,
2006 1447 2052 1477 ut

206 1508 354 1548 merito
376 1509 485 1548 inter
504 1508 728 1548 illustriora
751 1518 1027 1549 monumenta
1051 1507 1310 1548 accensenda
1329 1509 1381 1548 sit
1399 1524 1475 1565 pro
1497 1507 1641 1548 debita
1662 1506 1714 1547 ab
1731 1503 1951 1562 Episcopis
1973 1516 2051 1559 pe-

208 1571 351 1620 tenda,
374 1583 413 1612 et
437 1571 689 1629 reportanda
712 1588 733 1612 a
750 1574 947 1612 Romano
959 1571 1166 1612 Pontifiee
1179 1572 1516 1622 confirmatione,
1537 1586 1665 1628 quam
1685 1567 1922 1611 Tridentini
1936 1568 2051 1608 Con-

207 1635 289 1676 cilii
315 1637 451 1676 munit
473 1635 739 1685 auct01·itas²,
766 1652 977 1692 quamque
998 1636 1085 1676 Nos
1113 1637 1154 1675 in
1181 1635 1456 1692 responsione
1483 1651 1607 1692 snper
1625 1633 1884 1676 nunciaturis
1908 1631 2050 1672 vindi-

207 1699 388 1740 candam
415 1700 671 1756 suscepimus
693 1700 722 1747 ³,
748 1699 968 1757 pluresque
992 1699 1059 1739 alii
1084 1714 1136 1740 ex
1157 1699 1277 1740 vobis
1301 1699 1492 1757 egregiis,
1519 1699 1738 1755 doctisque
1761 1697 1923 1755 scriptis
1945 1711 2049 1753 pro-

206 1776 452 1821 pugnarunt
474 1764 508 1804 Α.

268 1831 322 1869 At
345 1840 388 1869 ut
411 1829 540 1869 iidem
564 1828 787 1869 adversarii
814 1830 947 1869 nostri
976 1840 1175 1869 tueantur
1197 1829 1312 1869 istius
1336 1839 1567 1870 conventus
1589 1828 1771 1878 decreta,
1796 1828 1884 1885 ipsa
1905 1826 2051 1867 dicunt

208 1891 261 1932 ad
291 1892 553 1950 disciplinam
593 1894 832 1949 pertinere,
869 1909 960 1950 quae
987 1909 1082 1933 cum
1122 1908 1229 1949 sa‘pe
1263 1909 1341 1950 pro
1373 1905 1615 1950 temporum
1646 1894 1850 1934 varietate
1890 1901 2051 1932 mutata

208 1956 345 2008 fuerit,
370 1973 482 1998 nnnc
505 1957 650 1998 itidem
674 1958 827 1997 mutari
854 1957 1005 2015 potuit.
1027 1958 1183 1998 Verum
1206 1959 1314 1998 inter
1340 1958 1505 1999 decreta
1529 1959 1635 2014 ipsa,
1658 1973 1746 1998 non
1763 1956 1902 1999 solum
1923 1955 2049 1998 disci-—

260 2112 292 2142 1.
320 2109 431 2153 Epist.
449 2112 483 2149 5,
505 2109 539 2141 in
562 2110 698 2143 collect.
714 2110 847 2149 Labbe,
870 2118 954 2143 tom.
973 2110 1022 2151 II,
1044 2122 1077 2154 p.
1107 2112 1209 2144 1334.

258 2158 291 2189 2.
321 2157 406 2190 Svss.
432 2159 488 2200 23,
512 2168 587 2189 can.
605 2159 639 2197 7,
662 2169 740 2189 sess.
759 2159 813 2199 24,
836 2155 879 2188 de
897 2157 1088 2198 reformat.,
1106 2169 1183 2201 cap.
1207 2169 1233 2189 1.

258 2207 291 2237 3.
320 2203 406 2247 (lap.
428 2215 507 2241 viii,
527 2215 605 2238 sess.
625 2207 659 2245 3,
681 2204 702 2247 S
723 2207 766 2237 55
787 2212 818 2236 et
840 2206 897 2243 56,
921 2216 999 2248 pag.
1022 2206 1103 2238 211.

258 2253 292 2282 22.
321 2250 400 2282 Post
427 2250 655 2282 transmissam
687 2255 773 2282 lianc
796 2250 977 2294 epistolam
1006 2249 1193 2283 incidimus
1220 2251 1257 2283 in
1278 2250 1408 2284 litteras
1429 2251 1464 2286 S.
1484 2251 1537 2284 Pii
1554 2252 1600 2296 V,
1621 2250 1681 2296 qui
1707 2262 1900 2295 numquam
1920 2249 2050 2283 confir—

213 2308 304 2328 mare
324 2296 433 2329 voluit
454 2297 656 2330 electionem
677 2296 844 2329 Friderici
864 2296 906 2329 de
925 2296 1023 2330 Veda
1041 2297 1076 2330 in
1097 2298 1404 2343 archiepiscopum
1423 2299 1681 2339 Coloniensem,
1702 2298 1784 2343 quia
1804 2297 1959 2330 emittere
1981 2310 2048 2330 no-

212 2344 320 2375 luerat
341 2342 421 2375 {idei
442 2344 706 2387 profess-ionem,
726 2345 821 2388 juxta
842 2345 1030 2376 formulam
1052 2357 1070 2377 a
1090 2345 1152 2377 Pio
1172 2345 1217 2376 lv
1244 2345 1472 2390 approbatam
1492 2346 1572 2390 (qua
1592 2344 1830 2390 praescribitur
1852 2345 2049 2378 Romanam

211 2391 398 2422 Ecclesiam
415 2391 667 2433 agnoscendam
688 2403 758 2423 esse
776 2391 934 2423 omnium
945 2392 1178 2424 Ecclesiarum
1198 2400 1356 2432 matrem,
1369 2400 1400 2424 et
1422 2393 1630 2437 magistram,
1650 2394 1878 2436 Romanoque
1887 2391 2049 2425 Pontifici

211 2438 252 2469 B.
268 2437 359 2469 Petri
379 2437 618 2481 apostolorum
637 2437 802 2482 principis
822 2438 1022 2479 successori,
1041 2451 1078 2471 ac
1096 2439 1179 2471 Jesu
1193 2439 1470 2472 ChristiYicario
1486 2451 1603 2472 veram
1622 2439 1857 2472 obedientiam
1877 2438 2046 2480 profiten-

213 2483 291 2516 dam
311 2492 341 2516 et
356 2483 567 2527 jurandam).
590 2484 632 2515 Et
649 2485 806 2528 quamvis
825 2486 952 2517 electus
972 2485 1169 2518 Fridericus
1187 2485 1456 2518 declarationem
1475 2486 1642 2518 emisisset
1660 2499 1729 2519 suae
1756 2485 1990 2526 orthodoxiae,
2007 2497 2047 2519 ac

212 2531 385 2575 professus
409 2538 507 2571 esset,
532 2531 731 2574 sanguinem
755 2531 934 2564 effundere
959 2533 1045 2564 velle
1072 2545 1136 2577 pro
1169 2532 1239 2564 fide
1259 2532 1430 2565 catholica
1450 2533 1626 2574 Romana;
1647 2533 1876 2566 nihilominus
1893 2533 1929 2566 S.
1949 2532 2046 2575 Pius,

211 2586 289 2622 post
316 2577 528 2609 hortationes
555 2578 830 2622 munitionesque
854 2578 1041 2619 adhibitas,
1056 2580 1199 2611 inultam
1221 2578 1388 2612 Friderici
1408 2579 1637 2625 pervicaciam
1656 2580 1787 2613 diutius
1814 2581 1886 2626 pati
1917 2580 2046 2621 noluit,

213 2623 362 2668 ideoque
387 2623 576 2664 mandavit,
601 2633 652 2663 ut,
672 2626 726 2656 vel
745 2634 892 2669 pareret,
913 2626 965 2657 vel
986 2626 1171 2658 Ecclesiam
1197 2625 1404 2666 dimitteret3
1424 2626 1518 2659 unde
1548 2627 1583 2659 in
1617 2627 1783 2672 angustiis
1808 2627 1942 2673 positus
1969 2627 2048 2660 Fri-

213 2670 363 2711 dericus,
392 2671 510 2702 maluit
536 2671 778 2703 Coloniensem
811 2671 1009 2704 cathedram
1037 2672 1220 2713 abdicare,
1251 2685 1355 2717 quam
1378 2672 1485 2706 fidem
1512 2675 1709 2720 praescripta
1735 2675 1846 2708 forma
1869 2673 2045 2720 profiteri,

213 2718 311 2762 cique
337 2730 377 2749 ex
409 2717 586 2761 pontificia
614 2718 822 2762 benignitate
842 2718 1047 2763 permissum
1072 2720 1158 2758 fuit,
1187 2728 1223 2751 ut
1253 2720 1345 2752 ultro
1373 2719 1531 2764 dignitati
1560 2722 1676 2766 potius
1707 2721 1827 2754 cedere
1853 2720 2043 2763 videretur,

212 2776 315 2808 quam
336 2764 462 2796 invitus
481 2764 667 2808 expoliari3
687 2773 723 2796 ut
743 2766 845 2808 liquet
872 2778 912 2797 ex
934 2766 1165 2798 monumentis
1190 2766 1304 2798 relatis
1324 2778 1343 2798 a
1366 2768 1546 2799 Ludere-leit)
1573 2768 1620 2800 ad
1641 2781 1714 2802 ante.
1748 2771 1852 2811 1566,
1874 2781 1961 2802 num.
1985 2769 2042 2807 55,

214 2811 259 2843 ml
279 2814 321 2845 59
353 2821 382 2843 ct
413 2811 458 2842 ad
483 2824 559 2843 ann.
593 2814 695 2852 1567,
720 2820 758 2843 11⁰
782 2815 840 2851 24,
868 2825 945 2843 ann.
969 2812 1098 2853 eccles„
1116 2822 1202 2845 tom.
1223 2813 1363 2844 XXIII.

262 2858 341 2890 Haec
361 2857 561 2890 addidimus
580 2858 685 2890 secuti
705 2860 901 2903 exemplum
921 2859 957 2891 S.
976 2860 1115 2901 Leonis,
1136 2859 1197 2903 qui
1215 2861 1384 2893 nonnulla
1402 2860 1540 2895 addidit
1558 2875 1627 2896 suae
1647 2862 1859 2909 dogmaticae]
1875 2861 2043 2907 epistolae,

211 2904 256 2937 ad
270 2905 470 2938 Flavianum
484 2905 697 2949 Episcopum
715 2905 1140 2950 Constantinopolitanum
1159 2906 1305 2952 scripta‘,
1324 2920 1431 2952 eaque
1443 2910 1622 2943 vobiscum
1643 2908 1933 2944 communicanda
1950 2908 2046 2942 arbi-

211 2961 356 2990 tramur,
376 2964 418 2983 ne
438 2951 533 2995 quod
553 2952 678 2984 Gallici
697 2952 859 2997 Episcopi
879 2952 1047 2994 Ceronius,
1065 2954 1238 2992 Salonius,
1258 2962 1290 2986 et
1316 2954 1473 2988 Veranus
1498 2956 1749 3000 desiderarunt,
1770 2967 1803 2990 et
1826 2968 1888 2989 vos
1907 2955 2045 2988 deside-

214 2998 294 3032 retis
311 3012 320 3041 3
341 2998 413 3031 haec
432 2999 522 3031 enim
544 3007 624 3031 sunt
643 2999 784 3032 illorum
807 2999 931 3033 verba:
951 3001 986 3031 Si
1007 2999 1182 3032 salutarem
1206 3000 1335 3033 lecturis
1354 3002 1497 3035 omnibus
1519 3007 1674 3050 paginam
1700 3005 1807 3052 aliquo
1831 3002 1932 3035 studii
1950 3003 2044 3035 vestri

214 3046 440 3078 accumulastis
465 3054 652 3089 augmento,
674 3046 710 3077 id
726 3047 825 3091 ipsum
851 3046 929 3077 addi
956 3046 1062 3079 libello
1091 3047 1162 3079 Ιιιιὶε
1183 3047 1321 3079 sollicita
1340 3051 1465 3094 pietate
1479 3051 1637 3094 jubeatis.
1660 3053 1770 3097 (Inter
1787 3050 1889 3097 epist·
1912 3049 2039 3084 decret.

216 3093 249 3126 S.
273 3093 400 3126 Leonis
418 3093 551 3125 collect.
571 3105 587 3125 a
602 3093 784 3125 Rainaudo
805 3093 841 3125 in
857 3094 958 3137 Hept.
983 3095 1122 3138 praesul.
1140 3094 1268 3129 Christ.
1290 3094 1373 3129 edit.
1394 3097 1500 3130 Paris.
1520 3102 1624 3142 1761,
1641 3112 1719 3144 pag.
1745 3099 1842 3142 177.)

264 3140 358 3183 (Haec
379 3138 618 3172 desiderantur
646 3140 679 3172 in
708 3140 852 3184 singulis
879 3140 1089 3173 editionibus
1117 3141 1211 3186 apud
1240 3153 1302 3174 nos
1326 3143 1396 3187 jam
1427 3146 1611 3190 evulgatis;
1638 3158 1679 3179 ex
1709 3143 1955 3179 additamentis
1980 3143 2042 3177 de-

217 3195 378 3232 prompta
397 3199 473 3232 quae
491 3186 526 3219 in
547 3187 640 3220 calce
659 3195 774 3220 extant
792 3186 912 3232 primae
931 3188 1050 3233 partis,
1069 3187 1154 3224 edit.
1172 3189 1318 3234 Augusti
1336 3189 1576 3236 Vendelicor„
1593 3206 1630 3239 p.
1656 3193 1750 3236 244).

1654 3241 1758 3285 (Nota
1786 3238 1950 3283 editoris.)
