2135 3442
146 146 221 182 404
637 138 822 174 LETTRE
852 135 1192 181 APOSTOLIQUE
1220 135 1284 170 DE
1313 135 1393 170 PIE
1421 135 1492 170 IX.

146 247 228 289 que
255 229 482 271 violatores
515 226 625 269 serio
664 240 841 267 monere
876 224 929 266 de
958 222 1147 264 censuris
1176 238 1223 263 ac
1242 222 1377 280 poenis
1397 236 1474 278 per
1502 220 1728 262 canonicas
1747 221 1984 266 sanctiones

145 295 331 345 inflictis,
361 295 404 334 in
441 308 546 350 quas
566 291 647 350 ipsi
676 289 858 348 proinde
881 288 1033 329 misere
1063 286 1320 328 inciderant.
1346 285 1687 326 Existimandum
1717 301 1848 343 porro
1877 299 1982 340 erat,

144 372 319 419 patratae
341 357 580 400 violationis
608 368 802 398 auctores
830 369 907 412 per
936 354 1106 395 iteratas
1138 353 1314 394 Nostras
1341 349 1597 392 monitiones
1624 366 1672 391 ac
1705 351 1899 406 querelas
1932 354 1986 394 ab

145 427 293 483 iniquo
313 422 534 482 proposito
556 421 806 472 destituros3
825 417 1063 475 praesertim
1084 433 1180 459 cum
1208 415 1392 458 universi
1410 415 1608 456 catholici
1627 416 1743 457 orbis
1768 432 1987 458 sacrorum

144 489 383 538 AntistiteS,
407 499 448 529 et
473 487 618 528 fideles
640 487 842 540 cujusque
872 482 1050 532 ordinis,
1085 481 1318 540 dignitatis,
1347 492 1389 522 et
1418 480 1677 522 conditionis
1703 497 1851 523 eorum
1876 498 1986 523 curae

144 554 358 598 commissi
386 569 480 595 suas
510 550 663 592 nostris
697 546 1108 606 expostulationibus
1137 547 1415 604 adjungentes
1444 545 1632 586 unanimi
1660 546 1874 588 alacritate
1893 548 1985 589 No-

142 623 308 663 biscum
345 620 470 674 hujus
501 613 759 674 Apostolicae
789 611 926 662 Sedis,
965 622 1006 652 et
1032 612 1280 653 universalis
1311 611 1506 653 Ecclesiae
1535 611 1790 668 justitiaeque
1817 628 1989 653 causam

142 683 501 745 propugnandam
522 679 799 737 susceperint,
830 693 929 718 cum
950 676 1110 734 optime
1130 677 1435 735 intelligerent,
1464 687 1729 734 quantopere
1756 675 1903 727 civilis,
1934 676 1988 720 de

144 768 229 810 quo
269 749 424 807 agitur,
470 745 749 805 principatus,
795 742 848 783 ad
888 741 1070 782 liberam
1111 742 1296 799 supremi
1336 740 1613 783 Pontificatus
1649 740 1988 796 jurisdictionem

142 814 325 857 intersit.
359 815 520 854 Verum
552 810 860 868 (horrescentes
893 806 1070 848 dicimus
1087 807 1115 863 l)
1142 806 1423 864 Subalpinum
1444 806 1710 849 Gubernium
1735 823 1822 847 non
1850 806 1989 848 solum

142 883 297 923 Nostra
325 877 504 929 monita,
529 874 738 932 querelas,
763 883 806 914 et
829 871 1128 913 ecclesiasticas
1147 887 1293 928 poenas
1313 872 1586 930 contempsit,
1610 872 1681 914 sed
1704 872 1831 913 etiam
1851 872 1894 913 in
1915 888 1987 913 sua

142 944 372 1004 persistens
407 940 698 999 improbitate,
734 936 932 995 populari
972 935 1174 994 suffragio
1204 936 1406 993 pecuniis,
1441 937 1580 987 minis,
1618 949 1782 979 terrore
1813 936 1990 994 aliisque

143 1009 303 1052 callidis
339 1007 500 1049 artibus
535 1015 683 1046 contra
721 1018 847 1044 omne
867 1004 936 1058 jus
960 1012 1142 1051 extorto,
1183 1001 1360 1043 minime
1393 1002 1601 1043 dubitavit
1634 1013 1990 1044 commemoratas

141 1077 317 1117 Nostras
342 1070 580 1131 provincias
602 1068 818 1117 invadere,
843 1083 1068 1124 occupare,
1095 1078 1136 1107 et
1153 1066 1196 1107 in
1215 1082 1334 1107 suam
1352 1078 1606 1124 potestatem
1628 1066 1988 1123 dominationem-

142 1157 225 1198 que
244 1140 451 1196 redigere.
478 1137 620 1177 Verba
641 1133 813 1190 quidem
835 1133 989 1174 desunt
1005 1132 1057 1173 ad
1080 1143 1246 1173 tantum
1268 1131 1603 1189 improbandum
1626 1132 1802 1182 facinus,
1836 1132 1879 1172 in
1905 1147 1989 1189 quo

139 1206 262 1263 plura
293 1215 334 1244 et
362 1202 544 1243 maxima
577 1200 795 1240 habentur
818 1197 1023 1239 facinora.
1061 1197 1198 1238 Grave
1230 1213 1415 1253 namque
1444 1197 1680 1238 admittitur
1704 1196 1984 1255 sacrilegium,

140 1286 224 1328 quo
249 1285 331 1310 una
361 1267 484 1309 simul
514 1265 650 1307 aliena
670 1266 766 1320 jura
795 1275 945 1305 contra
974 1263 1213 1304 naturalem
1246 1261 1519 1319 divinamque
1548 1263 1683 1321 legem
1713 1273 1987 1320 usurpantur,

140 1334 279 1377 omnis
313 1332 484 1389 justitiae
522 1331 632 1372 ratio
668 1328 942 1379 subvertitur,
983 1340 1023 1369 et
1060 1329 1264 1384 cujusque
1303 1328 1434 1369 civilis
1473 1327 1737 1385 Principatus
1776 1342 1824 1367 ae
1862 1326 1991 1368 totius

139 1401 336 1441 humanae
356 1397 568 1440 societatis
589 1395 869 1436 fundamenta
890 1393 1058 1452 penitus
1080 1404 1346 1435 evertuntur.

200 1467 306 1506 Cum
336 1463 465 1521 igitur
493 1478 543 1502 ex
569 1477 653 1502 una
678 1471 801 1518 parte
831 1476 920 1500 non
945 1459 1035 1500 sine
1062 1458 1248 1500 maximo
1276 1458 1404 1499 animi
1435 1459 1581 1499 Nostri
1613 1458 1762 1499 dolore
1787 1457 1994 1516 intelliga-

139 1546 249 1579 mus,
273 1529 410 1569 irritas
439 1527 601 1567 futuras
624 1541 753 1566 novas
778 1524 1136 1582 expostulationes
1164 1524 1278 1582 apud
1306 1539 1378 1565 eos
1406 1524 1477 1580 qui
1510 1525 1621 1565 velut
1651 1524 1822 1581 aspides
1853 1524 1992 1564 sumlae

141 1595 380 1635 obturantes
407 1608 531 1633 (zm-es
559 1607 660 1631 suas
688 1590 795 1631 nihil
828 1590 1045 1647 hucusque
1073 1589 1247 1630 monitis
1278 1605 1326 1630 ac
1358 1589 1578 1645 questibus
1601 1588 1766 1630 (Nostris
1790 1587 1992 1629 commoti

141 1670 261 1712 sunt,
299 1674 348 1698 ex
378 1657 509 1698 altera
538 1671 638 1697 vero
671 1667 790 1713 parte
820 1654 968 1695 intime
1004 1655 1233 1695 sentiamus
1264 1653 1367 1709 quid
1398 1670 1420 1694 a
1454 1653 1591 1695 Nobis
1628 1653 1671 1693 in
1703 1664 1819 1694 tanta
1847 1668 1992 1693 rerum

141 1722 363 1780 iniquitate
387 1721 564 1762 omnino
590 1720 779 1777 postulet
803 1719 999 1760 Ecclesiae
1028 1719 1238 1775 hujusque
1266 1719 1522 1776 Apostolicae
1550 1718 1666 1760 Sedis
1690 1735 1737 1760 ac
1763 1718 1893 1760 totius
1919 1734 1990 1760 ca-

139 1787 288 1831 tholici
311 1785 429 1828 orbis
449 1800 590 1831 causa,
608 1786 907 1842 improborum
928 1785 1153 1825 hominum
1177 1800 1307 1842 opera
1326 1796 1412 1825 tam
1434 1785 1708 1825 vehementer
1729 1794 1990 1842 oppugnata,

141 1853 300 1895 idcirco
331 1850 566 1892 cavendum
600 1849 738 1890 Nobis
771 1860 833 1890 est
872 1865 925 1890 ne
960 1849 1116 1889 diutius
1151 1849 1390 1890 cunctando
1429 1849 1662 1906 gravissimi
1695 1848 1821 1890 officii
1847 1848 1992 1890 Nostri

141 1916 305 1959 muneri
331 1915 474 1957 deesse
500 1913 734 1955 videamur.
758 1914 822 1955 Eo
853 1928 1009 1971 nempe
1035 1913 1218 1955 adducta
1248 1929 1315 1954 res
1341 1924 1403 1954 est
1423 1924 1469 1954 ut
1490 1912 1728 1954 illustribus
1749 1913 1991 1955 Praedeces—

142 1998 285 2024 sorum
313 1982 569 2022 Nostrorum
596 1978 780 2037 vestigiis
811 1978 1064 2019 inhaerentes
1093 1994 1287 2036 suprema
1318 1978 1388 2018 illa
1413 1977 1665 2019 auctoritate
1695 1989 1879 2029 utamur,
1910 1994 1992 2035 qua

143 2064 239 2090 cum
262 2046 442 2097 solvere,
470 2057 559 2086 tum
588 2044 716 2085 etiam
738 2044 868 2102 ligare
891 2043 1027 2084 Nobis
1049 2043 1249 2085 divinitus
1272 2043 1418 2084 datum
1446 2054 1531 2097 est,
1557 2054 1604 2084 ut
1627 2042 1827 2084 nimirum
1849 2043 1992 2085 debita

144 2113 189 2154 in
211 2124 353 2153 sontes
377 2110 631 2152 adhibeatur
648 2109 864 2159 severitas,
890 2124 1022 2166 eaque
1045 2109 1217 2150 salutari
1240 2110 1388 2150 ceteris
1409 2108 1606 2166 exemplo
1627 2107 1693 2149 sit.

206 2224 354 2279 Itaque
373 2234 468 2279 post
485 2221 627 2263 Divini
644 2221 824 2279 Spiritus
841 2221 987 2262 lumen
1004 2220 1181 2278 privatis
1197 2220 1463 2279 publicisque
1482 2219 1682 2278 precibus
1697 2218 1989 2276 imploratum,

147 2299 242 2345 post
266 2286 503 2327 adhibitum
534 2287 694 2328 selectae
720 2288 812 2326 VV.
842 2287 924 2327 FF.
952 2287 1048 2327 NN.
1083 2287 1125 2327 S.
1158 2288 1211 2327 R.
1244 2288 1295 2328 E.
1325 2284 1616 2326 Cardinalium
1644 2284 1993 2343 Congregationis

148 2351 392 2401 consilium,
424 2351 673 2392 auctoritate
703 2350 1018 2408 Omnipotentis
1042 2351 1118 2392 Dei
1149 2362 1191 2392 et
1218 2352 1289 2392 SS.
1317 2351 1628 2408 Apostolorum
1654 2350 1770 2391 Petri
1804 2361 1846 2391 et
1874 2349 1992 2391 Pauli

149 2433 196 2459 ac
212 2417 370 2458 Nostra
394 2417 533 2458 denuo
556 2417 836 2466 declaramus,
862 2432 934 2458 eos
959 2432 1121 2467 omnes,
1151 2416 1224 2473 qui
1245 2415 1451 2458 nefariam
1471 2414 1513 2455 in
1533 2414 1744 2472 prsedictis
1761 2414 1992 2456 Pontificiae

148 2483 313 2523 Nostrae
337 2481 508 2522 ditionis
535 2481 762 2539 provinciis
782 2481 1062 2522 rebellionem
1083 2491 1124 2521 et
1144 2496 1289 2522 earum
1309 2479 1646 2536 usurpationem,
1670 2480 1994 2536 occupationem

149 2557 191 2587 et
218 2546 478 2587 invasionem
508 2558 549 2587 et
577 2546 652 2587 alia
680 2546 942 2602 hujusmodi,
974 2546 1027 2587 de
1056 2545 1210 2602 quibus
1238 2545 1281 2586 in
1308 2543 1554 2585 memoratis
1574 2544 1742 2585 Nostris
1762 2543 1995 2585 Allocutio-

148 2611 272 2653 nibus
296 2611 364 2652 die
383 2612 469 2651 XX
491 2611 602 2651 Junii
624 2622 665 2651 et
685 2612 829 2653 XXVI
850 2609 1110 2668 Septembris
1130 2609 1359 2667 superioris
1383 2608 1483 2650 anni
1509 2608 1727 2666 conquesti
1745 2624 1906 2660 sumus,
1927 2609 1994 2651 vel

151 2692 299 2718 eorum
320 2674 461 2731 aliqua
483 2687 797 2733 perpetrarunt,
822 2678 1009 2732 itemque
1029 2675 1219 2733 ipsorum
1242 2674 1510 2724 mandantes,
1535 2673 1738 2724 fautores,
1762 2673 1993 2729 adjutores,

151 2740 428 2789 consiliarios,
452 2740 718 2781 adhaerentes
743 2741 810 2781 vel
834 2740 937 2781 alios
966 2756 1256 2798 quoscumque
1282 2738 1577 2797 praedictarum
1610 2754 1752 2780 rerum
1776 2739 1993 2780 executio-

152 2823 251 2848 nem
288 2805 481 2863 quolibet
511 2816 716 2862 praetextu
748 2816 788 2845 et
828 2805 977 2862 quovis
1013 2805 1144 2846 modo
1179 2815 1473 2863 procurantes,
1508 2804 1575 2845 vel
1605 2820 1680 2861 per
1713 2803 1872 2861 seipsos
1900 2819 1995 2845 exe-

152 2882 341 2929 quentes,
374 2871 583 2926 Majorem
620 2869 1131 2920 Excommunicationem,
1171 2870 1356 2926 aliasque
1383 2884 1582 2910 censuras
1619 2884 1670 2922 ac
1694 2884 1840 2926 poenas
1867 2869 1996 2917 eccle-

151 2935 336 2978 siasticas
372 2952 396 2977 a
429 2934 557 2976 sacris
599 2934 858 2986 canonibus,
899 2935 1156 2993 Apostolieis
1200 2934 1600 2983 Constitutionibus,
1643 2944 1685 2974 et
1722 2932 1994 2976 Generalium

153 3000 455 3050 Cone-iliorum,
478 2999 719 3041 Tridentini
740 3001 974 3056 praesertim
995 3002 1118 3057 (Sess.
1148 3002 1291 3051 XXII,
1317 3016 1408 3057 cap.
1432 3016 1493 3052 xl,
1516 3001 1579 3040 De
1602 2998 1795 3052 reform.)
1817 2996 1994 3039 decretis

154 3064 334 3106 inflictas
362 3064 601 3115 incurrisse,
631 3075 672 3105 et
703 3064 735 3104 si
761 3079 867 3121 opus
893 3076 967 3113 est,
992 3064 1043 3106 de
1067 3081 1177 3106 novo
1199 3064 1615 3107 excommunicamus
1647 3074 1688 3104 et
1714 3059 1993 3104 anathemati-

156 3145 323 3184 zamus,
351 3131 453 3172 item
483 3130 760 3179 declarantes,
789 3128 904 3186 ipsos
931 3130 1145 3179 omnium,
1181 3141 1222 3170 ct
1256 3144 1624 3186 quorumcumque
1652 3125 1986 3185 privilegiorum,

157 3195 406 3251 gratiarum,
430 3207 472 3236 et
495 3195 760 3237 indultorum
783 3193 862 3235 sibi
883 3208 906 3233 a
924 3194 1074 3244 Nobis,
1101 3209 1175 3235 seu
1194 3195 1398 3235 Romanis
1418 3192 1690 3235 Pontificibus
1710 3189 1994 3248 praedecesso-
