2135 3442
183 198 230 232 558
864 185 989 221 BREF
1019 185 1084 219 DE
1112 183 1192 218 PIE
1221 182 1285 217 VI.

180 280 436 340 superbiam,
458 275 741 318 universalem
763 273 1020 330 Episcopum
1044 268 1296 328 appellabat,
1325 263 1573 322 rogavitque
1596 275 1650 301 ne
1677 274 1890 300 assensum
1915 274 2026 317 prae-

182 349 302 387 beret
323 341 506 401 praefatae
524 341 697 383 Joannis
717 338 889 379 elationi
909 355 916 377 :
940 357 956 372 u
990 336 1033 376 Si
1054 335 1134 375 hac
1151 332 1194 373 in
1215 346 1338 373 causa
1360 340 1630 386 nequaquam
1651 339 1720 365 me
1741 325 1874 381 pietas
1892 335 2027 366 vestra

185 433 199 445 «
240 409 456 466 despiciat,
481 406 579 463 quia
601 415 642 446 et
663 403 696 445 si
715 412 887 461 peccata
908 399 1102 458 Gregorii
1126 398 1250 454 (nime
1279 394 1362 450 Pii)
1388 403 1506 434 tanta
1527 400 1642 442 sunt,
1663 398 1709 429 ut
1728 389 1817 445 pati
1835 387 1933 429 talia
1957 387 2030 429 de-

186 498 199 508 u
237 473 352 522 beat,
384 472 497 513 Petri
526 481 668 511 tamen
699 466 878 524 apostoli
905 474 1079 522 peccata
1110 461 1223 503 nulla
1258 469 1372 510 sunt,
1396 473 1450 499 ne
1479 456 1624 497 vestris
1650 453 1915 510 temporibus
1942 451 2030 510 pati

185 560 200 574 «
239 539 319 580 ista
354 546 579 578 mereatur.
619 532 744 573 Unde
778 532 932 573 iterum
973 541 1099 586 atque
1132 526 1284 567 iterum
1317 539 1394 582 per
1424 522 1765 578 omnipotentem
1798 517 2030 558 Dominum

185 626 200 639 «
241 618 372 660 rogo,
398 611 445 642 ut
473 600 579 642 sicut
604 608 800 656 parentes
833 596 995 654 priores
1027 592 1155 633 vestri
1187 588 1396 648 principes
1422 588 1466 628 S.
1496 584 1611 627 Petri
1646 581 1827 642 apostoli
1853 582 2032 652 gratiam

187 689 203 703 «
241 666 494 725 quaesierunt
519 683 527 706 :
547 665 604 704 ita
624 677 700 703 vos
721 675 890 719 quoque
915 670 956 700 et
978 660 1088 699 hanc
1109 654 1229 697 vobis
1253 668 1440 711 quaerere
1461 662 1502 693 et
1525 663 1772 692 conservare
1794 657 1965 696 curetis,
1991 656 2034 688 et

241 742 416 789 propter
432 739 603 787 peccata
630 736 789 775 nostra,
811 723 881 781 qui
906 723 943 765 ei
968 722 1139 780 indigne
1158 720 1377 770 servimus,
1397 718 1486 773 ejus
1511 714 1625 774 apud
1644 729 1718 754 vos
1734 713 1875 753 honor
1890 710 2032 752 nulla-

188 817 204 830 «
245 807 365 837 tenus
387 795 619 836 minuatur.
641 791 711 847 qui
736 801 776 830 et
802 788 931 829 modo
954 787 1072 827 vobis
1093 785 1260 840 adjutor
1284 798 1374 824 esse
1396 783 1440 823 in
1462 780 1674 829 omnibus,
1696 789 1738 819 et
1756 775 2033 835 postmodum

189 882 204 896 «
242 871 377 901 vestra
394 858 532 899 valeat
553 866 724 913 peccata
748 852 972 894 dimittere.
1007 873 1024 887 »

243 923 372 977 Quod
395 923 513 963 divus
527 920 754 977 Gregorius
771 918 826 958 ab
845 916 1091 958 auctoritate
1106 913 1395 955 Constantinae
1416 909 1646 968 postulavit
1667 907 1723 949 ad
1743 906 1871 948 decus
1889 905 2033 963 ponti-

190 988 293 1029 ficiae
322 985 655 1045 dignitatis,Nos
685 1000 707 1024 a
729 982 850 1023 vobis
876 980 1068 1022 similiter
1092 977 1367 1035 exquirimus,
1394 991 1447 1016 ne
1469 975 1514 1015 in
1542 973 1624 1014 isto
1647 972 1881 1014 vastissimo
1902 985 2035 1027 regno

187 1053 397 1093 Primatus
426 1051 566 1091 honor
592 1060 633 1089 et
659 1049 752 1103 jura
784 1046 1051 1094 aboleantur,
1079 1042 1444 1100 respicianturque
1476 1039 1627 1084 merita
1648 1038 1776 1085 Petri,
1810 1037 1927 1091 cujus
1950 1035 2037 1075 Nos

188 1116 374 1157 haeredes
418 1129 577 1163 sumus,
604 1113 678 1153 etsi
700 1109 880 1168 indigni,
907 1108 1062 1166 quique
1089 1107 1217 1148 debet
1236 1106 1280 1147 in
1303 1120 1483 1164 persona
1503 1101 1754 1144 humilitatis
1777 1110 1929 1141 nostrae
1951 1100 2034 1140 ho-

184 1182 342 1223 norari.
364 1179 492 1232 Quod
513 1179 545 1219 si
565 1177 710 1218 aliena*r
731 1175 951 1232 potestatis
967 1173 1008 1213 vi
1030 1172 1226 1229 impediti
1251 1171 1402 1227 exequi
1428 1184 1512 1210 non
1537 1166 1745 1215 valebitis,
1769 1181 1846 1223 per
1867 1163 2036 1222 religio-

186 1261 299 1294 nem,
325 1256 366 1285 et
385 1242 666 1285 constantiam
688 1251 871 1281 vestram
896 1238 1110 1295 complere
1133 1237 1312 1283 debetis,
1341 1235 1508 1276 fortiter
1532 1249 1607 1274 vos
1628 1233 1680 1272 ab
1707 1232 1896 1286 injuncto
1916 1231 2036 1284 jure-

179 1309 364 1363 jurando
397 1309 656 1349 abstinentes
681 1323 689 1344 :
718 1306 872 1361 quippe
902 1304 1041 1343 minus
1073 1301 1323 1342 detrahebat
1361 1299 1566 1356 Gregorio
1600 1306 1806 1353 usurpata
1830 1311 1853 1335 a
1875 1295 2037 1334 Joanne

187 1371 491 1420 denominatio,
514 1386 641 1428 quam
665 1380 812 1410 nostro
844 1369 1018 1425 deroget
1039 1366 1123 1422 juri
1156 1365 1372 1407 nationale
1402 1364 1636 1406 decretum.
1658 1358 1893 1413 Quomodo
1923 1357 2037 1399 enim

185 1448 409 1485 retentam,
431 1446 807 1490 conservatumque
826 1433 907 1474 dici
928 1433 1083 1489 poterit
1104 1447 1199 1472 cum
1217 1430 1369 1472 visibili
1389 1428 1585 1470 Ecclesiae
1606 1425 1742 1484 capite
1763 1422 2035 1466 communio-

188 1517 300 1551 nem,
325 1500 465 1542 eidem
499 1498 795 1540 tantummodo
826 1497 1077 1537 electionem
1109 1495 1375 1540 nunciando,
1416 1493 1652 1549 eodemque
1683 1502 1876 1547 tempore
1907 1488 2038 1546 ipsius

186 1566 390 1622 primatus
416 1565 685 1605 autoritatem
715 1561 841 1603 etiam
865 1577 941 1618 per
968 1559 1220 1601 sacramenti
1246 1559 1494 1616 religionem
1523 1554 1788 1597 abnuendo?
1812 1555 1868 1594 Et
1894 1563 2038 1594 tamen

189 1629 369 1671 debetur
402 1629 478 1685 ipsi
509 1639 709 1683 tanquam
743 1627 869 1683 capiti
908 1641 931 1666 a
962 1626 1043 1666 suis
1074 1623 1276 1665 membris
1308 1621 1510 1663 solemnis
1537 1619 1754 1662 canonicae
1783 1617 2039 1660 obedientiae

187 1691 422 1751 promissio,
451 1692 505 1732 ad
530 1690 794 1732 retinendam
813 1691 855 1729 in
874 1689 1059 1730 Ecclesia
1081 1689 1303 1736 unitatem,
1327 1698 1452 1743 atque
1477 1685 1531 1726 ad
1555 1684 1750 1726 evitanda
1769 1682 1937 1742 mystici
1951 1683 2039 1738 ejus

188 1758 378 1814 corporis
397 1772 420 1796 a
440 1756 606 1797 Christo
630 1754 816 1795 Domino
839 1753 1053 1794 constituti
1078 1753 1316 1793 schismata.
1344 1752 1439 1803 Qua
1459 1751 1503 1790 in
1529 1765 1591 1802 re,
1619 1748 1737 1806 quod
1759 1748 1813 1790 ad
1833 1747 2040 1789 Ecclesias

188 1821 418 1862 Galliarum
438 1821 637 1878 pertinet,
659 1819 803 1859 videre
829 1830 889 1859 est
910 1818 1021 1876 apud
1045 1818 1230 1858 Marten.
1254 1818 1317 1857 De
1343 1817 1474 1872 antiq.
1502 1814 1616 1856 Eecl.
1643 1815 1726 1854 Rit.
1748 1813 1780 1864 ¹,
1805 1813 1940 1871 qualis
1962 1812 2040 1853 ibi-

188 1886 284 1927 dem
303 1886 473 1939 jurandi
496 1884 677 1925 formula
698 1883 890 1941 viguerit,
914 1885 957 1923 in
982 1898 1064 1940 qua
1085 1893 1251 1923 constat
1266 1883 1356 1936 jain
1382 1882 1435 1921 ab
1455 1880 1638 1936 antiquis
1658 1879 1922 1936 temporibus
1945 1876 2036 1936 gal-

189 1951 344 1991 licanos
362 1951 596 2007 Episcopos
614 1950 657 1989 in
675 1964 748 1989 sua
765 1948 1032 1989 ordinatione
1054 1946 1107 1987 ad
1132 1946 1231 1987 fidei
1246 1946 1552 2004 professionem
1567 1943 1780 1985 addidisse
1797 1957 2038 2002 expressam

189 2030 287 2063 sure,
313 2030 412 2071 erga
428 2016 670 2055 Romanum
690 2012 956 2063 Pontificem,
980 2011 1235 2053 obedientiae
1255 2010 1500 2052 clausulam.

249 2150 390 2204 Atque
416 2147 485 2187 hic
515 2163 602 2187 uon
627 2147 872 2203 ignoramus
899 2145 1104 2201 profecto,
1134 2159 1270 2201 neque
1309 2143 1662 2184 dissimulandum
1697 2144 1906 2191 ducimus,
1937 2142 2036 2198 quid

191 2212 499 2253 constitutionis
516 2210 739 2251 nationalis
757 2210 930 2267 patroni
949 2221 1098 2249 contra
1114 2210 1203 2250 haec
1216 2207 1440 2266 proferunt
1457 2224 1509 2249 ex
1530 2207 1707 2265 epistola
1731 2208 1774 2248 S.
1802 2206 2039 2247 Hormisdae

193 2277 245 2317 ad
266 2276 551 2333 Epiphanium
567 2276 856 2316 Patriarcham
873 2273 1409 2330 Constantinopolitanum,
1432 2289 1502 2314 seu
1521 2273 1663 2330 potius
1684 2283 1946 2329 quantopere
1969 2270 2039 2312 illa

192 2343 281 2398 ipsa
312 2341 564 2392 abutantur,
590 2338 795 2396 quoniam
823 2355 875 2379 ex
902 2338 1053 2380 eadem
1082 2349 1245 2379 constat
1278 2337 1323 2378 in
1350 2353 1469 2379 more
1502 2338 1642 2386 fuisse,
1670 2347 1717 2377 ut
1745 2337 1797 2377 ab
1818 2337 2039 2395 Episcopis

192 2404 332 2446 electis
350 2404 476 2462 legati
499 2419 595 2445 cum
619 2403 782 2454 litteris,
804 2414 845 2444 et
863 2403 962 2444 fidei
977 2402 1239 2460 professione
1260 2401 1527 2443 mitterentur
1544 2401 1600 2442 ad
1621 2403 1866 2442 Romanum
1887 2401 2037 2442 Ponti-

194 2468 327 2515 ficem,
354 2484 375 2508 a
400 2484 484 2525 quo
513 2468 788 2525 postulabant
817 2467 981 2508 admitti
1013 2467 1057 2508 in
1085 2465 1446 2522 conjunctionem,
1468 2477 1510 2507 et
1538 2466 1580 2506 in
1610 2466 2041 2507 communicationem

195 2533 546 2589 cumApostolica
558 2532 680 2581 Sede,
706 2543 748 2573 et
765 2533 879 2572 hunc
897 2532 941 2571 in
965 2531 1142 2572 modum
1162 2546 1245 2571 suae
1263 2530 1480 2571 electionis
1503 2531 1853 2588 approbationem
1875 2530 2042 2571 obtine-

195 2607 307 2638 rent.
329 2596 459 2649 Quod
483 2612 578 2637 cum
597 2608 793 2654 praestare
812 2595 1017 2636 omisisset
1034 2596 1310 2653 Epiphanius,
1337 2594 1390 2635 ad
1408 2596 1548 2652 ipsum
1565 2594 1813 2636 Hormisdas
1833 2595 2037 2636 scribens:

200 2684 215 2697 ι(
254 2661 412 2711 Mirati,
443 2662 593 2717 inquit,
624 2660 855 2701 admodum
883 2675 1025 2700 sumus
1054 2674 1221 2700 morem
1254 2660 1479 2716 pristinum
1510 2659 1632 2700 fuisse
1661 2660 1916 2718 neglectum,
1944 2658 2040 2717 quia

202 2749 217 2761 «
253 2736 447 2783 reparata
479 2725 775 2773 Ecclesiarum,
808 2726 897 2765 Deo
928 2734 1157 2773 annuente,
1185 2723 1430 2773 concordia,
1467 2724 1643 2781 plenum
1677 2724 1963 2774 fraternitatis,
1994 2739 2041 2765 ac

201 2812 217 2826 «
255 2791 368 2847 pacis
388 2789 430 2829 id
450 2788 665 2847 flagitabat
685 2788 886 2836 officium,
912 2788 1142 2845 praesertim
1166 2787 1282 2845 quod
1302 2788 1406 2830 illud
1431 2789 1509 2829 sibi
1526 2805 1614 2830 non
1636 2790 1876 2848 arrogantia
1892 2803 2038 2847 perso-

202 2876 217 2889 «
256 2853 376 2903 nalis,
398 2854 471 2894 sed
493 2854 733 2911 regularum
756 2853 1021 2894 observantia
1045 2851 1301 2893 vindicabat.
1329 2854 1540 2894 Decuerat
1559 2854 1786 2911 siquidem,
1800 2856 1946 2895 Frater
1969 2868 2042 2894 ca-

204 2940 219 2953 «
255 2919 432 2967 rissime,
455 2928 495 2959 te
518 2918 677 2975 legatos
701 2917 754 2959 ad
776 2915 1063 2973 Apostolicam
1086 2915 1255 2965 Sedcm,
1280 2917 1390 2958 inter
1412 2919 1501 2975 ipsa
1525 2918 1585 2959 tui
1609 2919 1879 2976 pontificatus
1901 2917 2035 2967 initia,

204 3004 219 3017 «
258 2981 503 3031 destinasse,
532 2993 578 3022 ut
602 2997 729 3038 quem
752 2981 831 3021 tibi
857 2980 1089 3021 debeamus
1118 2979 1320 3022 affectum
1352 2982 1462 3023 bene
1490 2998 1780 3040 cognosceres,
1800 2994 1841 3026 et
1865 2992 2039 3024 vetustae

205 3067 221 3082 «
258 3046 571 3088 consuetudinis
592 3047 774 3087 formam
792 3047 869 3087 rite
892 3045 1125 3102 compleres
1141 3044 1176 3085 ².
1206 3066 1223 3080 »

225 3191 231 3197 Ι
251 3149 281 3179 1.
309 3146 413 3178 Tom.
432 3146 479 3187 11,
499 3145 561 3178 lib.
582 3145 705 3197 1⁷.⁰³P.·
728 3157 771 3185 ιι,
787 3152 852 3177 art.
872 3146 928 3185 11,
947 3142 1025 3177 ord.
1046 3150 1090 3184 10,
1107 3151 1139 3176 et
1153 3142 1248 3189 apud
1261 3143 1439 3178 Sirmond.
1458 3145 1492 3178 in
1507 3146 1691 3192 appendic.
1718 3145 1764 3180 ad
1780 3155 1867 3182 tom.
1883 3145 1919 3179 Π
1943 3146 2042 3180 Con-

201 3191 316 3225 cilior.
343 3192 479 3233 Galliae,
498 3191 541 3224 de
561 3200 712 3236 antiquis
729 3190 895 3236 Episcop.
914 3190 1131 3235 promotion.
1151 3191 1291 3223 formul.
1312 3194 1366 3236 13,
1385 3204 1464 3238 pag.
1486 3195 1566 3230 656.

252 3241 284 3272 2.
311 3239 421 3285 Epist.
439 3242 498 3282 71,
518 3239 555 3272 in
571 3239 708 3273 collect.
724 3237 859 3274 Concil.
881 3237 1014 3279 Labbe,
1031 3245 1055 3272 t.
1078 3236 1109 3278 I,
1125 3250 1162 3283 p.
1179 3240 1260 3273 665.
