2135 3442
184 162 232 198 66
891 157 1016 192 BREF
1043 157 1108 192 DE
1138 157 1217 191 PIE
1246 155 1311 192 VI.

182 246 426 298 Germania,
453 246 531 286 sub
553 244 677 286 certis
696 243 1032 295 conditionibus,
1058 242 1195 300 ipsum
1215 239 1481 298 permittere.
1505 240 1564 279 At
1582 253 1680 279 cum
1702 238 1803 279 inde
1820 238 1912 295 plus
1931 238 2032 280 mali

183 314 222 355 in
243 310 473 354 Ecclesiam
493 325 621 367 quam
646 308 749 350 boni
777 307 1071 357 redundasset,
1096 308 1137 347 S.
1159 304 1355 346 Pontifex
1382 303 1480 345 Pius
1506 304 1561 354 V,
1585 303 1870 344 necessarium
1895 302 2030 354 duxit,

183 379 226 420 in
244 377 307 420 sui
327 376 601 419 Pontilicatus
621 373 816 423 exordio,
840 373 950 414 hanc
969 371 1285 413 concessionem
1303 383 1526 422 revocare3
1541 367 1659 425 quod
1681 367 1823 408 statim
1842 367 2034 424 praestitit

183 458 261 501 per
280 442 429 483 breves
446 438 708 498 Apostolicas
726 438 918 488 Litteras,
932 437 1080 477 alteras
1098 435 1165 476 die
1184 440 1206 476 8
1224 432 1331 488 junii
1358 437 1470 475 1566
1486 432 1621 485 datas,
1648 431 1700 473 ad
1719 433 1928 472 Joannem
1946 431 2030 472 Pa-

183 508 409 549 triarcham
434 504 765 561 Aquileiensem,
789 502 938 542 alteras
960 500 1060 541 item
1087 499 1204 540 datas
1226 496 1433 554 postridie
1457 496 1510 537 ad
1533 497 1732 537 Cal-olum
1765 495 2033 537 archiducem

184 571 362 614 Austriae
387 589 395 612 :
417 584 596 625 cumque
618 583 748 626 porro
784 567 983 607 Urbanus
1007 561 1288 604 passaviensis
1304 561 1537 619 Episcopus
1563 561 1678 602 idem
1710 560 1937 618 flagitasset
1966 559 2032 601 in-

186 636 368 688 dultum,
394 633 628 676 rescribens
652 634 694 673 S.
727 631 825 672 Pius
850 629 916 671 die
946 633 1000 670 26
1022 627 1117 669 maii
1140 630 1251 667 1568
1279 624 1292 647 ¹
1318 641 1579 683 magnopere
1597 625 1733 683 ipsum
1758 625 1949 666 hortatus
1968 635 2030 666 est

189 722 207 738 «
235 701 289 742 ad
312 699 581 743 retinendum
602 696 742 755 potius
763 693 958 736 Ecclesiae
979 691 1196 735 catholicae
1216 690 1551 748 antiquissimum
1576 701 1618 732 et
1638 690 1947 732 sanctissimum
1968 689 2029 730 ri-

192 788 209 802 «
238 777 344 815 tum,
376 779 503 821 quam
536 778 633 803 cum
663 776 746 818 quo
771 758 956 800 haeretici
978 768 1229 799 utuntur....
1259 766 1385 812 atque
1406 754 1448 796 in
1477 755 1554 796 hac
1572 754 1781 797 sententia
1801 754 1909 796 adeo
1931 769 2033 796 con-

190 851 206 865 «
230 840 389 871 stanter
421 839 463 868 et
499 826 664 868 fortiter
691 839 863 866 manere
887 822 1030 874 debes,
1056 833 1103 862 ut
1126 820 1280 861 nullius
1299 821 1492 875 jacturae,
1528 831 1601 860 aut
1622 819 1799 877 periculi
1822 830 1953 873 metu,
1981 834 2032 860 ex

191 916 205 931 «
235 910 283 936 ea
314 905 352 935 te
376 890 581 934 dimoveri
606 889 782 948 patiare,
819 887 984 929 etiamsi
1012 885 1262 943 temporalia
1285 885 1402 925 bona
1427 883 1659 926 amittenda
1693 895 1847 932 essent,
1871 883 2034 925 etiam51

189 981 206 995 «
236 957 505 1000 subcundum
535 966 646 996 esset
684 953 951 1011 martyrium.
988 950 1122 992 Pluris
1153 949 1247 991 talis
1284 949 1533 990 constantiae
1563 950 1786 1007 praemium
1830 949 2035 990 aestimare

189 1046 205 1060 «
233 1023 378 1074 debes,
405 1037 532 1078 quam
553 1018 792 1077 quantasvis
813 1032 918 1074 opes
936 1028 978 1057 et
994 1015 1249 1073 temporalia
1270 1014 1402 1055 bona.
1424 1015 1677 1073 Martyrium
1698 1030 1800 1056 vero
1819 1013 1926 1055 adeo
1947 1029 2034 1054 non

186 1110 203 1124 «
232 1099 294 1129 est
315 1084 711 1142 subterfugiendum
732 1081 895 1123 homini
912 1096 1009 1122 vere
1027 1079 1257 1121 christiano
1282 1090 1324 1121 et
1349 1079 1652 1130 catholico,'ut
1674 1080 1726 1120 sit
1752 1078 1880 1120 etiam
1904 1094 2032 1136 expe-

184 1173 200 1188 «
227 1152 420 1202 tendum,
445 1162 486 1191 ct
508 1149 550 1189 in
575 1147 793 1206 singularis
821 1145 1016 1187 beneficii
1038 1145 1133 1186 loco
1159 1161 1182 1184 a
1205 1146 1297 1186 Deo
1322 1143 1635 1202 accipiendum,
1670 1155 1711 1184 et
1732 1143 1833 1185 felix
1862 1144 2033 1185 haben-

183 1237 200 1253 «
230 1217 307 1258 dus
340 1217 405 1268 sit,
429 1213 686 1271 quicumque
703 1211 854 1268 dignus
873 1210 1041 1251 habitus
1061 1208 1204 1260 fuerit,
1227 1208 1300 1266 qui
1324 1225 1403 1266 pro
1433 1209 1604 1250 Christo
1635 1220 1676 1250 et
1704 1225 1782 1266 pro
1805 1210 1892 1264 ejus
1916 1223 2035 1250 sanc-

183 1303 199 1317 «
227 1280 393 1321 tissimis
418 1277 686 1319 sacramentis
714 1275 965 1334 sanguinem
999 1273 1206 1316 effundat.
1249 1294 1265 1308 »
1301 1274 1413 1314 Hinc
1444 1273 1596 1315 merito
1630 1274 1671 1315 S.
1713 1275 1799 1314 Leo
1835 1274 2031 1331 Magnus,

177 1345 360 1387 scribens
381 1342 600 1401 Episcopis
623 1357 699 1399 per
723 1340 1015 1398 Campaniam,
1040 1338 1262 1390 Picenum,
1282 1339 1526 1391 Thusciam,
1553 1349 1596 1380 et
1620 1337 1835 1379 universas
1858 1337 2034 1395 provin-

175 1409 259 1451 cias
270 1408 506 1450 constitutis
531 1407 583 1448 de
605 1405 814 1462 aliquibus
834 1403 1069 1462 disciplinae
1091 1402 1422 1454 articulis,suam
1443 1402 1593 1444 clausit
1607 1401 1855 1460 epistolam²
1875 1419 1883 1443 ε
1905 1423 1922 1438 κ
1939 1403 2034 1444 Hoc

181 1495 198 1511 «
225 1474 365 1530 itaque
392 1471 628 1513 admonitio
659 1481 808 1511 nostra
836 1468 1079 1519 denunciat,
1114 1467 1230 1524 quod
1262 1467 1297 1508 si
1326 1468 1418 1524 quis
1438 1468 1615 1509 fratrum
1645 1478 1793 1509 contra
1812 1467 1904 1508 haec
1928 1482 2033 1508 con-

181 1557 199 1575 «
221 1537 363 1579 stituta
389 1536 531 1577 venire
558 1534 808 1584 tentaverit,
833 1543 875 1574 et
898 1531 1112 1590 prohibita
1138 1532 1266 1572 fuerit
1300 1547 1425 1573 ausus
1447 1531 1685 1581 admittere,
1716 1547 1739 1572 a
1765 1547 1841 1572 suo
1875 1546 1921 1572 se
1945 1547 2030 1573 no-

180 1623 195 1640 «
223 1601 329 1643 verit
353 1600 495 1642 officio
524 1598 880 1648 submovendum,
904 1612 982 1638 nec
1009 1596 1322 1637 communionis
1346 1608 1499 1637 nostrae
1522 1596 1713 1638 futurum
1735 1611 1823 1638 esse
1849 1611 2028 1638 consor-

179 1686 196 1702 «
223 1677 326 1716 tem,
357 1666 431 1721 qui
451 1665 590 1705 socius
613 1679 702 1704 esse
720 1662 859 1703 noluit
880 1661 1127 1718 disciplina‘.
1157 1681 1174 1695 »

233 1771 359 1811 Nunc
381 1768 712 1827 procedentibus
735 1767 789 1808 ad
810 1782 990 1808 examen
1014 1765 1200 1823 capitum
1222 1765 1382 1807 decreti
1405 1777 1637 1807 conventus
1656 1766 1895 1816 nationalis,
1925 1783 2024 1826 gra-

172 1836 342 1876 vissima
363 1849 452 1875 sese
475 1832 603 1874 offert
625 1831 863 1890 suppressio
889 1831 1159 1887 antiquarum
1179 1829 1498 1887 metropolium,
1523 1846 1693 1871 necnon
1720 1842 1760 1871 et
1789 1832 2023 1873 nonnullo-

172 1915 267 1941 rum
290 1899 624 1957 episcopatuum,
660 1896 923 1953 aliorumque
954 1911 1005 1936 ex
1037 1895 1119 1936 suis
1152 1894 1317 1944 divisio,
1352 1893 1532 1936 aliorum
1563 1894 1616 1935 de
1647 1896 1814 1953 integro
1847 1897 2020 1938 erectio.

173 1965 263 2016 Qua
285 1963 339 2005 de
359 1978 404 2003 re
426 1978 512 2004 non
538 1962 608 2003 hic
632 1960 687 2002 ad
707 1961 901 2002 criticum
924 1975 1102 2000 examen
1125 1974 1325 2000 revocare
1358 1959 1617 2001 intendimus
1644 1959 1765 2010 illud,
1790 1960 1906 2018 quod
1935 1977 2023 2002 non

172 2029 261 2069 sine
289 2027 428 2083 aliqua
457 2026 721 2067 dubitatione
751 2025 989 2066 retulerunt
1021 2023 1209 2065 historici
1248 2038 1374 2081 super
1399 2023 1533 2065 veteri
1565 2023 1814 2080 gallicarum
1845 2025 2021 2083 provin—

173 2091 332 2132 ciarum
361 2090 471 2132 civili
496 2091 590 2145 jure
622 2088 1013 2130 administratarum
1043 2087 1265 2138 divisione,
1297 2103 1350 2128 ex
1381 2103 1462 2144 qua
1489 2087 1646 2129 inferre
1681 2105 1898 2147 possemus
1925 2105 2023 2131 cum

174 2155 348 2207 eisdem,
373 2170 512 2211 neque
534 2165 744 2211 tempore,
774 2169 912 2209 neque
940 2152 1036 2193 loco
1067 2151 1366 2194 ecclesiasticas
1396 2153 1656 2210 metropoles
1686 2153 1952 2205 convenisse3
1980 2166 2023 2196 at

172 2236 249 2278 pro
271 2235 329 2270 re,
357 2219 409 2260 de
430 2234 511 2275 qua
528 2234 640 2259 nunc
660 2217 811 2274 agitur,
831 2218 927 2258 satis
946 2228 1020 2267 est,
1044 2217 1077 2257 si
1099 2216 1322 2257 innuamus
1343 2232 1394 2256 ex
1415 2215 1622 2258 divisione
1645 2217 1947 2276 metropolium
1968 2219 2022 2260 ad

167 2283 503 2341 jurisdictionem
528 2282 693 2323 civilem
714 2281 1053 2333 constitutarum,
1077 2297 1344 2337 nequaquam
1363 2296 1560 2324 emanare
1582 2281 1852 2324 ecclesiastici
1876 2284 2023 2325 minis-

175 2349 265 2390 terii
288 2347 437 2405 spatia,
460 2358 507 2387 ut
527 2362 578 2386 ex
606 2346 730 2386 allata
747 2357 862 2404 patet
885 2362 909 2387 a
928 2346 970 2386 S.
997 2347 1248 2387 Innocentio
1268 2347 1289 2386 Ι
1307 2347 1472 2387 ratione
1487 2346 1499 2367 ³
1532 2364 1541 2387 ε
1571 2367 1589 2382 ι(
1604 2347 1645 2388 N
1649 2362 1717 2387 am
1738 2347 1853 2404 quod
1874 2349 2018 2390 scisci-

178 2433 195 2449 «
221 2412 321 2454 taris
348 2423 490 2453 utrum
514 2410 653 2451 divisis
673 2410 879 2468 imperiali
900 2410 1060 2466 judicio
1081 2410 1326 2468 provinciis,
1347 2421 1394 2452 ut
1420 2410 1515 2451 duae
1538 2411 1794 2468 metropoles
1814 2411 1936 2463 fiunt,
1960 2414 2020 2455 sic

177 2497 195 2513 «
221 2477 306 2518 duo
326 2474 643 2533 metropolitani
664 2475 860 2532 Episcopi
884 2475 1067 2516 debeant
1083 2474 1309 2527 nominari,
1327 2490 1415 2516 non
1438 2489 1538 2533 ergo
1561 2474 1699 2516 visum
1720 2487 1781 2517 est
1803 2476 1858 2518 ad
1876 2477 2019 2519 mobi-

180 2561 198 2577 «
220 2541 383 2582 litatem
415 2539 708 2581 necessitatum
734 2539 1051 2580 mundanarum
1081 2540 1160 2581 Dei
1179 2539 1411 2580 Ecclesiam
1442 2539 1719 2591 commutari,
1751 2541 2017 2599 honoresque

177 2625 195 2641 κ
221 2616 294 2646 aut
321 2603 549 2645 divisiones
581 2605 768 2661 perpeti,
802 2620 904 2661 quas
933 2620 1013 2661 pro
1047 2605 1130 2645 suis
1163 2604 1295 2645 causis
1323 2603 1539 2645 faciendas
1570 2604 1737 2646 duxerit
1767 2606 2014 2664 imperator.

178 2688 194 2707 (ι
218 2670 331 2725 Ergo
359 2668 590 2709 secundum
616 2669 840 2725 pristinum
861 2667 1174 2726 provinciarum
1201 2684 1383 2720 morem,
1416 2670 1766 2727 metropolitanos
1783 2672 2016 2730 Episcopos

177 2755 194 2770 «
220 2732 416 2775 convenit
433 2733 663 2773 numerari.
683 2753 700 2768 >›
730 2732 984 2787 Hujusmodi
1008 2731 1230 2789 epistolam
1250 2748 1301 2773 ex
1324 2733 1445 2790 praxi
1461 2733 1654 2776 Ecclesiae.
1672 2735 1888 2794 gallicanae
1903 2753 2013 2795 prae-

171 2798 290 2839 claris
312 2796 492 2837 illustrat
517 2796 806 2837 monumentis
835 2797 984 2837 Petrus
1016 2795 1068 2837 de
1089 2796 1248 2847 Marca,
1277 2811 1299 2837 e
1321 2812 1405 2852 quo
1434 2808 1496 2838 sat
1519 2799 1597 2839 erit
1621 2816 1754 2857 pauca
1777 2801 2012 2844 exscribere

168 2861 320 2905 verba*
346 2879 355 2903 z
383 2882 398 2897 «
421 2861 637 2902 Gallicana
653 2860 838 2902 Ecclesia
863 2860 905 2901 in
930 2860 1123 2901 eamdem
1144 2861 1394 2902 sententiam
1412 2862 1587 2919 Synodo
1605 2864 1953 2917 Chalcedonensi‚
1971 2876 2013 2908 et

173 2947 190 2963 «
214 2925 451 2968 Innocentii
473 2926 645 2967 decreto
666 2926 933 2982 conspiravit,
954 2926 1197 2983 putavitque
1215 2927 1329 2967 nefas
1352 2941 1439 2968 esse
1468 2943 1616 2986 regum
1644 2929 1822 2988 imperio
1842 2930 2008 2988 episco-

217 3065 251 3097 1.
275 3062 388 3094 Relat.
410 3072 429 3094 a
446 3058 618 3093 Laderch.
638 3059 765 3093 Annal.
790 3058 986 3094 Ecclesiast.
1007 3058 1052 3093 ad
1069 3072 1150 3092 ann.
1174 3062 1277 3105 1568,
1298 3073 1378 3106 pag.
1399 3064 1456 3104 60,
1476 3061 1561 3096 edit.
1583 3064 1686 3098 Rom.
1713 3068 1816 3101 1733.

217 3111 250 3143 2.
278 3108 390 3154 Epist.
413 3110 446 3149 3,
467 3116 550 3141 tom.
569 3107 619 3149 ΙΙ,
635 3119 733 3152 oper.
753 3105 836 3139 edit.
858 3107 1007 3152 Tyrna„
1029 3109 1131 3141 1767.

215 3158 250 3191 3.
274 3155 387 3201 Epist.
406 3155 464 3194 ⁵24,
488 3153 532 3187 ad
549 3154 785 3187 Alexandrum
804 3153 983 3193 :tutior-h„
1005 3165 1081 3199 cap.
1103 3166 1147 3196 11,
1165 3153 1259 3199 apud
1279 3155 1477 3199 coustant„
1497 3169 1577 3204 pag.
1596 3161 1678 3194 852.

216 3205 251 3237 4.
277 3203 328 3235 De
347 3201 524 3236 Concord.
548 3200 680 3236 sacerd.
701 3209 735 3234 et
753 3201 895 3247 imper.‚
915 3200 975 3234 lib.
998 3201 1046 3242 II,
1065 3213 1143 3247 cap.
1161 3213 1212 3243 nz,
1230 3214 1332 3236 num—
1348 3206 1373 3240 ‘2:-
1396 3211 1429 3236 et
1447 3205 1480 3236 7.
