2135 3442
196 116 271 152 492
699 111 888 146 LETTRE
915 110 1230 157 ENCYCLIQUE
1258 110 1325 145 DE
1353 109 1432 144 PIE
1459 109 1531 145 IX.

194 202 304 243 illius
322 197 646 257 Magistratibus
668 196 855 247 decreta,
881 207 1013 254 gesta,
1039 212 1113 238 seu
1141 194 1471 254 quomodolibet
1495 205 1702 236 attentata
1729 206 1842 244 sunt,
1873 197 2036 237 Aucto-

195 266 319 308 ritate
349 265 507 307 Nostra
537 261 785 320 Apostolica
814 262 1114 319 reprobamus,
1149 261 1426 311 damnamus,
1456 270 1499 301 et
1525 259 1639 317 leges
1668 275 1717 301 ac
1751 259 1921 301 decreta
1949 260 2040 318 ipsa

195 346 292 372 cum
324 328 525 370 omnibus
555 327 655 369 inde
690 325 845 368 secutis
883 326 1032 367 eadem
1056 327 1212 368 Nostia
1242 324 1508 367 Auctoritate
1535 325 1813 381 abrogamus
1849 335 1892 366 et
1922 324 2040 366 irrita

194 409 389 454 prorsus,
415 409 462 434 ac
486 392 643 434 nullius
663 390 833 433 roboris
857 389 1001 440 fuisse,
1035 401 1077 431 et
1105 389 1195 431 fore
1229 389 1511 432 declaramus.
1545 390 1666 447 Ipsos
1695 399 1837 429 autem
1870 388 2042 430 illorum

196 470 389 501 auctores
413 457 541 499 etiam
561 468 688 514 atque
710 457 838 497 etiam
859 455 901 495 in
924 454 1112 496 Domino
1133 456 1411 505 obtestamur,
1436 465 1483 495 ut
1500 453 1677 495 tandem
1696 452 1925 510 aliquando
1946 468 2044 495 suos

197 524 344 566 oculos
373 522 569 581 aperiant
599 536 726 579 super
759 519 1009 577 gravissima
1040 520 1215 562 vulnera
1234 519 1431 561 Ecclesiae
1452 519 1668 577 imposita,
1691 534 1739 560 ac
1760 519 1886 560 simul
1904 534 2046 560 recor·

197 589 366 639 dentur,
398 587 595 643 serioque
622 584 896 627 considerent
920 599 1122 626 censuras
1145 596 1187 626 et
1202 601 1370 643 poenas,
1401 600 1505 641 quas
1534 583 1791 641 Apostolicae
1820 583 2039 625 Constitu-

197 653 353 703 tiones,
384 663 425 693 et
447 650 710 709 generalium
732 648 1026 690 Conciliorum
1049 651 1231 691 Decreta
1261 661 1409 692 contra
1430 648 1625 691 Ecclesia?
1642 648 1804 705 jurium
1828 648 2044 690 invasores

198 718 310 759 facto
334 717 424 775 ipso
446 715 721 757 incurrendas
740 712 957 771 infligunt,
981 724 1025 755 et
1047 713 1198 756 iccirco
1218 714 1369 755 anima,¹
1399 730 1481 755 suae
1510 713 1791 755 misereantur
1806 729 1892 772 prae
1912 713 2045 756 oculis

197 783 405 824 habentes
431 803 448 817 «
469 780 673 839 quoniam
695 778 969 821 durissimum
990 777 1056 829 iis,
1077 779 1147 836 qui
1165 790 1353 837 praesunt
1366 779 1439 821 fiet
1453 777 1706 835 judicium¹.
1723 800 1740 816 »
1755 779 1897 836 Atque
1917 777 2045 820 etiam

198 846 314 888 omni
337 845 478 888 studio
500 845 595 886 illos
616 843 924 886 ecclesiasticos
945 843 1076 893 viros,
1105 843 1178 900 qui
1198 844 1420 886 Gubernio
1441 843 1629 886 faventes
1658 859 1681 885 a
1704 843 1880 901 proprio
1902 841 2045 885 officio

198 912 352 953 misere
373 910 658 960 declinarunt,
682 924 926 959 monemus,
953 920 996 950 et
1017 909 1309 959 exhortamur,
1343 920 1389 950 ut
1416 921 1607 951 sanctam
1635 924 1755 950 suam
1778 907 2047 950 vocationem

198 976 341 1017 auimo
372 985 620 1032 reputantes
651 973 696 1014 in
717 973 907 1030 justitia),
930 973 1205 1030 veritatisque
1231 973 1341 1014 viam
1369 973 1509 1015 redire
1530 984 1780 1032 properent,
1804 984 1845 1014 et
1876 972 2047 1015 illorum

199 1040 584 1084 ecclesiasticorum
610 1038 839 1080 hominum
872 1039 1066 1095 exempla
1103 1038 1370 1090 aemulentur,
1394 1038 1466 1096 qui
1496 1038 1658 1080 etiamsi
1688 1037 1914 1080 infeliciter
1941 1037 2047 1096 lapsi

203 1105 502 1164 praescriptum
533 1120 557 1145 a
588 1102 815 1146 Gubernio
853 1102 1104 1144 obedientiae
1119 1105 1407 1158 juramentum
1437 1103 1740 1161 praestiterunt,
1781 1114 1922 1144 tamen
1951 1117 2047 1144 cum

199 1170 360 1228 ingenti
391 1170 565 1218 Nostro,
600 1184 650 1210 ac
685 1183 861 1209 suorum
884 1167 1137 1209 Antistitum
1163 1167 1318 1225 gaudio
1342 1167 1455 1209 idem
1474 1167 1770 1224 jusjurandum
1799 1178 2044 1217 retractare,

200 1251 248 1277 ac
269 1234 473 1276 damnare
498 1232 667 1291 gloriati
691 1244 803 1274 sunt.

255 1299 435 1341 ¹Interim
464 1315 566 1340 vero
598 1297 882 1355 amplissimas
904 1297 1160 1355 meritasque
1185 1297 1307 1339 vobis
1338 1296 1567 1338 tribuimus
1588 1296 1751 1347 laudes,
1772 1297 2049 1339 Venerabiles

199 1366 391 1414 Fratres,
423 1363 495 1421 qui
518 1364 766 1405 laborantes
794 1363 902 1404 sicut
928 1363 1033 1403 boni
1061 1362 1216 1404 milites
1244 1361 1400 1404 Christi
1430 1363 1542 1413 Jesu,
1578 1377 1625 1403 ac
1650 1372 1819 1403 strenue
1842 1361 1886 1402 in
1915 1378 2050 1419 agone

201 1440 410 1471 certantes
439 1427 643 1485 singulari
674 1428 916 1470 constantia
943 1438 984 1469 et
1008 1427 1279 1479 fortitudine,
1310 1426 1451 1484 quoad
1470 1442 1547 1484 per
1572 1441 1648 1467 vos
1675 1425 1766 1468 fieri
1794 1425 1947 1484 potuit,
1979 1442 2050 1468 seu

200 1510 322 1544 voce,
370 1510 443 1535 seu
480 1493 633 1534 litteris
677 1493 874 1534 Ecclesiae
911 1509 1104 1543 causam,
1144 1494 1319 1549 ejusque
1356 1491 1619 1542 doctrinam,
1654 1492 1773 1547 jura,
1809 1491 2052 1534 libertatem

201 1559 450 1609 defendere,
482 1557 695 1615 vestrique
731 1557 873 1615 gregiS
906 1557 1031 1599 saluti
1059 1568 1251 1599 accurate
1272 1557 1507 1606 consulere,
1533 1571 1715 1613 eumque
1739 1568 1887 1598 contla
1904 1556 2052 1614 impias

202 1623 474 1664 inimicorum
503 1623 728 1664 hominum
754 1622 1023 1672 molitiones,
1051 1633 1092 1663 et
1121 1621 1438 1663 circumstantia
1470 1620 1690 1678 religionis
1723 1621 1910 1679 pericula
1940 1637 2051 1679 prae-

201 1688 368 1729 munile
389 1687 506 1728 haud
527 1686 1072 1743 omiseritis,gravissimas
1094 1702 1243 1727 omnes
1269 1686 1461 1742 injurias,
1488 1685 1725 1736 molestias,
1751 1697 1794 1728 et
1819 1686 2053 1756 asperrima

203 1768 380 1810 quaeque
410 1751 641 1810 episcopali
672 1752 828 1792 roboie
859 1751 1106 1792 tolerantes.
1141 1753 1288 1808 Itaque
1316 1751 1514 1792 dubitale
1544 1767 1631 1791 non
1666 1766 1914 1808 possumus,
1950 1751 2053 1808 quin

203 1817 296 1876 pari
329 1817 470 1859 studio
503 1828 546 1858 et
578 1815 874 1866 contentione,
905 1827 1110 1873 quantum
1143 1815 1185 1855 in
1216 1815 1339 1856 vobis
1367 1826 1451 1866 est,
1476 1815 1684 1873 pergatis,
1712 1827 1758 1856 ut
1789 1815 1928 1857 adhuc
1957 1831 2055 1857 cum

204 1881 390 1922 maximo
423 1881 552 1923 vest1i
581 1880 767 1922 nominis
787 1880 911 1922 laude
944 1880 1123 1932 fecistis,
1148 1879 1298 1922 dixinae
1326 1891 1480 1922 nostra„¹
1510 1879 1725 1937 religionis
1761 1895 1930 1921 causam
1959 1896 2057 1938 pro-

206 1962 421 2004 pugnare,
447 1957 488 1986 et
509 1945 700 1987 fidelium
721 1944 845 1986 saluti
865 1945 1122 2003 prospicere.

265 2062 442 2104 Debitas
469 2078 639 2120 quoque
669 2062 817 2104 laudes
846 2061 1075 2103 deferimus
1106 2061 1222 2103 fideli
1247 2061 1611 2119 Neogranatensis
1630 2061 1888 2119 Reipublicae
1908 2062 2046 2113 Clero,

205 2129 278 2185 qui
311 2144 393 2169 suae
433 2126 664 2169 vocationis
702 2126 1066 2177 servantissimus,
1099 2138 1141 2167 et
1176 2125 1334 2177 Nobis,
1368 2137 1495 2184 atque
1530 2126 1628 2168 huic
1658 2126 1773 2168 Petri
1804 2126 2048 2177 Cadredrae,

206 2192 373 2248 suisque
395 2192 673 2233 Antistitibus
700 2191 891 2233 addictus
915 2203 1094 2249 propter
1119 2191 1373 2243 Ecclesiam,
1407 2193 1628 2234 veritatem
1658 2203 1698 2233 et
1728 2191 1935 2248 justitiam
1964 2203 2053 2234 tam

206 2258 481 2299 vehementer
501 2257 735 2315 exagitatus
766 2257 999 2298 immanem
1024 2255 1162 2298 omnis
1195 2257 1363 2314 generis
1395 2256 1719 2298 insectationem
1747 2256 2053 2314 patientissime

207 2333 269 2364 est
289 2338 514 2380 perpessus
535 2333 576 2364 et
597 2322 771 2380 patitur.

266 2418 365 2458 Non
390 2432 614 2473 possumus
635 2416 740 2473 quin
761 2415 1024 2458 admiremur
1054 2427 1096 2457 et
1127 2416 1348 2458 laudemus
1372 2427 1437 2457 tot
1460 2415 1644 2473 virgines
1664 2417 1757 2457 Deo
1784 2431 1936 2465 sacras,
1961 2431 2051 2472 quae

207 2480 370 2522 etiamsi
396 2496 418 2520 a
442 2481 526 2522 suis
547 2481 818 2523 monasteriis
835 2480 1046 2523 violenter
1066 2482 1264 2540 expulsae,
1290 2492 1332 2522 et
1351 2481 1405 2522 ad
1418 2480 1582 2521 tristem
1602 2490 1833 2538 egestatem
1852 2479 2046 2530 1¹edactae‚

210 2559 351 2588 tamen
377 2546 534 2586 coelesti
552 2548 718 2604 Sponso
739 2545 920 2587 firmiter
939 2547 1218 2598 adhaerentes,
1246 2561 1293 2587 ac
1323 2544 1621 2594 miserrimam,
1648 2544 1692 2585 in
1712 2559 1792 2601 qua
1812 2554 2048 2593 versantur,

209 2610 501 2654 conditionem
527 2611 755 2653 christiana
776 2610 933 2652 virtute
958 2611 1233 2669 perferentes,
1256 2627 1344 2652 non
1365 2620 1529 2652 cessant
1549 2609 1638 2651 dies
1658 2620 1888 2666 noctesque
1907 2607 2051 2650 effun-

208 2678 308 2718 dere
340 2675 470 2717 corda
506 2692 579 2716 sua
606 2692 751 2718 coram
786 2678 900 2728 Deo,
932 2692 1118 2734 eumque
1152 2675 1371 2718 humiliter
1400 2674 1607 2731 enixeque
1638 2690 1717 2732 pro
1758 2673 1972 2723 omnium,
2006 2688 2053 2713 ac

209 2757 383 2784 suorum
411 2740 539 2781 etiam
576 2752 900 2798 persecutorum
934 2742 1067 2784 salute
1097 2756 1292 2783 exorare.
1331 2739 1631 2781 Collaudamus
1663 2740 1765 2779 item
1799 2736 2052 2780 catholicum

209 2806 567 2864 Neogranatensis
602 2805 859 2862 Reipublicae
892 2807 1122 2865 populum,
1153 2806 1226 2863 qui
1258 2821 1309 2848 ex
1339 2816 1460 2864 parte
1485 2805 1613 2862 longe
1640 2803 1826 2845 maxima
1851 2803 1896 2844 in
1921 2801 2052 2844 veteri

211 2887 286 2913 suo
314 2886 411 2928 erga
437 2869 691 2911 catholicam
718 2871 972 2925 Ecclesiam,
997 2888 1044 2913 ac
1060 2872 1171 2922 Nos,
1195 2882 1236 2911 et
1250 2870 1361 2911 hanc
1381 2869 1673 2928 Apostolicam
1694 2869 1864 2920 Sedem,
1891 2879 1932 2909 et
1952 2881 2051 2924 erga

213 2952 310 2978 suos
333 2934 552 2976 Antistites
572 2950 733 2986 amore,
762 2935 861 2986 fide,
889 2936 1126 2978 reverentia
1142 2948 1183 2977 et
1205 2934 1446 2977 obedientia
1466 2945 1721 2993 perseverat.

267 3145 300 3175 1.
328 3140 424 3186 Sap.‚
447 3143 482 3174 8.
