<?xml version="1.0" encoding="UTF-8"?>
<!DOCTYPE html PUBLIC "-//W3C//DTD XHTML 1.0 Transitional//EN"
    "http://www.w3.org/TR/xhtml1/DTD/xhtml1-transitional.dtd">
<html xmlns="http://www.w3.org/1999/xhtml" xml:lang="en" lang="en">
 <head>
  <title>
</title>
<meta http-equiv="Content-Type" content="text/html;charset=utf-8" />
  <meta name='ocr-system' content='tesseract 3.04.00' />
  <meta name='ocr-capabilities' content='ocr_page ocr_carea ocr_par ocr_line ocrx_word'/>
</head>
<body>
  <div class='ocr_page' id='page_1' title='image "./recueildesallocu00cath_0366.png"; bbox 0 0 2135 3442; ppageno 0'>
   <div class='ocr_carea' id='block_1_1' title="bbox 204 132 1430 171">
    <p class='ocr_par' dir='ltr' id='par_1_1' title="bbox 204 132 1430 171">
     <span class='ocr_line' id='line_1_1' title="bbox 204 132 1430 171; baseline -0.002 -1"><span class='ocrx_word' id='word_1_1' title='bbox 204 134 281 171; x_wconf 69' lang='lat'>354</span> <span class='ocrx_word' id='word_1_2' title='bbox 811 132 1126 169; x_wconf 90' lang='lat' dir='ltr'><strong>ALLOCUTION</strong></span> <span class='ocrx_word' id='word_1_3' title='bbox 1153 133 1218 168; x_wconf 90' lang='lat' dir='ltr'>DE</span> <span class='ocrx_word' id='word_1_4' title='bbox 1245 133 1325 168; x_wconf 89' lang='lat' dir='ltr'>PlE</span> <span class='ocrx_word' id='word_1_5' title='bbox 1358 132 1430 168; x_wconf 88' lang='lat' dir='ltr'>IX.</span> 
     </span>
    </p>
   </div>
   <div class='ocr_carea' id='block_1_2' title="bbox 202 218 2051 1443">
    <p class='ocr_par' dir='ltr' id='par_1_2' title="bbox 204 218 2043 457">
     <span class='ocr_line' id='line_1_2' title="bbox 205 218 2043 277; baseline 0.002 -15"><span class='ocrx_word' id='word_1_6' title='bbox 205 222 425 264; x_wconf 85' lang='lat' dir='ltr'>claramus.</span> <span class='ocrx_word' id='word_1_7' title='bbox 453 220 625 260; x_wconf 85' lang='lat' dir='ltr'>Summa</span> <span class='ocrx_word' id='word_1_8' title='bbox 649 229 791 261; x_wconf 92' lang='lat' dir='ltr'>autem</span> <span class='ocrx_word' id='word_1_9' title='bbox 811 235 894 276; x_wconf 90' lang='lat' dir='ltr'>qua</span> <span class='ocrx_word' id='word_1_10' title='bbox 913 234 1138 277; x_wconf 91' lang='lat' dir='ltr'>possumus</span> <span class='ocrx_word' id='word_1_11' title='bbox 1161 218 1436 260; x_wconf 84' lang='lat' dir='ltr'>contentione</span> <span class='ocrx_word' id='word_1_12' title='bbox 1461 228 1679 260; x_wconf 89' lang='lat' dir='ltr'>tantorum</span> <span class='ocrx_word' id='word_1_13' title='bbox 1710 235 1912 263; x_wconf 89' lang='lat' dir='ltr'>ausorum</span> <span class='ocrx_word' id='word_1_14' title='bbox 1942 238 2043 265; x_wconf 87' lang='lat' dir='ltr'>auc-</span> 
     </span>
     <span class='ocr_line' id='line_1_3' title="bbox 204 282 2038 335; baseline 0.001 -8"><span class='ocrx_word' id='word_1_15' title='bbox 204 297 319 328; x_wconf 84' lang='lat' dir='ltr'>tores</span> <span class='ocrx_word' id='word_1_16' title='bbox 340 299 581 335; x_wconf 90' lang='lat' dir='ltr'>monemus,</span> <span class='ocrx_word' id='word_1_17' title='bbox 604 284 824 325; x_wconf 87' lang='lat' dir='ltr'>hortamur</span> <span class='ocrx_word' id='word_1_18' title='bbox 848 294 890 324; x_wconf 92' lang='lat' dir='ltr'>et</span> <span class='ocrx_word' id='word_1_19' title='bbox 913 285 1200 333; x_wconf 76' lang='lat' dir='ltr'>obsecramus,</span> <span class='ocrx_word' id='word_1_20' title='bbox 1234 294 1279 324; x_wconf 90' lang='lat' dir='ltr'>ut</span> <span class='ocrx_word' id='word_1_21' title='bbox 1309 284 1418 323; x_wconf 87' lang='lat' dir='ltr'>serio</span> <span class='ocrx_word' id='word_1_22' title='bbox 1451 282 1734 334; x_wconf 83' lang='lat' dir='ltr'>considerent,</span> <span class='ocrx_word' id='word_1_23' title='bbox 1765 285 1843 326; x_wconf 92' lang='lat' dir='ltr'>Dei</span> <span class='ocrx_word' id='word_1_24' title='bbox 1865 302 2038 329; x_wconf 90' lang='lat' dir='ltr'>manum</span> 
     </span>
     <span class='ocr_line' id='line_1_4' title="bbox 204 348 2041 406; baseline 0.001 -15"><span class='ocrx_word' id='word_1_25' title='bbox 204 366 276 393; x_wconf 87' lang='lat' dir='ltr'>eos</span> <span class='ocrx_word' id='word_1_26' title='bbox 294 365 443 391; x_wconf 90' lang='lat' dir='ltr'>omnes</span> <span class='ocrx_word' id='word_1_27' title='bbox 460 348 645 406; x_wconf 85' lang='lat' dir='ltr'>effugere</span> <span class='ocrx_word' id='word_1_28' title='bbox 661 364 750 390; x_wconf 89' lang='lat' dir='ltr'>non</span> <span class='ocrx_word' id='word_1_29' title='bbox 768 363 909 405; x_wconf 89' lang='lat' dir='ltr'>posse,</span> <span class='ocrx_word' id='word_1_30' title='bbox 934 348 1007 404; x_wconf 87' lang='lat' dir='ltr'>qui</span> <span class='ocrx_word' id='word_1_31' title='bbox 1023 348 1256 389; x_wconf 82' lang='lat' dir='ltr'>Ecclesiam</span> <span class='ocrx_word' id='word_1_32' title='bbox 1277 363 1395 388; x_wconf 91' lang='lat' dir='ltr'>suam</span> <span class='ocrx_word' id='word_1_33' title='bbox 1416 360 1606 388; x_wconf 84' lang='lat' dir='ltr'>sanctam</span> <span class='ocrx_word' id='word_1_34' title='bbox 1626 348 1813 406; x_wconf 85' lang='lat' dir='ltr'>affligere</span> <span class='ocrx_word' id='word_1_35' title='bbox 1832 361 1876 392; x_wconf 87' lang='lat' dir='ltr'>et</span> <span class='ocrx_word' id='word_1_36' title='bbox 1890 366 2041 394; x_wconf 84' lang='lat' dir='ltr'>vexare</span> 
     </span>
     <span class='ocr_line' id='line_1_5' title="bbox 204 413 608 457; baseline -0.005 -1"><span class='ocrx_word' id='word_1_37' title='bbox 204 431 292 457; x_wconf 91' lang='lat' dir='ltr'>non</span> <span class='ocrx_word' id='word_1_38' title='bbox 311 413 608 456; x_wconf 81' lang='lat' dir='ltr'>reformidant.</span> 
     </span>
    </p>

    <p class='ocr_par' dir='ltr' id='par_1_3' title="bbox 202 477 2051 1443">
     <span class='ocr_line' id='line_1_6' title="bbox 263 477 2046 535; baseline 0.001 -14"><span class='ocrx_word' id='word_1_39' title='bbox 263 480 387 521; x_wconf 89' lang='lat' dir='ltr'>Nunc</span> <span class='ocrx_word' id='word_1_40' title='bbox 406 478 548 530; x_wconf 67' lang='lat' dir='ltr'>Nobisv</span> <span class='ocrx_word' id='word_1_41' title='bbox 561 490 797 535; x_wconf 83' lang='lat' dir='ltr'>temperare</span> <span class='ocrx_word' id='word_1_42' title='bbox 819 493 907 518; x_wconf 89' lang='lat' dir='ltr'>non</span> <span class='ocrx_word' id='word_1_43' title='bbox 927 492 1170 534; x_wconf 90' lang='lat' dir='ltr'>possumus,</span> <span class='ocrx_word' id='word_1_44' title='bbox 1190 478 1291 534; x_wconf 90' lang='lat' dir='ltr'>quin</span> <span class='ocrx_word' id='word_1_45' title='bbox 1312 477 1377 518; x_wconf 85' lang='lat' dir='ltr'>vel</span> <span class='ocrx_word' id='word_1_46' title='bbox 1399 477 1582 518; x_wconf 86' lang='lat' dir='ltr'>maxime</span> <span class='ocrx_word' id='word_1_47' title='bbox 1606 479 1879 535; x_wconf 76' lang='lat' dir='ltr'>gratulemur,</span> <span class='ocrx_word' id='word_1_48' title='bbox 1902 491 1944 522; x_wconf 87' lang='lat' dir='ltr'>et</span> <span class='ocrx_word' id='word_1_49' title='bbox 1957 496 2046 522; x_wconf 81' lang='lat' dir='ltr'>am-</span> 
     </span>
     <span class='ocr_line' id='line_1_7' title="bbox 203 541 2042 603; baseline 0 -17"><span class='ocrx_word' id='word_1_50' title='bbox 203 544 412 603; x_wconf 86' lang='lat' dir='ltr'>plissimas</span> <span class='ocrx_word' id='word_1_51' title='bbox 434 544 690 599; x_wconf 86' lang='lat' dir='ltr'>meritasque</span> <span class='ocrx_word' id='word_1_52' title='bbox 714 541 860 582; x_wconf 88' lang='lat' dir='ltr'>laudes</span> <span class='ocrx_word' id='word_1_53' title='bbox 881 541 1122 583; x_wconf 86' lang='lat' dir='ltr'>deferamus</span> <span class='ocrx_word' id='word_1_54' title='bbox 1140 542 1466 583; x_wconf 75' lang='lat' dir='ltr'>Venerabililms</span> <span class='ocrx_word' id='word_1_55' title='bbox 1484 543 1702 584; x_wconf 77' lang='lat' dir='ltr'>Fratribus</span> <span class='ocrx_word' id='word_1_56' title='bbox 1723 543 1935 601; x_wconf 83' lang='lat' dir='ltr'>Hispaniae</span> <span class='ocrx_word' id='word_1_57' title='bbox 1957 547 2042 586; x_wconf 89' lang='lat' dir='ltr'>Ar-</span> 
     </span>
     <span class='ocr_line' id='line_1_8' title="bbox 204 605 2041 677; baseline 0 -26"><span class='ocrx_word' id='word_1_58' title='bbox 204 607 482 667; x_wconf 89' lang='lat' dir='ltr'>chiepiscopis</span> <span class='ocrx_word' id='word_1_59' title='bbox 505 618 546 648; x_wconf 88' lang='lat' dir='ltr'>et</span> <span class='ocrx_word' id='word_1_60' title='bbox 574 606 814 677; x_wconf 65' lang='lat' dir='ltr'>Episcopis3</span> <span class='ocrx_word' id='word_1_61' title='bbox 841 605 913 663; x_wconf 89' lang='lat' dir='ltr'>qui</span> <span class='ocrx_word' id='word_1_62' title='bbox 944 606 1167 664; x_wconf 88' lang='lat' dir='ltr'>proprium</span> <span class='ocrx_word' id='word_1_63' title='bbox 1188 608 1396 648; x_wconf 89' lang='lat' dir='ltr'>obeuntes</span> <span class='ocrx_word' id='word_1_64' title='bbox 1427 622 1596 658; x_wconf 90' lang='lat' dir='ltr'>munus,</span> <span class='ocrx_word' id='word_1_65' title='bbox 1630 608 1834 665; x_wconf 88' lang='lat' dir='ltr'>nulloque</span> <span class='ocrx_word' id='word_1_66' title='bbox 1854 609 2041 666; x_wconf 78' lang='lat' dir='ltr'>peliculo</span> 
     </span>
     <span class='ocr_line' id='line_1_9' title="bbox 204 670 2046 730; baseline -0.001 -14"><span class='ocrx_word' id='word_1_67' title='bbox 204 673 395 716; x_wconf 87' lang='lat' dir='ltr'>deterriti</span> <span class='ocrx_word' id='word_1_68' title='bbox 422 671 658 728; x_wconf 81' lang='lat' dir='ltr'>conjunctis</span> <span class='ocrx_word' id='word_1_69' title='bbox 682 670 849 721; x_wconf 90' lang='lat' dir='ltr'>animis,</span> <span class='ocrx_word' id='word_1_70' title='bbox 878 671 1043 722; x_wconf 90' lang='lat' dir='ltr'>studiis,</span> <span class='ocrx_word' id='word_1_71' title='bbox 1081 672 1267 713; x_wconf 89' lang='lat' dir='ltr'>consiliis</span> <span class='ocrx_word' id='word_1_72' title='bbox 1295 672 1580 730; x_wconf 84' lang='lat' dir='ltr'>episcopalem</span> <span class='ocrx_word' id='word_1_73' title='bbox 1611 688 1763 714; x_wconf 83' lang='lat' dir='ltr'>vocem</span> <span class='ocrx_word' id='word_1_74' title='bbox 1793 672 1962 724; x_wconf 84' lang='lat' dir='ltr'>efferre,</span> <span class='ocrx_word' id='word_1_75' title='bbox 2004 684 2046 714; x_wconf 89' lang='lat' dir='ltr'>et</span> 
     </span>
     <span class='ocr_line' id='line_1_10' title="bbox 203 736 2045 796; baseline 0.001 -17"><span class='ocrx_word' id='word_1_76' title='bbox 203 737 399 780; x_wconf 57' lang='lat' dir='ltr'>Ecclesia*</span> <span class='ocrx_word' id='word_1_77' title='bbox 417 752 588 778; x_wconf 90' lang='lat' dir='ltr'>causam</span> <span class='ocrx_word' id='word_1_78' title='bbox 616 747 785 777; x_wconf 87' lang='lat' dir='ltr'>strenue</span> <span class='ocrx_word' id='word_1_79' title='bbox 818 746 1147 792; x_wconf 83' lang='lat' dir='ltr'>constanterque</span> <span class='ocrx_word' id='word_1_80' title='bbox 1166 736 1397 778; x_wconf 85' lang='lat' dir='ltr'>defendere</span> <span class='ocrx_word' id='word_1_81' title='bbox 1416 753 1505 778; x_wconf 89' lang='lat' dir='ltr'>non</span> <span class='ocrx_word' id='word_1_82' title='bbox 1527 736 1777 779; x_wconf 90' lang='lat' dir='ltr'>omiserunt.</span> <span class='ocrx_word' id='word_1_83' title='bbox 1808 738 2045 796; x_wconf 84' lang='lat' dir='ltr'>Praecipuas</span> 
     </span>
     <span class='ocr_line' id='line_1_11' title="bbox 203 800 2047 860; baseline 0.001 -17"><span class='ocrx_word' id='word_1_84' title='bbox 203 818 370 860; x_wconf 83' lang='lat' dir='ltr'>quoque</span> <span class='ocrx_word' id='word_1_85' title='bbox 401 802 546 843; x_wconf 88' lang='lat' dir='ltr'>laudes</span> <span class='ocrx_word' id='word_1_86' title='bbox 566 801 803 841; x_wconf 82' lang='lat' dir='ltr'>tribuamus</span> <span class='ocrx_word' id='word_1_87' title='bbox 824 811 994 858; x_wconf 83' lang='lat' dir='ltr'>oportet</span> <span class='ocrx_word' id='word_1_88' title='bbox 1021 800 1293 858; x_wconf 86' lang='lat' dir='ltr'>Hispaniensi</span> <span class='ocrx_word' id='word_1_89' title='bbox 1315 802 1429 843; x_wconf 82' lang='lat' dir='ltr'>fideli</span> <span class='ocrx_word' id='word_1_90' title='bbox 1461 802 1600 853; x_wconf 85' lang='lat' dir='ltr'>Clero,</span> <span class='ocrx_word' id='word_1_91' title='bbox 1626 802 1699 859; x_wconf 89' lang='lat' dir='ltr'>qui</span> <span class='ocrx_word' id='word_1_92' title='bbox 1717 801 1896 860; x_wconf 86' lang='lat' dir='ltr'>propriae</span> <span class='ocrx_word' id='word_1_93' title='bbox 1921 818 2047 844; x_wconf 88' lang='lat' dir='ltr'>voca-</span> 
     </span>
     <span class='ocr_line' id='line_1_12' title="bbox 203 865 2046 924; baseline 0.001 -16"><span class='ocrx_word' id='word_1_94' title='bbox 203 867 331 908; x_wconf 87' lang='lat' dir='ltr'>tionis</span> <span class='ocrx_word' id='word_1_95' title='bbox 351 878 392 908; x_wconf 92' lang='lat' dir='ltr'>et</span> <span class='ocrx_word' id='word_1_96' title='bbox 420 866 545 908; x_wconf 83' lang='lat' dir='ltr'>officii</span> <span class='ocrx_word' id='word_1_97' title='bbox 566 882 732 907; x_wconf 86' lang='lat' dir='ltr'>memor</span> <span class='ocrx_word' id='word_1_98' title='bbox 755 881 829 906; x_wconf 88' lang='lat' dir='ltr'>sua</span> <span class='ocrx_word' id='word_1_99' title='bbox 860 865 1003 906; x_wconf 90' lang='lat' dir='ltr'>omnia</span> <span class='ocrx_word' id='word_1_100' title='bbox 1027 865 1166 907; x_wconf 87' lang='lat' dir='ltr'>studia</span> <span class='ocrx_word' id='word_1_101' title='bbox 1189 865 1232 906; x_wconf 88' lang='lat' dir='ltr'>in</span> <span class='ocrx_word' id='word_1_102' title='bbox 1262 866 1305 908; x_wconf 92' lang='lat' dir='ltr'>id</span> <span class='ocrx_word' id='word_1_103' title='bbox 1326 867 1522 908; x_wconf 84' lang='lat' dir='ltr'>conferre</span> <span class='ocrx_word' id='word_1_104' title='bbox 1542 882 1629 908; x_wconf 89' lang='lat' dir='ltr'>non</span> <span class='ocrx_word' id='word_1_105' title='bbox 1653 866 1936 924; x_wconf 63' lang='lat' dir='ltr'>praetermisit.</span> <span class='ocrx_word' id='word_1_106' title='bbox 1961 868 2046 910; x_wconf 91' lang='lat' dir='ltr'>De·-</span> 
     </span>
     <span class='ocr_line' id='line_1_13' title="bbox 203 930 2041 990; baseline 0.001 -17"><span class='ocrx_word' id='word_1_107' title='bbox 203 931 296 973; x_wconf 89' lang='lat' dir='ltr'>bito</span> <span class='ocrx_word' id='word_1_108' title='bbox 315 931 443 973; x_wconf 90' lang='lat' dir='ltr'>etiam</span> <span class='ocrx_word' id='word_1_109' title='bbox 463 930 638 972; x_wconf 89' lang='lat' dir='ltr'>laudum</span> <span class='ocrx_word' id='word_1_110' title='bbox 653 930 868 987; x_wconf 87' lang='lat' dir='ltr'>praeconio</span> <span class='ocrx_word' id='word_1_111' title='bbox 889 930 1186 988; x_wconf 86' lang='lat' dir='ltr'>prosequimur</span> <span class='ocrx_word' id='word_1_112' title='bbox 1206 941 1269 972; x_wconf 90' lang='lat' dir='ltr'>tot</span> <span class='ocrx_word' id='word_1_113' title='bbox 1292 931 1486 988; x_wconf 82' lang='lat' dir='ltr'>egregios</span> <span class='ocrx_word' id='word_1_114' title='bbox 1521 931 1652 974; x_wconf 84' lang='lat' dir='ltr'>laicos</span> <span class='ocrx_word' id='word_1_115' title='bbox 1675 932 1887 990; x_wconf 87' lang='lat' dir='ltr'>Hispanos</span> <span class='ocrx_word' id='word_1_116' title='bbox 1913 932 2041 983; x_wconf 82' lang='lat' dir='ltr'>viros,</span> 
     </span>
     <span class='ocr_line' id='line_1_14' title="bbox 204 994 2046 1055; baseline 0.001 -18"><span class='ocrx_word' id='word_1_117' title='bbox 204 996 274 1053; x_wconf 92' lang='lat' dir='ltr'>qui</span> <span class='ocrx_word' id='word_1_118' title='bbox 309 995 511 1053; x_wconf 81' lang='lat' dir='ltr'>singulari</span> <span class='ocrx_word' id='word_1_119' title='bbox 539 1011 637 1051; x_wconf 83' lang='lat' dir='ltr'>erga</span> <span class='ocrx_word' id='word_1_120' title='bbox 668 994 975 1036; x_wconf 83' lang='lat' dir='ltr'>sanctissimam</span> <span class='ocrx_word' id='word_1_121' title='bbox 1006 994 1271 1052; x_wconf 87' lang='lat' dir='ltr'>religionem,</span> <span class='ocrx_word' id='word_1_122' title='bbox 1306 996 1554 1051; x_wconf 79' lang='lat' dir='ltr'>Ecclesiam,</span> <span class='ocrx_word' id='word_1_123' title='bbox 1590 1007 1633 1038; x_wconf 90' lang='lat' dir='ltr'>et</span> <span class='ocrx_word' id='word_1_124' title='bbox 1668 1012 1768 1054; x_wconf 85' lang='lat' dir='ltr'>erga</span> <span class='ocrx_word' id='word_1_125' title='bbox 1797 997 1887 1039; x_wconf 90' lang='lat' dir='ltr'>Nos</span> <span class='ocrx_word' id='word_1_126' title='bbox 1918 1008 2046 1055; x_wconf 82' lang='lat' dir='ltr'>atque</span> 
     </span>
     <span class='ocr_line' id='line_1_15' title="bbox 204 1058 2046 1119; baseline 0.001 -18"><span class='ocrx_word' id='word_1_127' title='bbox 204 1060 315 1101; x_wconf 74' lang='lat' dir='ltr'>lianc</span> <span class='ocrx_word' id='word_1_128' title='bbox 332 1062 529 1102; x_wconf 81' lang='lat' dir='ltr'>Sanctam</span> <span class='ocrx_word' id='word_1_129' title='bbox 549 1059 702 1101; x_wconf 85' lang='lat' dir='ltr'>Sedem</span> <span class='ocrx_word' id='word_1_130' title='bbox 721 1058 877 1116; x_wconf 85' lang='lat' dir='ltr'>pietate</span> <span class='ocrx_word' id='word_1_131' title='bbox 900 1070 943 1100; x_wconf 91' lang='lat' dir='ltr'>et</span> <span class='ocrx_word' id='word_1_132' title='bbox 963 1059 1170 1116; x_wconf 85' lang='lat' dir='ltr'>obsequio</span> <span class='ocrx_word' id='word_1_133' title='bbox 1191 1059 1368 1117; x_wconf 86' lang='lat' dir='ltr'>spectati</span> <span class='ocrx_word' id='word_1_134' title='bbox 1391 1071 1480 1102; x_wconf 90' lang='lat' dir='ltr'>tum</span> <span class='ocrx_word' id='word_1_135' title='bbox 1499 1077 1602 1102; x_wconf 88' lang='lat' dir='ltr'>voce</span> <span class='ocrx_word' id='word_1_136' title='bbox 1623 1072 1713 1102; x_wconf 92' lang='lat' dir='ltr'>tum</span> <span class='ocrx_word' id='word_1_137' title='bbox 1731 1060 1899 1118; x_wconf 86' lang='lat' dir='ltr'>scriptis</span> <span class='ocrx_word' id='word_1_138' title='bbox 1917 1061 2046 1119; x_wconf 86' lang='lat' dir='ltr'>ipsius</span> 
     </span>
     <span class='ocr_line' id='line_1_16' title="bbox 203 1124 2047 1184; baseline 0 -18"><span class='ocrx_word' id='word_1_139' title='bbox 203 1125 399 1166; x_wconf 66' lang='lat' dir='ltr'>Ecclesiae.</span> <span class='ocrx_word' id='word_1_140' title='bbox 414 1126 508 1180; x_wconf 86' lang='lat' dir='ltr'>jura</span> <span class='ocrx_word' id='word_1_141' title='bbox 529 1124 756 1165; x_wconf 82' lang='lat' dir='ltr'>defendere</span> <span class='ocrx_word' id='word_1_142' title='bbox 778 1139 1047 1181; x_wconf 86' lang='lat' dir='ltr'>summopere</span> <span class='ocrx_word' id='word_1_143' title='bbox 1077 1135 1176 1165; x_wconf 88' lang='lat' dir='ltr'>sunt</span> <span class='ocrx_word' id='word_1_144' title='bbox 1203 1124 1390 1182; x_wconf 83' lang='lat' dir='ltr'>gloriati.</span> <span class='ocrx_word' id='word_1_145' title='bbox 1429 1127 1570 1182; x_wconf 89' lang='lat' dir='ltr'>Atque</span> <span class='ocrx_word' id='word_1_146' title='bbox 1595 1126 1851 1184; x_wconf 83' lang='lat' dir='ltr'>Apostolicae</span> <span class='ocrx_word' id='word_1_147' title='bbox 1882 1127 2047 1167; x_wconf 84' lang='lat' dir='ltr'>Nostrae</span> 
     </span>
     <span class='ocr_line' id='line_1_17' title="bbox 204 1188 2048 1246; baseline 0.001 -17"><span class='ocrx_word' id='word_1_148' title='bbox 204 1188 389 1230; x_wconf 85' lang='lat' dir='ltr'>caritatis</span> <span class='ocrx_word' id='word_1_149' title='bbox 412 1188 565 1230; x_wconf 78' lang='lat' dir='ltr'>affectu</span> <span class='ocrx_word' id='word_1_150' title='bbox 596 1188 903 1245; x_wconf 89' lang='lat' dir='ltr'>deplorandam</span> <span class='ocrx_word' id='word_1_151' title='bbox 931 1204 1032 1229; x_wconf 89' lang='lat' dir='ltr'>sane</span> <span class='ocrx_word' id='word_1_152' title='bbox 1063 1189 1315 1230; x_wconf 86' lang='lat' dir='ltr'>miserantes</span> <span class='ocrx_word' id='word_1_153' title='bbox 1343 1190 1648 1241; x_wconf 88' lang='lat' dir='ltr'>conditionem,</span> <span class='ocrx_word' id='word_1_154' title='bbox 1678 1190 1721 1230; x_wconf 91' lang='lat' dir='ltr'>in</span> <span class='ocrx_word' id='word_1_155' title='bbox 1757 1206 1840 1246; x_wconf 89' lang='lat' dir='ltr'>qua</span> <span class='ocrx_word' id='word_1_156' title='bbox 1873 1190 2048 1232; x_wconf 87' lang='lat' dir='ltr'>illustris</span> 
     </span>
     <span class='ocr_line' id='line_1_18' title="bbox 203 1253 2051 1312; baseline 0.001 -18"><span class='ocrx_word' id='word_1_157' title='bbox 203 1253 289 1305; x_wconf 80' lang='lat' dir='ltr'>illa,</span> <span class='ocrx_word' id='word_1_158' title='bbox 311 1254 343 1294; x_wconf 63' lang='lat' dir='ltr'>R</span> <span class='ocrx_word' id='word_1_159' title='bbox 353 1253 531 1310; x_wconf 86' lang='lat' dir='ltr'>obisque</span> <span class='ocrx_word' id='word_1_160' title='bbox 553 1253 770 1294; x_wconf 88' lang='lat' dir='ltr'>carissima</span> <span class='ocrx_word' id='word_1_161' title='bbox 791 1253 934 1304; x_wconf 85' lang='lat' dir='ltr'>Natio,</span> <span class='ocrx_word' id='word_1_162' title='bbox 958 1255 1131 1311; x_wconf 87' lang='lat' dir='ltr'>ejusque</span> <span class='ocrx_word' id='word_1_163' title='bbox 1150 1253 1312 1312; x_wconf 80' lang='lat' dir='ltr'>Regina</span> <span class='ocrx_word' id='word_1_164' title='bbox 1330 1254 1374 1295; x_wconf 91' lang='lat' dir='ltr'>in</span> <span class='ocrx_word' id='word_1_165' title='bbox 1393 1255 1620 1312; x_wconf 76' lang='lat' dir='ltr'>praesentia</span> <span class='ocrx_word' id='word_1_166' title='bbox 1649 1266 1886 1305; x_wconf 82' lang='lat' dir='ltr'>versantur,</span> <span class='ocrx_word' id='word_1_167' title='bbox 1917 1254 2051 1296; x_wconf 84' lang='lat' dir='ltr'>enixis</span> 
     </span>
     <span class='ocr_line' id='line_1_19' title="bbox 202 1317 2049 1377; baseline 0 -18"><span class='ocrx_word' id='word_1_168' title='bbox 202 1317 399 1376; x_wconf 85' lang='lat' dir='ltr'>precibus</span> <span class='ocrx_word' id='word_1_169' title='bbox 416 1320 507 1360; x_wconf 92' lang='lat' dir='ltr'>Deo</span> <span class='ocrx_word' id='word_1_170' title='bbox 527 1318 701 1376; x_wconf 86' lang='lat' dir='ltr'>Optimo</span> <span class='ocrx_word' id='word_1_171' title='bbox 721 1318 911 1359; x_wconf 83' lang='lat' dir='ltr'>Maximo</span> <span class='ocrx_word' id='word_1_172' title='bbox 933 1318 1235 1376; x_wconf 86' lang='lat' dir='ltr'>supplicamus,</span> <span class='ocrx_word' id='word_1_173' title='bbox 1263 1330 1308 1360; x_wconf 86' lang='lat' dir='ltr'>ut</span> <span class='ocrx_word' id='word_1_174' title='bbox 1332 1319 1464 1377; x_wconf 84' lang='lat' dir='ltr'>ipsam</span> <span class='ocrx_word' id='word_1_175' title='bbox 1486 1319 1730 1369; x_wconf 89' lang='lat' dir='ltr'>Nationem,</span> <span class='ocrx_word' id='word_1_176' title='bbox 1761 1330 1803 1361; x_wconf 91' lang='lat' dir='ltr'>et</span> <span class='ocrx_word' id='word_1_177' title='bbox 1840 1319 2049 1377; x_wconf 86' lang='lat' dir='ltr'>Reginam</span> 
     </span>
     <span class='ocr_line' id='line_1_20' title="bbox 203 1382 1957 1443; baseline 0 -19"><span class='ocrx_word' id='word_1_178' title='bbox 203 1382 489 1441; x_wconf 88' lang='lat' dir='ltr'>omnipotenti</span> <span class='ocrx_word' id='word_1_179' title='bbox 508 1399 583 1425; x_wconf 87' lang='lat' dir='ltr'>sua</span> <span class='ocrx_word' id='word_1_180' title='bbox 602 1382 759 1424; x_wconf 85' lang='lat' dir='ltr'>virtute</span> <span class='ocrx_word' id='word_1_181' title='bbox 780 1385 905 1438; x_wconf 77' lang='lat' dir='ltr'>tueri,</span> <span class='ocrx_word' id='word_1_182' title='bbox 930 1383 1156 1437; x_wconf 79' lang='lat' dir='ltr'>consolari,</span> <span class='ocrx_word' id='word_1_183' title='bbox 1180 1395 1222 1425; x_wconf 93' lang='lat' dir='ltr'>et</span> <span class='ocrx_word' id='word_1_184' title='bbox 1242 1400 1265 1425; x_wconf 86' lang='lat' dir='ltr'>a</span> <span class='ocrx_word' id='word_1_185' title='bbox 1288 1384 1416 1426; x_wconf 87' lang='lat' dir='ltr'>tantis</span> <span class='ocrx_word' id='word_1_186' title='bbox 1438 1384 1643 1443; x_wconf 86' lang='lat' dir='ltr'>angustiis</span> <span class='ocrx_word' id='word_1_187' title='bbox 1660 1384 1821 1442; x_wconf 89' lang='lat' dir='ltr'>eripere</span> <span class='ocrx_word' id='word_1_188' title='bbox 1841 1384 1957 1425; x_wconf 86' lang='lat' dir='ltr'>velit.</span> 
     </span>
    </p>
   </div>
   <div class='ocr_carea' id='block_1_3' title="bbox 201 1494 2053 2715">
    <p class='ocr_par' dir='ltr' id='par_1_4' title="bbox 201 1494 2053 2329">
     <span class='ocr_line' id='line_1_21' title="bbox 260 1494 2051 1552; baseline 0 -16"><span class='ocrx_word' id='word_1_189' title='bbox 260 1496 354 1536; x_wconf 90' lang='lat' dir='ltr'>Jam</span> <span class='ocrx_word' id='word_1_190' title='bbox 375 1510 474 1537; x_wconf 86' lang='lat' dir='ltr'>vero</span> <span class='ocrx_word' id='word_1_191' title='bbox 509 1494 691 1536; x_wconf 85' lang='lat' dir='ltr'>noscatis</span> <span class='ocrx_word' id='word_1_192' title='bbox 708 1494 902 1545; x_wconf 92' lang='lat' dir='ltr'>velimus,</span> <span class='ocrx_word' id='word_1_193' title='bbox 927 1494 1205 1537; x_wconf 88' lang='lat' dir='ltr'>Venerabiles</span> <span class='ocrx_word' id='word_1_194' title='bbox 1223 1497 1409 1547; x_wconf 87' lang='lat' dir='ltr'>Fratres,</span> <span class='ocrx_word' id='word_1_195' title='bbox 1434 1494 1680 1537; x_wconf 87' lang='lat' dir='ltr'>incredibili</span> <span class='ocrx_word' id='word_1_196' title='bbox 1698 1495 1788 1536; x_wconf 90' lang='lat' dir='ltr'>Nos</span> <span class='ocrx_word' id='word_1_197' title='bbox 1812 1494 1910 1552; x_wconf 85' lang='lat' dir='ltr'>angi</span> <span class='ocrx_word' id='word_1_198' title='bbox 1931 1494 2051 1552; x_wconf 77' lang='lat' dir='ltr'>aegri-</span> 
     </span>
     <span class='ocr_line' id='line_1_22' title="bbox 201 1559 2051 1617; baseline -0.001 -16"><span class='ocrx_word' id='word_1_199' title='bbox 201 1559 351 1601; x_wconf 88' lang='lat' dir='ltr'>tudine</span> <span class='ocrx_word' id='word_1_200' title='bbox 372 1561 428 1600; x_wconf 93' lang='lat' dir='ltr'>ob</span> <span class='ocrx_word' id='word_1_201' title='bbox 444 1559 804 1601; x_wconf 84' lang='lat' dir='ltr'>luctuosissimum</span> <span class='ocrx_word' id='word_1_202' title='bbox 820 1576 920 1601; x_wconf 86' lang='lat' dir='ltr'>sane</span> <span class='ocrx_word' id='word_1_203' title='bbox 938 1571 1110 1611; x_wconf 87' lang='lat' dir='ltr'>statum,</span> <span class='ocrx_word' id='word_1_204' title='bbox 1126 1560 1179 1601; x_wconf 89' lang='lat' dir='ltr'>ad</span> <span class='ocrx_word' id='word_1_205' title='bbox 1202 1576 1330 1617; x_wconf 91' lang='lat' dir='ltr'>quem</span> <span class='ocrx_word' id='word_1_206' title='bbox 1350 1560 1521 1602; x_wconf 87' lang='lat' dir='ltr'>redacta</span> <span class='ocrx_word' id='word_1_207' title='bbox 1539 1571 1602 1602; x_wconf 90' lang='lat' dir='ltr'>est</span> <span class='ocrx_word' id='word_1_208' title='bbox 1622 1559 1884 1601; x_wconf 85' lang='lat' dir='ltr'>sanctissima</span> <span class='ocrx_word' id='word_1_209' title='bbox 1903 1570 2051 1600; x_wconf 89' lang='lat' dir='ltr'>nostra</span> 
     </span>
     <span class='ocr_line' id='line_1_23' title="bbox 201 1623 2051 1682; baseline -0.001 -17"><span class='ocrx_word' id='word_1_210' title='bbox 201 1624 352 1682; x_wconf 79' lang='lat' dir='ltr'>religio</span> <span class='ocrx_word' id='word_1_211' title='bbox 373 1624 418 1665; x_wconf 90' lang='lat' dir='ltr'>in</span> <span class='ocrx_word' id='word_1_212' title='bbox 439 1623 647 1676; x_wconf 74' lang='lat' dir='ltr'>Helvetia,</span> <span class='ocrx_word' id='word_1_213' title='bbox 662 1640 709 1664; x_wconf 88' lang='lat' dir='ltr'>ac</span> <span class='ocrx_word' id='word_1_214' title='bbox 727 1623 978 1681; x_wconf 84' lang='lat' dir='ltr'>praesertim,</span> <span class='ocrx_word' id='word_1_215' title='bbox 1001 1625 1113 1682; x_wconf 90' lang='lat' dir='ltr'>proh</span> <span class='ocrx_word' id='word_1_216' title='bbox 1132 1625 1255 1666; x_wconf 87' lang='lat' dir='ltr'>dolor</span> <span class='ocrx_word' id='word_1_217' title='bbox 1272 1627 1279 1665; x_wconf 79' lang='lat' dir='ltr'>l</span> <span class='ocrx_word' id='word_1_218' title='bbox 1303 1624 1348 1665; x_wconf 88' lang='lat' dir='ltr'>in</span> <span class='ocrx_word' id='word_1_219' title='bbox 1369 1624 1627 1681; x_wconf 83' lang='lat' dir='ltr'>quibusdam</span> <span class='ocrx_word' id='word_1_220' title='bbox 1646 1623 1886 1681; x_wconf 87' lang='lat' dir='ltr'>potioribus</span> <span class='ocrx_word' id='word_1_221' title='bbox 1905 1623 2051 1665; x_wconf 89' lang='lat' dir='ltr'>catho-</span> 
     </span>
     <span class='ocr_line' id='line_1_24' title="bbox 202 1688 2051 1746; baseline 0 -16"><span class='ocrx_word' id='word_1_222' title='bbox 202 1689 293 1731; x_wconf 89' lang='lat' dir='ltr'>licis</span> <span class='ocrx_word' id='word_1_223' title='bbox 313 1705 460 1730; x_wconf 87' lang='lat' dir='ltr'>earum</span> <span class='ocrx_word' id='word_1_224' title='bbox 485 1689 785 1730; x_wconf 84' lang='lat' dir='ltr'>foederatarum</span> <span class='ocrx_word' id='word_1_225' title='bbox 805 1688 1030 1746; x_wconf 83' lang='lat' dir='ltr'>regionum</span> <span class='ocrx_word' id='word_1_226' title='bbox 1049 1688 1187 1746; x_wconf 82' lang='lat' dir='ltr'>pagis.</span> <span class='ocrx_word' id='word_1_227' title='bbox 1213 1690 1410 1746; x_wconf 87' lang='lat' dir='ltr'>Namque</span> <span class='ocrx_word' id='word_1_228' title='bbox 1444 1688 1503 1730; x_wconf 88' lang='lat' dir='ltr'>ibi</span> <span class='ocrx_word' id='word_1_229' title='bbox 1540 1700 1581 1730; x_wconf 90' lang='lat' dir='ltr'>et</span> <span class='ocrx_word' id='word_1_230' title='bbox 1615 1688 1832 1730; x_wconf 85' lang='lat' dir='ltr'>catholicae</span> <span class='ocrx_word' id='word_1_231' title='bbox 1855 1688 2051 1730; x_wconf 75' lang='lat' dir='ltr'>Ecclesiae</span> 
     </span>
     <span class='ocr_line' id='line_1_25' title="bbox 202 1753 2052 1813; baseline -0.001 -18"><span class='ocrx_word' id='word_1_232' title='bbox 202 1765 405 1813; x_wconf 89' lang='lat' dir='ltr'>potestas,</span> <span class='ocrx_word' id='word_1_233' title='bbox 429 1765 556 1810; x_wconf 87' lang='lat' dir='ltr'>atque</span> <span class='ocrx_word' id='word_1_234' title='bbox 579 1753 752 1794; x_wconf 88' lang='lat' dir='ltr'>libertas</span> <span class='ocrx_word' id='word_1_235' title='bbox 770 1769 988 1812; x_wconf 88' lang='lat' dir='ltr'>oppressa,</span> <span class='ocrx_word' id='word_1_236' title='bbox 1009 1765 1050 1795; x_wconf 87' lang='lat' dir='ltr'>et</span> <span class='ocrx_word' id='word_1_237' title='bbox 1069 1754 1395 1811; x_wconf 87' lang='lat' dir='ltr'>Episcoporum,</span> <span class='ocrx_word' id='word_1_238' title='bbox 1414 1765 1656 1811; x_wconf 78' lang='lat' dir='ltr'>sanctaeque</span> <span class='ocrx_word' id='word_1_239' title='bbox 1674 1754 1800 1809; x_wconf 86' lang='lat' dir='ltr'>hujus</span> <span class='ocrx_word' id='word_1_240' title='bbox 1820 1753 1938 1794; x_wconf 89' lang='lat' dir='ltr'>Sedis</span> <span class='ocrx_word' id='word_1_241' title='bbox 1953 1769 2052 1811; x_wconf 89' lang='lat' dir='ltr'>pro-</span> 
     </span>
     <span class='ocr_line' id='line_1_26' title="bbox 205 1818 2047 1875; baseline -0.002 -13"><span class='ocrx_word' id='word_1_242' title='bbox 205 1820 368 1862; x_wconf 87' lang='lat' dir='ltr'>culcata</span> <span class='ocrx_word' id='word_1_243' title='bbox 395 1818 642 1869; x_wconf 85' lang='lat' dir='ltr'>auctoritas,</span> <span class='ocrx_word' id='word_1_244' title='bbox 665 1829 705 1859; x_wconf 90' lang='lat' dir='ltr'>et</span> <span class='ocrx_word' id='word_1_245' title='bbox 733 1818 996 1859; x_wconf 89' lang='lat' dir='ltr'>matrimonii</span> <span class='ocrx_word' id='word_1_246' title='bbox 1024 1835 1071 1860; x_wconf 89' lang='lat' dir='ltr'>ac</span> <span class='ocrx_word' id='word_1_247' title='bbox 1092 1818 1371 1875; x_wconf 86' lang='lat' dir='ltr'>jurisjurandi</span> <span class='ocrx_word' id='word_1_248' title='bbox 1404 1818 1606 1860; x_wconf 85' lang='lat' dir='ltr'>sanctitas</span> <span class='ocrx_word' id='word_1_249' title='bbox 1626 1818 1780 1859; x_wconf 86' lang='lat' dir='ltr'>violata</span> <span class='ocrx_word' id='word_1_250' title='bbox 1814 1828 1856 1858; x_wconf 83' lang='lat' dir='ltr'>et</span> <span class='ocrx_word' id='word_1_251' title='bbox 1889 1829 2047 1875; x_wconf 86' lang='lat' dir='ltr'>spreta,</span> 
     </span>
     <span class='ocr_line' id='line_1_27' title="bbox 204 1881 2051 1940; baseline -0.001 -15"><span class='ocrx_word' id='word_1_252' title='bbox 204 1895 246 1925; x_wconf 87' lang='lat' dir='ltr'>et</span> <span class='ocrx_word' id='word_1_253' title='bbox 281 1882 545 1925; x_wconf 87' lang='lat' dir='ltr'>Clericorum</span> <span class='ocrx_word' id='word_1_254' title='bbox 585 1881 834 1936; x_wconf 79' lang='lat' dir='ltr'>Seminaria‚</span> <span class='ocrx_word' id='word_1_255' title='bbox 862 1899 909 1924; x_wconf 85' lang='lat' dir='ltr'>ac</span> <span class='ocrx_word' id='word_1_256' title='bbox 937 1882 1248 1940; x_wconf 72' lang='lat' dir='ltr'>Religiosarum</span> <span class='ocrx_word' id='word_1_257' title='bbox 1271 1883 1547 1924; x_wconf 86' lang='lat' dir='ltr'>Familiarum</span> <span class='ocrx_word' id='word_1_258' title='bbox 1569 1881 1773 1924; x_wconf 89' lang='lat' dir='ltr'>Coenobia</span> <span class='ocrx_word' id='word_1_259' title='bbox 1796 1882 1862 1923; x_wconf 85' lang='lat' dir='ltr'>vel</span> <span class='ocrx_word' id='word_1_260' title='bbox 1882 1881 2051 1940; x_wconf 88' lang='lat' dir='ltr'>penitus</span> 
     </span>
     <span class='ocr_line' id='line_1_28' title="bbox 205 1946 2050 2005; baseline 0.001 -16"><span class='ocrx_word' id='word_1_261' title='bbox 205 1947 404 1999; x_wconf 82' lang='lat' dir='ltr'>extincta,</span> <span class='ocrx_word' id='word_1_262' title='bbox 429 1948 493 1989; x_wconf 89' lang='lat' dir='ltr'>vel</span> <span class='ocrx_word' id='word_1_263' title='bbox 515 1947 649 1989; x_wconf 81' lang='lat' dir='ltr'>civilis</span> <span class='ocrx_word' id='word_1_264' title='bbox 669 1947 892 2005; x_wconf 88' lang='lat' dir='ltr'>potestatis</span> <span class='ocrx_word' id='word_1_265' title='bbox 913 1948 1091 1989; x_wconf 89' lang='lat' dir='ltr'>arbitrio</span> <span class='ocrx_word' id='word_1_266' title='bbox 1113 1949 1291 1989; x_wconf 85' lang='lat' dir='ltr'>omnino</span> <span class='ocrx_word' id='word_1_267' title='bbox 1310 1949 1518 2004; x_wconf 80' lang='lat' dir='ltr'>subjecta,</span> <span class='ocrx_word' id='word_1_268' title='bbox 1543 1958 1585 1989; x_wconf 92' lang='lat' dir='ltr'>et</span> <span class='ocrx_word' id='word_1_269' title='bbox 1604 1946 1913 1990; x_wconf 88' lang='lat' dir='ltr'>beneficiorum</span> <span class='ocrx_word' id='word_1_270' title='bbox 1926 1948 2050 1990; x_wconf 89' lang='lat' dir='ltr'>colla-</span> 
     </span>
     <span class='ocr_line' id='line_1_29' title="bbox 205 2011 2051 2070; baseline 0.001 -17"><span class='ocrx_word' id='word_1_271' title='bbox 205 2012 265 2054; x_wconf 88' lang='lat' dir='ltr'>tio</span> <span class='ocrx_word' id='word_1_272' title='bbox 286 2023 410 2069; x_wconf 89' lang='lat' dir='ltr'>atque</span> <span class='ocrx_word' id='word_1_273' title='bbox 435 2012 715 2054; x_wconf 83' lang='lat' dir='ltr'>ecclesiastica</span> <span class='ocrx_word' id='word_1_274' title='bbox 739 2014 855 2053; x_wconf 89' lang='lat' dir='ltr'>bona</span> <span class='ocrx_word' id='word_1_275' title='bbox 881 2024 1098 2070; x_wconf 86' lang='lat' dir='ltr'>usurpata,</span> <span class='ocrx_word' id='word_1_276' title='bbox 1141 2024 1183 2053; x_wconf 87' lang='lat' dir='ltr'>et</span> <span class='ocrx_word' id='word_1_277' title='bbox 1217 2012 1448 2054; x_wconf 85' lang='lat' dir='ltr'>catholicus</span> <span class='ocrx_word' id='word_1_278' title='bbox 1491 2012 1638 2054; x_wconf 75' lang='lat' dir='ltr'>Clerus</span> <span class='ocrx_word' id='word_1_279' title='bbox 1678 2011 1970 2054; x_wconf 86' lang='lat' dir='ltr'>miserandum</span> <span class='ocrx_word' id='word_1_280' title='bbox 2007 2014 2051 2054; x_wconf 91' lang='lat' dir='ltr'>in</span> 
     </span>
     <span class='ocr_line' id='line_1_30' title="bbox 206 2075 2048 2135; baseline 0.001 -18"><span class='ocrx_word' id='word_1_281' title='bbox 206 2076 386 2118; x_wconf 92' lang='lat' dir='ltr'>modum</span> <span class='ocrx_word' id='word_1_282' title='bbox 408 2076 643 2135; x_wconf 82' lang='lat' dir='ltr'>exagitatus</span> <span class='ocrx_word' id='word_1_283' title='bbox 680 2092 728 2118; x_wconf 88' lang='lat' dir='ltr'>ac</span> <span class='ocrx_word' id='word_1_284' title='bbox 763 2075 997 2118; x_wconf 81' lang='lat' dir='ltr'>divexatus.</span> <span class='ocrx_word' id='word_1_285' title='bbox 1022 2079 1121 2119; x_wconf 82' lang='lat' dir='ltr'>Haec</span> <span class='ocrx_word' id='word_1_286' title='bbox 1142 2093 1240 2119; x_wconf 85' lang='lat' dir='ltr'>sane</span> <span class='ocrx_word' id='word_1_287' title='bbox 1262 2076 1522 2128; x_wconf 84' lang='lat' dir='ltr'>tristissima,</span> <span class='ocrx_word' id='word_1_288' title='bbox 1555 2093 1603 2118; x_wconf 89' lang='lat' dir='ltr'>ac</span> <span class='ocrx_word' id='word_1_289' title='bbox 1624 2092 1846 2134; x_wconf 82' lang='lat' dir='ltr'>nunquam</span> <span class='ocrx_word' id='word_1_290' title='bbox 1866 2076 1965 2118; x_wconf 86' lang='lat' dir='ltr'>satis</span> <span class='ocrx_word' id='word_1_291' title='bbox 1982 2077 2048 2119; x_wconf 92' lang='lat' dir='ltr'>lu-</span> 
     </span>
     <span class='ocr_line' id='line_1_31' title="bbox 208 2141 2053 2200; baseline 0.001 -18"><span class='ocrx_word' id='word_1_292' title='bbox 208 2141 362 2199; x_wconf 82' lang='lat' dir='ltr'>genda,</span> <span class='ocrx_word' id='word_1_293' title='bbox 376 2152 417 2182; x_wconf 90' lang='lat' dir='ltr'>et</span> <span class='ocrx_word' id='word_1_294' title='bbox 435 2141 611 2183; x_wconf 89' lang='lat' dir='ltr'>omnino</span> <span class='ocrx_word' id='word_1_295' title='bbox 625 2141 913 2199; x_wconf 87' lang='lat' dir='ltr'>improbanda</span> <span class='ocrx_word' id='word_1_296' title='bbox 931 2143 1051 2183; x_wconf 87' lang='lat' dir='ltr'>vobis</span> <span class='ocrx_word' id='word_1_297' title='bbox 1065 2142 1274 2184; x_wconf 89' lang='lat' dir='ltr'>hodierno</span> <span class='ocrx_word' id='word_1_298' title='bbox 1295 2142 1363 2183; x_wconf 88' lang='lat' dir='ltr'>die</span> <span class='ocrx_word' id='word_1_299' title='bbox 1378 2141 1535 2200; x_wconf 89' lang='lat' dir='ltr'>raptim</span> <span class='ocrx_word' id='word_1_300' title='bbox 1553 2141 2053 2199; x_wconf 82' lang='lat' dir='ltr'>significamus,quando-</span> 
     </span>
     <span class='ocr_line' id='line_1_32' title="bbox 208 2205 2051 2263; baseline 0.001 -18"><span class='ocrx_word' id='word_1_301' title='bbox 208 2205 384 2263; x_wconf 87' lang='lat' dir='ltr'>quidem</span> <span class='ocrx_word' id='word_1_302' title='bbox 412 2205 637 2247; x_wconf 81' lang='lat' dir='ltr'>consilium</span> <span class='ocrx_word' id='word_1_303' title='bbox 659 2206 793 2248; x_wconf 88' lang='lat' dir='ltr'>Nobis</span> <span class='ocrx_word' id='word_1_304' title='bbox 826 2216 890 2248; x_wconf 90' lang='lat' dir='ltr'>est</span> <span class='ocrx_word' id='word_1_305' title='bbox 927 2205 972 2247; x_wconf 89' lang='lat' dir='ltr'>in</span> <span class='ocrx_word' id='word_1_306' title='bbox 1008 2207 1090 2249; x_wconf 92' lang='lat' dir='ltr'>hoc</span> <span class='ocrx_word' id='word_1_307' title='bbox 1118 2217 1259 2248; x_wconf 86' lang='lat' dir='ltr'>vestro</span> <span class='ocrx_word' id='word_1_308' title='bbox 1289 2222 1491 2249; x_wconf 89' lang='lat' dir='ltr'>consessu</span> <span class='ocrx_word' id='word_1_309' title='bbox 1524 2206 1654 2248; x_wconf 87' lang='lat' dir='ltr'>alium</span> <span class='ocrx_word' id='word_1_310' title='bbox 1684 2221 1811 2263; x_wconf 88' lang='lat' dir='ltr'>super</span> <span class='ocrx_word' id='word_1_311' title='bbox 1842 2205 2051 2262; x_wconf 86' lang='lat' dir='ltr'>ejusmodi</span> 
     </span>
     <span class='ocr_line' id='line_1_33' title="bbox 211 2270 1211 2329; baseline 0.003 -18"><span class='ocrx_word' id='word_1_312' title='bbox 211 2270 481 2312; x_wconf 87' lang='lat' dir='ltr'>acerbissimo</span> <span class='ocrx_word' id='word_1_313' title='bbox 502 2281 753 2329; x_wconf 85' lang='lat' dir='ltr'>argumento</span> <span class='ocrx_word' id='word_1_314' title='bbox 772 2272 933 2313; x_wconf 89' lang='lat' dir='ltr'>habere</span> <span class='ocrx_word' id='word_1_315' title='bbox 955 2287 1211 2315; x_wconf 90' lang='lat' dir='ltr'>sermonem.</span> 
     </span>
    </p>

    <p class='ocr_par' dir='ltr' id='par_1_5' title="bbox 212 2332 2052 2715">
     <span class='ocr_line' id='line_1_34' title="bbox 269 2332 2050 2394; baseline -0.001 -19"><span class='ocrx_word' id='word_1_316' title='bbox 269 2335 449 2375; x_wconf 86' lang='lat' dir='ltr'>Interim</span> <span class='ocrx_word' id='word_1_317' title='bbox 470 2352 523 2377; x_wconf 90' lang='lat' dir='ltr'>ne</span> <span class='ocrx_word' id='word_1_318' title='bbox 543 2336 873 2378; x_wconf 85' lang='lat' dir='ltr'>intermittamus</span> <span class='ocrx_word' id='word_1_319' title='bbox 896 2352 1100 2394; x_wconf 87' lang='lat' dir='ltr'>unquam,</span> <span class='ocrx_word' id='word_1_320' title='bbox 1132 2337 1408 2379; x_wconf 88' lang='lat' dir='ltr'>Venerabiles</span> <span class='ocrx_word' id='word_1_321' title='bbox 1432 2337 1614 2385; x_wconf 86' lang='lat' dir='ltr'>Fratres,</span> <span class='ocrx_word' id='word_1_322' title='bbox 1642 2333 1821 2376; x_wconf 89' lang='lat' dir='ltr'>assiduis</span> <span class='ocrx_word' id='word_1_323' title='bbox 1857 2332 2050 2375; x_wconf 87' lang='lat' dir='ltr'>fervidis-</span> 
     </span>
     <span class='ocr_line' id='line_1_35' title="bbox 212 2399 2052 2455; baseline 0 -15"><span class='ocrx_word' id='word_1_324' title='bbox 212 2413 295 2455; x_wconf 88' lang='lat' dir='ltr'>que</span> <span class='ocrx_word' id='word_1_325' title='bbox 314 2400 511 2455; x_wconf 87' lang='lat' dir='ltr'>precibus</span> <span class='ocrx_word' id='word_1_326' title='bbox 529 2400 908 2443; x_wconf 83' lang='lat' dir='ltr'>clementissimum</span> <span class='ocrx_word' id='word_1_327' title='bbox 927 2401 1319 2444; x_wconf 86' lang='lat' dir='ltr'>misericordiarum</span> <span class='ocrx_word' id='word_1_328' title='bbox 1341 2403 1513 2443; x_wconf 88' lang='lat' dir='ltr'>Patrem</span> <span class='ocrx_word' id='word_1_329' title='bbox 1535 2412 1576 2442; x_wconf 90' lang='lat' dir='ltr'>et</span> <span class='ocrx_word' id='word_1_330' title='bbox 1597 2401 1737 2442; x_wconf 90' lang='lat' dir='ltr'>Deum</span> <span class='ocrx_word' id='word_1_331' title='bbox 1755 2399 1885 2441; x_wconf 88' lang='lat' dir='ltr'>totius</span> <span class='ocrx_word' id='word_1_332' title='bbox 1901 2413 2052 2440; x_wconf 90' lang='lat' dir='ltr'>conso-</span> 
     </span>
     <span class='ocr_line' id='line_1_36' title="bbox 212 2462 2052 2522; baseline 0.001 -19"><span class='ocrx_word' id='word_1_333' title='bbox 212 2462 383 2504; x_wconf 85' lang='lat' dir='ltr'>lationis</span> <span class='ocrx_word' id='word_1_334' title='bbox 406 2463 495 2504; x_wconf 89' lang='lat' dir='ltr'>dies</span> <span class='ocrx_word' id='word_1_335' title='bbox 519 2476 748 2522; x_wconf 82' lang='lat' dir='ltr'>noctesque</span> <span class='ocrx_word' id='word_1_336' title='bbox 782 2481 904 2506; x_wconf 91' lang='lat' dir='ltr'>orare</span> <span class='ocrx_word' id='word_1_337' title='bbox 941 2477 983 2507; x_wconf 93' lang='lat' dir='ltr'>et</span> <span class='ocrx_word' id='word_1_338' title='bbox 1006 2468 1244 2517; x_wconf 89' lang='lat' dir='ltr'>obsecrare,</span> <span class='ocrx_word' id='word_1_339' title='bbox 1270 2478 1318 2509; x_wconf 93' lang='lat' dir='ltr'>ut</span> <span class='ocrx_word' id='word_1_340' title='bbox 1337 2465 1571 2508; x_wconf 90' lang='lat' dir='ltr'>Ecclesiam</span> <span class='ocrx_word' id='word_1_341' title='bbox 1606 2480 1725 2506; x_wconf 86' lang='lat' dir='ltr'>suam</span> <span class='ocrx_word' id='word_1_342' title='bbox 1765 2474 1953 2506; x_wconf 86' lang='lat' dir='ltr'>sanctam</span> <span class='ocrx_word' id='word_1_343' title='bbox 1988 2473 2052 2504; x_wconf 86' lang='lat' dir='ltr'>tot</span> 
     </span>
     <span class='ocr_line' id='line_1_37' title="bbox 216 2526 2051 2588; baseline 0.001 -21"><span class='ocrx_word' id='word_1_344' title='bbox 216 2526 500 2584; x_wconf 88' lang='lat' dir='ltr'>undequaque</span> <span class='ocrx_word' id='word_1_345' title='bbox 522 2529 834 2572; x_wconf 87' lang='lat' dir='ltr'>calamitatibus</span> <span class='ocrx_word' id='word_1_346' title='bbox 847 2546 1052 2588; x_wconf 88' lang='lat' dir='ltr'>pressam,</span> <span class='ocrx_word' id='word_1_347' title='bbox 1074 2543 1138 2573; x_wconf 87' lang='lat' dir='ltr'>tot</span> <span class='ocrx_word' id='word_1_348' title='bbox 1157 2531 1344 2588; x_wconf 88' lang='lat' dir='ltr'>undique</span> <span class='ocrx_word' id='word_1_349' title='bbox 1364 2529 1561 2588; x_wconf 88' lang='lat' dir='ltr'>procellis</span> <span class='ocrx_word' id='word_1_350' title='bbox 1576 2530 1779 2585; x_wconf 86' lang='lat' dir='ltr'>jactatam</span> <span class='ocrx_word' id='word_1_351' title='bbox 1795 2528 1839 2570; x_wconf 85' lang='lat' dir='ltr'>in</span> <span class='ocrx_word' id='word_1_352' title='bbox 1858 2526 2051 2587; x_wconf 87' lang='lat' dir='ltr'>potentia</span> 
     </span>
     <span class='ocr_line' id='line_1_38' title="bbox 212 2590 2049 2653; baseline 0 -20"><span class='ocrx_word' id='word_1_353' title='bbox 212 2592 376 2634; x_wconf 85' lang='lat' dir='ltr'>brachii</span> <span class='ocrx_word' id='word_1_354' title='bbox 396 2592 459 2634; x_wconf 91' lang='lat' dir='ltr'>sui</span> <span class='ocrx_word' id='word_1_355' title='bbox 481 2593 665 2649; x_wconf 87' lang='lat' dir='ltr'>adjuvet,</span> <span class='ocrx_word' id='word_1_356' title='bbox 696 2594 915 2647; x_wconf 88' lang='lat' dir='ltr'>defendat,</span> <span class='ocrx_word' id='word_1_357' title='bbox 939 2611 1117 2653; x_wconf 90' lang='lat' dir='ltr'>eamque</span> <span class='ocrx_word' id='word_1_358' title='bbox 1134 2598 1188 2638; x_wconf 90' lang='lat' dir='ltr'>ab</span> <span class='ocrx_word' id='word_1_359' title='bbox 1208 2595 1424 2645; x_wconf 87' lang='lat' dir='ltr'>omnibus,</span> <span class='ocrx_word' id='word_1_360' title='bbox 1448 2594 1603 2653; x_wconf 90' lang='lat' dir='ltr'>quibus</span> <span class='ocrx_word' id='word_1_361' title='bbox 1625 2593 1840 2652; x_wconf 86' lang='lat' dir='ltr'>affligitur,</span> <span class='ocrx_word' id='word_1_362' title='bbox 1860 2590 2049 2636; x_wconf 82' lang='lat' dir='ltr'>adversi-</span> 
     </span>
     <span class='ocr_line' id='line_1_39' title="bbox 214 2656 561 2715; baseline -0.003 -16"><span class='ocrx_word' id='word_1_363' title='bbox 214 2656 375 2700; x_wconf 83' lang='lat' dir='ltr'>tatibus</span> <span class='ocrx_word' id='word_1_364' title='bbox 395 2656 561 2715; x_wconf 88' lang='lat' dir='ltr'>eripiat.</span> 
     </span>
    </p>
   </div>
  </div>
 </body>
</html>
