2135 3442
167 192 241 228 152
624 188 809 225 LETTRE
838 186 1175 234 APOSTOLIQUE
1202 188 1267 221 DE
1293 176 1424 222 [ΕΘΝ
1451 185 1540 221 XII.

167 277 260 318 Filii
283 278 370 331 ejus
405 275 692 318 misericordia
721 286 763 317 et
795 275 1017 317 clementia
1039 274 1275 332 desperare.
1306 271 1529 329 Recipiant
1554 270 1680 329 igitur
1708 287 1797 313 sese
1823 272 1995 314 tandem

168 340 410 398 aliquando,
436 351 478 382 et
502 341 655 382 iterum
678 340 732 381 ad
747 341 887 381 Jesum
907 339 1120 380 Christum
1146 354 1224 395 pro
1249 337 1295 378 iis
1307 338 1431 378 etiam
1454 351 1625 394 passum
1641 336 1899 394 confugiant,
1923 336 1996 393 qui

168 422 314 448 eorum
333 405 660 463 resipiscentiam
683 421 769 446 non
787 405 918 446 modo
940 420 1026 445 non
1054 403 1271 461 despiciet,
1299 402 1372 443 sed
1394 401 1480 442 imo
1504 401 1558 442 ad
1577 401 1706 443 instar
1724 400 1996 443 amantissimi

166 470 311 529 patris,
337 471 406 528 qui
424 470 530 512 filios
553 470 754 528 prodigos
775 469 1028 525 jamdudum
1047 478 1256 526 expectat,
1280 467 1557 508 libentissime
1574 466 1762 524 accipiet.
1787 467 1876 508 Nos
1896 482 1996 508 vero

167 547 213 577 ut
238 546 441 593 quantum
468 535 510 576 in
530 535 666 577 Nobis
690 547 751 576 est
782 551 853 576 eos
873 535 1112 583 excitemus,
1149 544 1189 573 et
1213 532 1439 574 faciliorem
1470 532 1519 573 iis
1546 543 1778 574 sternamus
1805 531 1917 572 viam
1945 531 1998 572 ad

167 600 470 657 poenitentiam,
495 600 785 657 suspendimus
815 598 868 640 ad
891 598 1099 656 integrum
1123 598 1222 638 anni
1245 598 1424 654 spatium
1452 607 1549 655 post
1575 596 1806 654 publicatas
1828 597 1999 637 Nostras

167 666 242 706 has
260 665 509 723 apostolicas
525 665 755 706 Litterasin
781 663 968 722 regione,
993 664 1037 704 in
1049 679 1129 719 qua
1140 673 1374 713 morantur,
1402 674 1493 703 tum
1515 662 1820 721 obligationem
1838 661 2000 703 denun-

169 730 307 771 ciandi
331 746 427 771 suos
446 729 490 770 in
509 730 629 771 sectis
650 729 727 770 illis
741 730 889 777 socios,
915 738 1003 768 tum
1026 728 1152 768 etiam
1173 728 1500 768 reservationem
1519 742 1807 779 censurarum,
1830 727 1874 767 in
1898 741 2001 783 quas

169 795 290 836 sectis
307 795 385 836 illis
401 811 557 836 nomen
575 795 720 835 dantes
739 793 991 841 inciderunt,
1004 807 1174 848 eosque,
1188 791 1312 832 etiam
1332 808 1417 832 non
1433 792 1691 834 denunciatis
1708 790 1999 844 complicibus,

170 860 330 901 absolvi
353 861 405 901 ab
434 860 482 901 iis
511 859 698 902 censuris
723 874 845 916 posse
877 857 1139 899 declaramus
1165 872 1185 897 a
1208 872 1472 913 quocumque
1498 856 1767 910 confessario,
1799 846 1929 896 modo
1951 855 2003 895 sit

172 941 223 967 ex
243 941 390 967 eorum
410 940 586 966 numero
608 923 678 981 qui
697 940 718 964 a
740 923 943 973 locorum,
969 923 1012 962 in
1040 921 1194 977 quibus
1217 920 1377 977 degunt
1399 920 1630 962 Ordinariis
1648 920 1871 979 approbati
1887 929 1999 961 sunt.

229 991 366 1044 Quam
391 989 517 1030 etiam
549 988 789 1029 facilitatem
817 987 859 1028 in
888 1002 958 1029 eos
974 1018 985 1039 ,
1016 985 1087 1043 qui
1111 985 1220 1026 forte
1244 985 1286 1026 in
1310 987 1424 1027 Urbe
1450 997 1692 1035 morentur,
1717 984 2004 1026 adhibendam

173 1054 481 1097 constituimus.
506 1053 632 1106 Quod
659 1054 692 1093 si
712 1052 922 1109 quispiam
941 1066 991 1092 ex
1012 1050 1076 1100 iis,
1099 1065 1204 1106 quos
1225 1066 1339 1091 nunc
1364 1050 1631 1107 alloquimur,
1647 1050 1703 1091 ita
1727 1049 1919 1108 pertinax
1934 1048 2000 1098 sit,

170 1120 302 1177 (quod
325 1121 439 1160 Deus
473 1117 856 1159 misericordiarum
881 1117 1005 1157 Pater
1023 1115 1200 1171 avertat)
1221 1125 1265 1155 ut
1284 1116 1537 1167 committat,
1563 1115 1666 1156 illud
1685 1115 1886 1172 temporis
1906 1129 2003 1172 spa—

172 1186 277 1226 tium
300 1184 415 1242 quod
436 1183 763 1240 designavimus,
785 1181 889 1231 labi,
914 1181 1015 1237 quin
1040 1190 1172 1221 sectas
1196 1179 1284 1221 illas
1313 1179 1492 1232 deserat,
1515 1191 1557 1222 et
1579 1196 1678 1221 vero
1697 1180 1927 1238 resipiscat,
1953 1194 2004 1220 eo

173 1249 315 1307 elapso
336 1249 535 1290 continuo
563 1259 604 1289 et
624 1247 828 1304 obligatio
850 1244 1136 1287 denunciandi
1156 1244 1397 1302 complices,
1423 1256 1463 1286 et
1487 1261 1754 1286 censurarum
1779 1243 2003 1286 reservatio

169 1316 213 1355 in
234 1329 330 1355 eum
355 1313 587 1364 reviviscet,
617 1328 694 1354 nec
720 1312 1033 1353 absolutionem
1068 1309 1266 1367 deinceps
1289 1309 1515 1367 impetrare
1539 1309 1711 1368 poterit,
1737 1308 1818 1350 nisi
1840 1309 2004 1350 denun-

172 1379 288 1420 ciatis
311 1389 432 1419 antea
454 1376 745 1434 complicibus,
769 1377 834 1418 vel
859 1376 1008 1417 saltem
1024 1376 1263 1429 juramento
1289 1375 1439 1416 emisso
1458 1374 1510 1415 de
1531 1376 1580 1416 iis
1601 1373 1918 1432 quamprimum
1935 1372 2008 1414 de-

171 1442 439 1494 nunciandis,
461 1457 540 1483 nec
561 1442 614 1482 ab
640 1442 722 1482 alio
739 1440 896 1498 poterit
913 1440 963 1481 iis
984 1439 1171 1481 censuris
1195 1438 1314 1489 solvi,
1337 1455 1466 1496 quam
1494 1455 1518 1480 a
1543 1439 1683 1490 nobis,
1708 1438 1775 1480 vel
1799 1454 1821 1479 a
1841 1438 2008 1479 Nostris

173 1507 496 1557 successoribus,
517 1518 589 1547 aut
605 1507 658 1547 ab
682 1507 745 1555 iis,
770 1507 839 1562 qui
863 1522 885 1546 a
906 1505 1012 1546 Sede
1033 1503 1276 1560 Apostolica
1301 1504 1353 1543 ab
1368 1503 1516 1546 iisdem
1539 1503 1782 1545 absolvendi
1803 1504 2007 1559 impetra-

170 1572 304 1614 verint
323 1571 577 1612 facultatem.

226 1637 430 1677 Volumus
449 1646 587 1676 autem
607 1634 722 1691 quod
742 1633 1011 1690 pra-sentium
1028 1632 1278 1673 Nostrarum
1299 1632 1549 1673 Litterarum
1568 1631 1859 1690 transsumptis
1882 1632 2009 1673 etiam

172 1702 397 1759 impressis,
436 1716 565 1741 manu
607 1699 778 1753 alicujus
798 1696 952 1738 notarii
980 1696 1137 1755 publici
1175 1696 1432 1753 subscriptis,
1465 1706 1506 1737 et
1549 1696 1684 1752 sigillo
1733 1711 1927 1754 personae
1965 1697 2009 1736 in

172 1766 371 1824 dignitate
414 1765 690 1807 ecclesiastica
726 1762 957 1804 constitutoe
994 1761 1179 1811 munitis,
1216 1761 1364 1802 eadem
1390 1761 1493 1802 fides
1522 1776 1693 1818 prorsus
1739 1760 2007 1811 adhibeatur,

172 1847 263 1889 quae
282 1830 380 1887 ipsis
397 1828 668 1887 originalibus
692 1828 840 1869 litteris
863 1826 1147 1876 adhiberetur,
1174 1825 1206 1866 si
1222 1825 1363 1866 forent
1383 1825 1595 1875 exhibitae,
1616 1824 1680 1865 vel
1697 1836 1888 1866 ostensae.

232 1895 345 1936 Nulli
375 1910 476 1951 ergo
501 1893 723 1934 hominnm
744 1892 866 1933 liceat
891 1892 1000 1932 hanc
1026 1890 1224 1948 paginam
1250 1891 1411 1931 Nostrae
1432 1889 1739 1940 declarationis,
1768 1888 2011 1931 damnatio-

174 1960 253 2008 nis,
288 1958 633 2007 confirmationis,
663 1956 958 2007 innovationis,
996 1955 1185 1996 mandati
1210 1954 1520 2012 prohibitionis,
1553 1954 1842 2004 invocationis,
1867 1953 2010 2010 requi—

175 2023 359 2073 sitionis,
386 2023 559 2071 decreti,
595 2034 636 2063 et
655 2022 883 2063 voluntatis
906 2020 1148 2077 infringere,
1174 2019 1238 2060 vel
1270 2019 1307 2059 ei
1331 2035 1433 2060 ausu
1465 2020 1688 2060 temerario
1717 2017 1937 2060 contraire.
1969 2017 2011 2057 Si

175 2090 267 2145 quis
297 2098 440 2129 autem
464 2088 546 2128 hoc
572 2098 774 2128 attentare
801 2085 1129 2143 prfesumpserit,
1153 2083 1490 2142 indignationem
1517 2082 1816 2141 omnipotentis
1836 2083 1929 2136 Dei,
1965 2097 2012 2122 ac

174 2155 398 2194 beatorum
420 2151 531 2193 Petri
552 2163 593 2194 et
610 2151 728 2193 Pauli
746 2150 1031 2208 apostolorum
1055 2151 1141 2205 ejus
1158 2165 1200 2190 se
1217 2150 1377 2190 noverit
1399 2151 1679 2191 incursurum.

236 2219 392 2258 Datum
421 2218 567 2258 Romae
596 2216 707 2275 apud
734 2226 924 2257 sanctum
953 2215 1126 2256 Petrum
1159 2230 1269 2255 anno
1290 2215 1592 2255 lucarnationis
1616 2212 1847 2254 Dominicae
1870 2211 2010 2252 mille-

179 2283 286 2324 simo
320 2282 662 2339 octingentesimo
688 2280 885 2323 vicesimo
915 2280 1077 2336 quinto,
1118 2280 1241 2321 tertio
1270 2279 1367 2321 Idus
1392 2279 1548 2330 Martii,
1583 2276 1852 2321 Pontificatus
1871 2276 2014 2318 Nostri

179 2363 290 2388 anno
311 2346 512 2388 secundo.
