2135 3442
169 156 244 194 252
671 155 854 191 LE'ITRE
884 156 1193 203 ENCYCLIQUE
1227 157 1290 191 DE
1320 157 1400 192 PIE
1428 156 1500 194 IX.

168 243 240 300 qui
267 241 347 282 illis
370 242 634 296 vacaverint·,
661 243 745 284 sive
767 243 822 284 ad
848 242 957 294 illos,
983 243 1121 301 quiea
1142 243 1418 302 neglexerint,
1444 243 1587 284 aeterni
1612 242 1720 302 ignis
1745 261 1868 302 poena
1895 245 2004 287 mul·

168 306 345 349 ctandos
361 306 372 328 ¹
383 340 392 348 .

227 372 291 412 Ex
314 387 397 429 qua
417 372 568 413 Christi
583 372 754 413 Domini
776 372 1146 430 praenuntiatione,
1172 373 1341 430 aliisque
1356 372 1466 413 illius
1486 371 1594 413 circa
1607 371 1846 414 divitiarum
1866 389 2004 425 usum,

169 451 399 493 earumque
437 438 619 494 pericula
680 437 945 478 severissimis
1001 437 1173 479 monitis
1189 437 1221 491 ²,
1267 439 1310 479 in
1347 437 1532 479 Ecclesia
1570 437 1775 478 catholica
1810 436 2007 480 inviolate

169 500 402 552 custoditis,
436 502 591 543 factum
613 517 741 558 porro
775 513 850 553 est,
881 512 927 542 ut
952 517 1154 558 pauperes
1181 514 1222 544 et
1244 503 1383 544 miseri
1412 502 1527 559 apud
1554 502 1779 544 catholicas
1802 513 1945 561 gentes
1962 502 2007 544 in

168 565 293 624 longe
316 567 498 615 mitiore,
524 582 651 623 quam
675 565 787 623 apud
809 566 907 606 alias
925 566 1144 622 quaslibet,
1174 568 1420 608 conditione
1442 578 1674 608 versentur.
1701 569 1839 624 Atque
1855 566 1897 608 hi
1915 568 2009 624 qui-

171 630 268 672 dem
283 630 326 671 in
336 631 577 689 regionibus
594 630 744 671 nostris
761 629 957 671 uberiora
972 630 1110 673 adhuc
1127 632 1312 673 subsidia
1324 632 1578 681 obtinerent,
1601 632 1679 673 nisi
1691 631 1808 689 plura
1820 631 2008 672 instituta

169 711 259 752 qua¹
282 698 492 750 majorum
518 696 674 753 pietate
698 706 944 753 comparata
964 696 1136 737 fuerant
1161 696 1213 737 ad
1237 698 1425 755 ipsorum
1446 696 1652 750 levamen,
1671 697 1853 738 extincta
1876 712 2011 754 nuper

168 760 352 816 repetitis
383 761 648 817 publicarum
671 776 813 801 rerum
836 760 1220 815 commotionibus,
1253 773 1323 802 aut
1350 762 1512 820 direpta
1538 763 1729 803 fuissent.
1758 763 1820 803 De
1845 761 2009 819 reliquo

168 839 374 881 pauperes
390 824 537 875 nostri,
564 825 728 865 Christo
747 825 836 882 ipso
858 824 1052 878 docente,
1078 827 1363 876 meminerint,
1391 842 1478 866 non
1502 843 1588 868 esse
1607 843 1680 868 cur
1698 827 1834 868 tristes
1856 827 1939 867 sint
1958 825 2011 867 de

169 887 413 930 conditione
436 906 506 931 sua
534 905 540 930 :
572 888 920 946 quandoquidem
937 889 980 930 in
1004 902 1251 947 paupertate
1269 892 1355 948 ipsa
1378 891 1540 932 facilior
1555 893 1613 933 eis
1628 903 1769 948 parata
1785 892 1851 932 via
1871 902 1934 932 est
1957 890 2011 932 ad

169 953 447 995 obtinendam
471 954 662 1003 salutem,
683 953 918 995 dummodo
941 954 1098 995 scilicet
1115 955 1525 1013 suamindigentiam
1535 958 1744 1014 patienter
1761 956 2007 1005 sustineant,

169 1028 211 1058 et
231 1034 318 1059 non
333 1034 376 1060 re
394 1030 574 1069 tantum,
599 1017 674 1059 sed
699 1017 846 1075 spiritu
863 1034 1071 1075 pauperes
1085 1020 1182 1060 sint.
1197 1020 1269 1060 Ait
1281 1021 1395 1061 enim
1418 1039 1426 1061 :
1453 1042 1469 1057 «
1491 1021 1605 1062 Beati
1629 1036 1831 1079 pauperes
1841 1019 2005 1078 spiritu,

173 1102 191 1118 α
227 1084 429 1140 quoniam
452 1084 641 1140 ipsorum
664 1093 725 1124 est
746 1098 922 1141 regnum
946 1084 1202 1124 Coe101·um³.
1226 1105 1242 1120 n

229 1196 339 1237 Sciat
374 1195 502 1236 etiam
537 1195 670 1237 fidelis
706 1197 887 1254 populus
920 1197 1153 1247 universus,
1189 1208 1352 1238 veteres
1378 1213 1499 1255 reges
1533 1198 1795 1239 ethnicarum
1825 1197 2012 1255 gentium

170 1259 354 1317 aliosque
369 1259 410 1300 in
428 1260 506 1301 illis
523 1261 788 1318 publicarum
799 1277 940 1302 rerum
958 1261 1153 1319 praesides
1172 1261 1307 1302 multo
1320 1263 1485 1320 gravius
1497 1262 1841 1318 frequentiusque
1859 1262 2013 1303 abusos

169 1325 292 1366 fuisse
319 1335 527 1382 potestate
551 1341 644 1376 sua,
672 1336 796 1383 atque
819 1325 919 1367 hinc
941 1326 1138 1385 religioni
1162 1338 1314 1368 nostrae
1337 1328 1603 1368 sanctissimae
1627 1328 1671 1367 in
1698 1327 1878 1384 acceptis
1899 1326 2013 1367 refe-

168 1389 350 1430 rendum
380 1405 467 1431 esse
492 1402 734 1448 cognoscat,
766 1390 798 1432 si
825 1391 1034 1449 principes
1062 1390 1385 1433 christianorum
1408 1402 1648 1450 temporum
1673 1390 2011 1443 reformidantes,

169 1453 372 1512 religione
399 1454 674 1509 admonente,
701 1455 939 1512 «judicium
962 1456 1247 1511 durissimum,
1275 1456 1391 1514 quod
1414 1457 1493 1507 his,
1515 1457 1586 1514 qui
1622 1467 1821 1514 praesunt,
1847 1455 1946 1497 fiet»
1974 1466 2014 1497 et

169 1518 425 1560 destinatum
456 1521 729 1578 peccantibus
752 1521 1003 1579 supplicium
1032 1522 1351 1579 sempiternum,
1386 1523 1430 1563 in
1459 1522 1575 1579 quod
1604 1532 1835 1580 «potentes
1857 1532 2013 1579 poten-

174 1604 190 1619 «
226 1593 289 1624 ter
324 1594 536 1625 tormenta
572 1585 829 1642 patientur⁴,
859 1606 876 1621 »
904 1587 1070 1641 justiori
1102 1602 1200 1644 erga
1231 1587 1442 1643 subjectos
1464 1587 1646 1645 populos
1683 1598 1724 1628 et
1754 1585 2016 1628 clementiori

170 1647 374 1706 regimine
400 1660 591 1691 utuntur.

230 1726 474 1782 Agnoscant
496 1725 678 1783 denique
698 1725 845 1768 crediti
862 1726 1007 1768 vestris
1029 1729 1266 1784 nostrisque
1291 1728 1401 1769 curis
1419 1728 1578 1777 fideles,
1599 1743 1740 1768 veram
1758 1727 2013 1784 perfectam-

171 1805 252 1846 que
278 1791 501 1831 hominum
525 1791 780 1841 libertatem,
809 1802 848 1832 et
876 1792 1158 1848 aequalitatem
1186 1791 1229 1832 in
1249 1793 1481 1833 christiana*
1501 1792 1602 1850 legis
1626 1792 1816 1833 custodia
1835 1792 2015 1848 positam

171 1869 279 1908 esse3
297 1855 648 1913 quandoquidem
658 1858 770 1897 Deus
783 1857 1082 1914 Omnipotens,
1106 1858 1178 1913 qui
1199 1856 1295 1898 fecit
1317 1879 1332 1892 «
1351 1857 1546 1915 pusillum
1565 1868 1604 1898 et
1623 1871 1839 1913 magnum,
1859 1876 1876 1891 »
1894 1866 1936 1897 et
1949 1856 2015 1896 cui

174 1936 195 1958 ((
230 1919 443 1977 aequaliter
467 1937 566 1962 cura
591 1932 650 1962 est
679 1921 730 1962 de
755 1921 994 1971 omnibus⁵,
1024 1937 1111 1962 non
1144 1922 1360 1963 subtrahet
1385 1937 1609 1979 personam
1637 1919 1926 1977 cujusquam‘,
1969 1935 2016 1961 ac

173 1983 285 2024 diem
316 1986 460 2026 statuit
489 2007 506 2022 κ
531 1987 575 2026 in
593 2002 677 2043 quo
697 1985 959 2041 judicaturus
989 1996 1049 2027 est
1068 1986 1226 2027 Orbem
1248 1988 1290 2027 in
1315 1985 1551 2043 requitate’,
1569 2007 1585 2021 »
1620 1986 1664 2026 in
1692 2001 1767 2027 suo
1788 1986 2015 2044 Unigenito

171 2049 334 2089 Christo
366 2051 479 2100 Jesu,
506 2050 576 2108 qui
602 2071 619 2086 «
642 2062 841 2092 venturus
867 2062 931 2092 est
953 2052 995 2092 in
1019 2051 1151 2109 gloria
1176 2052 1310 2093 Patris
1331 2053 1394 2092 sui
1415 2067 1512 2093 cum
1540 2050 1696 2108 angelis
1719 2051 1816 2101 suis,
1844 2061 1886 2091 et
1914 2061 2014 2091 tunc

178 2133 192 2148 «
229 2113 379 2156 reddet
402 2116 625 2173 unicuique
645 2115 878 2157 secundum
897 2132 1025 2174 opera
1045 2115 1172 2171 ejus⁸.
1197 2133 1217 2156 >³

230 2179 356 2231 Quod
379 2181 412 2220 si
437 2180 580 2222 fideles
602 2180 731 2222 iidem
754 2192 929 2239 paterna
960 2197 1131 2222 suorum
1153 2194 1371 2239 pastorum
1404 2182 1583 2233 monita,
1610 2192 1652 2222 et
1683 2189 2014 2221 commemorata

171 2244 360 2300 superius
383 2244 615 2287 christianae
635 2245 737 2304 legis
759 2246 957 2287 mandata
975 2245 1263 2304 despicientes,
1294 2263 1316 2287 a
1336 2246 1581 2304 supradictis
1599 2244 1902 2286 hodiernarum
1919 2259 2014 2284 ma-

172 2306 462 2349 chinationum
485 2312 800 2367 promotoribus
831 2311 969 2369 decipi
991 2327 1032 2352 se
1062 2311 1291 2369 patiantur,
1324 2323 1364 2352 et
1390 2313 1433 2352 in
1458 2325 1653 2368 perversa
1682 2331 1698 2345 «
1731 2308 1962 2350 Socialismi
1992 2327 2010 2343 ν

178 2392 194 2407 «
221 2383 262 2413 et
282 2374 587 2415 Communismi
609 2396 625 2412 2»
658 2387 882 2433 systemata
901 2377 1144 2434 conspirare
1172 2393 1268 2418 cum
1292 2376 1370 2417 illis
1399 2376 1623 2424 voluerint,
1653 2375 1798 2424 sciant,
1822 2372 2013 2430 serioque

174 2436 454 2488 considerent,
476 2439 756 2481 thesaurizare
779 2456 821 2482 se
842 2440 1107 2498 sibimetipsis
1134 2441 1248 2499 apud
1267 2440 1456 2481 divinum
1475 2438 1666 2480 Judicem
1685 2439 1899 2479 thesauros
1921 2438 2015 2478 vin-

175 2500 295 2541 dictae
314 2500 356 2542 in
376 2502 443 2544 die
467 2503 554 2554 irae3
582 2520 660 2546 nec
680 2505 910 2562 quidquam
933 2506 1093 2547 interea
1114 2522 1166 2547 ex
1189 2506 1499 2563 conspiratione
1521 2504 1591 2544 illa
1609 2503 1850 2560 temporalis
1872 2501 1915 2543 in
1935 2518 2013 2560 po-

172 2564 319 2622 pulum
341 2567 543 2622 utilitatis,
568 2569 641 2610 sed
661 2585 769 2610 nova
788 2571 926 2627 potius
947 2571 1202 2611 miseriarum
1217 2581 1258 2611 et
1276 2570 1559 2611 calamitatum
1579 2569 1836 2610 incrementa
1853 2568 2015 2610 obven-

176 2641 284 2672 tura.
315 2630 412 2672 Non
446 2633 559 2672 enim
590 2633 734 2674 datum
757 2635 999 2675 hominibus
1023 2646 1099 2686 est,
1130 2649 1261 2675 novas
1287 2633 1471 2674 stabilire
1496 2634 1714 2675 societates
1745 2643 1787 2674 et
1818 2647 2012 2674 commu„-

175 2695 323 2737 niones
350 2697 527 2738 naturali
545 2698 827 2740 humanarum
848 2715 989 2741 rerum
1013 2698 1245 2741 conditioni
1272 2698 1559 2739 adversantes:
1585 2709 1711 2755 atque
1734 2697 1893 2739 idcirco
1914 2711 2014 2738 con-

282 2871 438 2904 Matthaei
458 2885 540 2918 xxv,
565 2873 623 2915 34,
645 2885 716 2918 seq.

248 2946 256 2954 .
281 2918 436 2952 Matthaei
457 2931 531 2961 xix,
551 2922 610 2961 23,
631 2932 702 2965 seq.
721 2940 766 2948 -·
788 2922 894 2954 Lucae
911 2933 960 2963 Π,
984 2925 1023 2963 43
1042 2933 1147 2961 xvm,
1173 2923 1229 2966 22,
1250 2932 1321 2966 seq.
1346 2941 1390 2948 —
1407 2922 1519 2968 Epist.
1537 2921 1660 2955 Jacobi
1680 2934 1715 2962 v,
1742 2924 1775 2966 1,
1797 2931 1868 2964 seq.

250 2993 256 2998 ,
282 2966 453 3011 Matthaei,
475 2980 511 3008 v,
529 2970 563 3002 3.

249 3040 256 3047 .
284 3012 482 3058 Sapientiae,
504 3025 556 3056 v1,
576 3017 611 3055 6,
635 3017 669 3048 7.

249 3088 256 3095 .
284 3060 483 3106 Sapientiae,
500 3073 550 3107 VI,
572 3064 607 3098 8.

249 3135 256 3140 .
282 3106 435 3142 Ibidem.

249 3177 258 3185 .
285 3155 469 3196 Actorum,
490 3168 581 3197 xvn,
597 3157 657 3191 31.

249 3228 257 3235 .
284 3202 455 3245 Matthaei,
474 3215 549 3249 xvr,
569 3206 628 3239 27.

221 2872 255 3233 Ooqmwa-*wtog-
