2135 3442
119 209 196 244 262
621 208 808 244 LETI'RE
836 207 1147 254 ENCYCLIQUE
1175 206 1241 242 DE
1268 205 1347 241 PIE
1375 205 1444 241 IX.

121 294 303 336 rebelles
321 310 488 353 quoque
513 295 567 337 ad
583 311 625 338 se
649 296 904 355 compellens
921 296 1173 345 voluntates,
1194 294 1422 335 Ecclesiam
1446 305 1632 336 sanctam
1661 296 1780 336 novis
1808 294 1946 338 victo-

119 360 191 400 riis
212 370 254 400 et
276 361 497 418 triumphis
520 360 770 419 amplificet;
797 377 880 418 quo
899 361 942 401 in
963 372 1047 402 tota
1073 360 1207 410 Italia,
1229 361 1359 400 immo
1381 370 1421 400 et
1434 359 1590 416 ubique
1611 371 1832 410 terrarum,
1853 376 1947 403 me-

118 426 199 466 rito
222 424 378 482 pariter
399 441 446 467 ac
468 442 643 467 numero
661 427 839 484 populus
861 426 898 467 ei
921 426 1104 466 serviens
1136 436 1351 483 augeatur.
1381 425 1628 465 Invocemus
1662 424 1789 465 etiam
1818 424 1948 466 Sanc-

119 490 318 530 tissimam
337 491 414 531 Dei
433 491 685 532 Genitricem
707 489 1022 531 Immaculatam
1038 488 1255 546 Virginem
1271 488 1466 537 Mariam,
1486 504 1577 545 quae
1593 487 1820 546 praevalido
1838 489 1950 546 apud

119 554 257 595 Deum
279 555 514 612 patrocinio
532 571 607 596 suo
632 554 746 611 quod
770 554 918 611 quserit
938 554 1112 603 invenit,
1137 564 1178 594 et
1199 553 1387 594 frustrari
1415 568 1501 593 non
1522 563 1674 610 potest,
1712 563 1836 609 atque
1865 569 1950 594 una

120 619 292 660 Petrum
306 620 606 677 Apostolorum
627 618 866 676 Principem
889 628 932 659 et
951 617 1236 675 coapostolum
1262 619 1349 673 ojus
1363 617 1555 668 Paulum,
1575 632 1806 675 omnesque
1819 617 1948 658 Sanc-

120 694 187 725 tos
214 683 394 734 Coelites‚
430 696 477 726 ut
509 684 860 726 Clementissimus
885 683 1117 733 Dominus,
1152 698 1297 723 eorum
1328 681 1701 723 intervenientibus
1733 682 1945 738 precibus⁷

121 747 284 806 flagella
302 749 526 790 iracundioe
562 765 644 790 sua¹
673 765 695 789 a
728 747 921 789 fidelibus
939 747 1103 805 populis
1132 758 1311 800 avertat3
1338 758 1380 788 et
1407 748 1588 797 cunctis,
1615 746 1684 804 qui
1714 745 1950 787 Christiana

119 812 381 870 professione
401 824 637 863 censentur,
662 813 819 854 tribuat
839 811 1046 870 propitius
1068 827 1142 869 per
1161 811 1336 869 gratiam
1355 827 1472 853 suam
1491 823 1531 852 et
1551 811 1619 852 illa
1637 826 1847 870 respuere,
1860 826 1952 869 quae

120 878 218 918 huic
237 876 407 918 inimica
428 890 523 919 sunt
543 878 716 927 nomini,
742 888 781 918 et
798 892 846 918 ea
865 892 956 934 quae
976 887 1071 918 sunt
1093 887 1188 934 apta
1210 876 1372 917 sectari.

181 942 378 992 Demum,
398 943 670 984 Venerabiles
680 944 856 991 F1atres‚
882 953 1032 982 nostrae
1055 941 1097 981 in
1114 956 1187 982 vos
1211 940 1521 982 studiosissima
1547 940 1774 982 xoluntatis
1799 951 1950 981 testem

120 1007 297 1064 aecipite
319 1007 606 1064 Apostolicam
622 1006 983 1057 Benedictionem,
1006 1020 1133 1062 quam
1152 1005 1302 1046 intimo
1323 1005 1462 1046 cordis
1486 1005 1656 1056 affectu,
1680 1006 1800 1046 vobis
1828 1004 1943 1063 ipsis,

118 1081 165 1112 et
198 1071 382 1122 clericis,
416 1070 617 1129 laicisque
649 1071 845 1113 fidelibus
869 1070 1094 1129 vigilantiae
1122 1080 1267 1111 vestrae
1296 1070 1547 1112 concreditis
1577 1080 1848 1129 peramanter
1868 1069 1953 1110 im-

119 1135 340 1192 pertimur.

180 1202 337 1241 Datum
346 1201 577 1259 Neapoliin
595 1201 850 1242 suburbano
866 1200 1042 1251 Portici,
1064 1199 1221 1240 dievm
1234 1199 1479 1240 Decembris
1492 1200 1592 1240 anni
1611 1198 1953 1250 MDCCCXLIX‚

121 1264 394 1307 Pontificatus
418 1266 547 1307 nostri
568 1283 638 1308 an.
663 1281 724 1307 IV.

1416 1328 1539 1369 PIUS
1556 1328 1640 1370 PP.
1666 1328 1746 1368 IX.

2124 1226 2135 1338 -*1-nv
2129 1191 2135 1194 .
2127 1133 2135 1156 -ι
2127 1075 2135 1081 ι
2131 1022 2135 1044 ..
2132 971 2135 973 .
