2135 3442
188 81 263 117 100
904 76 1026 110 BREF
1054 77 1120 111 DF.
1148 75 1226 110 PIE
1254 75 1319 109 VI.

188 178 406 225 exceptus,
445 164 645 223 produxit
677 163 878 220 scriptum
917 163 958 202 in
995 178 1079 219 quo
1114 162 1363 219 legebantur
1399 161 1521 217 regiae
1551 159 1896 211 consuetudines,
1936 176 2030 217 quae

188 232 400 274 sexdecim
417 229 608 289 capitulis
629 228 972 277 continebantur,
993 243 1137 283 cneque
1160 227 1402 284 recognitae,
1429 226 1594 279 rejectae
1625 224 1811 266 fuerunt.
1832 225 2028 266 Tandem

188 298 375 338 Thomas
400 296 442 335 in
479 293 674 352 Angliam
703 307 893 334 reversus
919 291 1153 348 intrepidus
1186 291 1240 331 ad
1273 290 1523 348 supplicium
1553 288 1768 346 processit,
1798 300 1838 330 et
1867 305 2032 331 memor

191 360 320 402 divini
352 361 576 418 praecepti:
617 379 634 394 «
662 356 743 410 Qui
773 357 860 397 vult
892 357 1034 396 venire
1062 367 1156 412 post
1184 371 1273 406 me,
1306 356 1488 412 abneget
1521 354 1807 410 semetipsum,
1839 365 1880 395 et
1910 355 2032 396 tollat

194 448 212 464 ·‹
249 441 413 467 crucem
437 440 571 476 suam,
592 434 633 464 ct
663 433 861 478 sequatur
891 436 971 471 me,
999 442 1015 455 »
1038 420 1232 460 *Ecclesiae
1260 418 1363 460 ostia
1388 418 1585 476 patefecit
1603 417 1833 467 lictoribus,
1861 433 2031 476 seseque

190 492 297 542 Deo,
324 493 461 532 beatae
478 488 640 539 Mariae,
667 498 708 529 et
737 487 887 527 sanctis
920 502 1004 526 sum
1033 485 1229 525 Ecclesiae
1261 485 1448 541 patronis
1474 484 1684 524 ferventer
1709 483 2029 538 commendans,

191 557 371 613 acceptis
397 556 438 595 in
461 555 595 612 capite
619 551 876 600 vulneribus,
902 566 978 607 pro
1000 550 1090 606 lege
1114 549 1190 589 Dei
1214 559 1256 589 et
1277 549 1474 589 Ecclesiae
1499 548 1708 596 libertate,
1733 546 1902 604 gloriosi
1923 563 2034 588 mar—

191 622 287 679 tyrii
308 622 491 678 palmam
511 618 758 676 reportavit.
786 616 884 655 Hire
906 615 1191 671 excerpsimus
1207 614 1259 653 ab
1289 614 1464 671 Arsolcl.
1486 612 1641 654 Annal.
1662 613 1858 653 Ecclesiae
1884 612 2034 669 Angli-

192 702 307 728 canae
328 685 360 727 ¹.

250 816 354 869 Quis
384 831 435 855 ex
464 813 528 855 his
551 829 637 853 non
663 811 799 852 statim
824 818 1035 867 agnoscat,
1066 818 1111 847 ut
1140 806 1349 848 simillima
1371 807 1454 847 sint
1483 806 1706 847 nationalis
1733 808 1973 848 Conventus
1994 818 2036 849 et

192 881 363 922 Henrici
387 881 426 920 II
451 878 592 937 gesta?
615 879 652 918 A
676 877 896 916 Conventu
918 882 1172 914 emanarunt
1198 871 1366 912 decreta
1395 871 1715 912 ecclesiasticam
1741 870 2035 912 auctoritatem

192 946 270 988 sibi
294 945 558 1002 arrogantia,
584 942 636 982 ab
664 941 820 982 codem
844 954 990 979 omnes
1015 936 1065 978 ad
1090 936 1319 992 jurandum
1345 936 1672 993 compelluntur,
1698 937 1908 993 praecipue
1932 935 2036 994 Epi-

192 1011 323 1069 scopi,
356 1010 507 1065 aliique
529 1004 820 1048 ecclesiastici:
847 1020 894 1043 ac
918 1004 960 1043 in
991 1018 1086 1043 eum
1120 1003 1258 1059 ipsum
1280 1002 1532 1042 transfertur
1558 1014 1883 1051 sacramentum,
1919 1001 2035 1059 quod

191 1071 585 1117 RomanoPontifici
602 1080 801 1128 praestant
815 1068 1024 1125 Episcopi.
1043 1067 1246 1123 Occupati
1263 1077 1361 1107 sunt
1374 1065 1639 1107 ecclesiastici
1657 1065 1791 1119 fundi,
1808 1078 1853 1107 ut
1865 1066 2034 1108 fuerunt

193 1141 246 1182 ab
269 1140 469 1187 HenricO,
490 1151 670 1193 quorum
692 1136 733 1175 S.
763 1135 947 1174 Thomas
978 1130 1289 1172 restitutionem
1311 1130 1526 1189 flagitavit.
1554 1130 1733 1172 Coactus
1754 1142 1815 1172 est
1835 1130 2035 1172 Christia-

192 1205 387 1246 nissimus
406 1204 493 1243 Rex
512 1201 550 1241 ei
571 1200 739 1240 decreto
758 1213 874 1239 suam
893 1196 1158 1253 interponere
1181 1196 1456 1237 sanctionem.
1473 1195 1625 1236 Eidem
1649 1195 1829 1252 denique
1846 1197 2038 1237 Conven-

195 1272 252 1311 tui
273 1285 369 1310 cum
392 1264 604 1324 proposita
625 1264 749 1304 fuerit
776 1260 1018 1309 declaratio,
1049 1276 1130 1316 qua
1154 1259 1364 1317 Episcopi,
1391 1259 1595 1300 distinctis
1613 1259 1802 1300 civilibus
1826 1261 1879 1300 ab
1898 1260 2035 1302 eccle-

192 1334 363 1376 siasticis
379 1332 557 1387 juribus,
580 1329 647 1369 illa
674 1342 717 1369 se
739 1341 978 1384 agnoscere,
1007 1337 1047 1366 et
1071 1324 1301 1381 adimplere
1325 1324 1429 1364 velle
1455 1323 1632 1381 professi
1655 1335 1766 1374 sunt,
1791 1336 2038 1382 respuentes

192 1410 341 1441 cretera
358 1430 367 1447 ,
404 1411 496 1453 quae
521 1405 639 1435 extra
660 1394 902 1433 Conventus
931 1389 1070 1447 posita
1098 1400 1194 1430 sunt
1217 1400 1485 1446 potestatem,
1516 1389 1569 1429 ad
1594 1391 1722 1429 instar
1746 1391 2037 1446 praestantium

191 1463 523 1506 Christianorum
578 1457 756 1499 militum
772 1489 781 1506 ,
826 1457 898 1512 qui
951 1455 1237 1496 inserviebant
1289 1454 1455 1495 Juliano
1496 1455 1732 1511 Apostatae,
1789 1470 1892 1511 quos
1927 1454 2039 1496 cele-

192 1530 288 1570 brat
313 1529 355 1568 S.
382 1524 640 1582 Augustinus
666 1523 730 1563 his
761 1519 923 1562 verbis2
953 1535 961 1560 ε
994 1540 1010 1555 «
1039 1519 1225 1560 Julianus
1249 1518 1386 1559 extitit
1410 1518 1590 1560 infidelis
1615 1520 1866 1576 imperator,
1903 1519 2040 1560 extitit

197 1615 214 1630 «
251 1602 471 1650 apostata,
506 1589 671 1644 iniquus
697 1586 903 1637 idolatra3
940 1584 1091 1624 milites
1125 1582 1279 1624 Christi
1319 1582 1550 1624 servierunt
1574 1585 1821 1640 imperatori
1853 1584 2033 1625 infideli:

197 1680 215 1694 «
251 1657 324 1699 ubi
352 1655 599 1696 veniebatur
638 1651 692 1692 ad
732 1665 900 1691 causam
930 1647 1109 1698 Christi,
1141 1663 1226 1688 non
1269 1648 1552 1705 agnoscebant
1583 1647 1659 1688 nisi
1702 1648 1844 1699 illum,
1881 1647 1952 1705 qui
1992 1649 2035 1689 in

198 1745 214 1759 «
250 1722 356 1764 coelo
393 1730 503 1772 erat,
543 1719 574 1758 si
614 1715 785 1773 quando
824 1713 997 1755 volebat
1040 1723 1085 1753 ut
1118 1712 1232 1752 idola
1262 1712 1475 1761 colerent,
1511 1722 1557 1752 ut
1586 1711 1890 1762 thurificarent,
1932 1728 2037 1770 prae-

195 1810 212 1823 «
249 1786 468 1844 ponebant
497 1781 554 1822 illi
586 1783 743 1831 Deum,
773 1778 944 1836 quando
979 1788 1120 1817 autem
1148 1775 1339 1817 dicebat:
1373 1775 1599 1816 Producite
1629 1775 1778 1826 aciem,
1804 1777 1862 1817 ite
1888 1788 2035 1818 contra

195 1873 211 1888 «
250 1851 364 1892 illam
390 1859 582 1906 gentem,
613 1846 754 1886 statim
781 1841 1154 1898 obtemperabant,
1186 1840 1501 1897 distinguebant
1524 1841 1755 1879 Dominum
1782 1852 1986 1882 aeternum
2012 1858 2035 1883 a

196 1939 213 1952 «
250 1916 426 1958 domino
461 1911 702 1968 temporali,
736 1930 752 1944 »
784 1908 1060 1949 nihilominus
1090 1908 1332 1946 Conventus
1366 1903 1591 1945 nationalis
1618 1906 1744 1945 etiam
1777 1906 1923 1960 rejecit
1957 1906 2035 1948 de-

189 1982 480 2028 clarationem,
517 1977 620 2018 sicut
646 1974 855 2017 Henricus
882 1974 919 2013 II
949 1972 1171 2012 admittere
1197 1971 1402 2012 recusavit
1426 1986 1548 2026 supra
1576 1970 1844 2011 enunciat-am
1868 1970 2035 2012 clausu-

190 2047 290 2095 lam,
314 2045 433 2086 salvo
450 2043 598 2083 ordine
616 2057 707 2081 sno.
735 2041 771 2080 A
790 2039 928 2096 primo
953 2037 1005 2077 ad
1026 2037 1222 2076 ultimum
1243 2046 1381 2092 caput,
1411 2035 1521 2075 inter
1544 2050 1586 2075 se
1612 2035 1736 2092 plane
1761 2035 2034 2077 consentiunt

189 2110 373 2168 improbi
395 2120 478 2148 tam
497 2108 737 2146 Conventus
757 2119 885 2160 quam
906 2102 1078 2142 Henrici
1099 2102 1207 2158 regis
1232 2111 1422 2141 conatus.
1446 2101 1503 2140 At
1527 2115 1612 2139 non
1635 2099 1772 2140 solum
1791 2101 2032 2141 Conventus

190 2176 266 2217 iste
286 2172 516 2215 Henricum
534 2169 780 2218 secundnm,
804 2167 877 2208 sed
897 2165 1083 2206 imitatus
1103 2177 1164 2206 est
1187 2176 1383 2206 octavum
1404 2164 1546 2217 etiam,
1569 2163 1642 2220 qui
1663 2179 1757 2204 cum
1782 2163 1859 2203 sibi
1881 2164 2030 2206 Eccle-

192 2241 260 2282 siae
279 2237 519 2295 Anglicanae
543 2235 772 2291 primatum
798 2240 1050 2288 usurpasset,
1083 2245 1253 2270 omnem
1278 2245 1371 2269 earn
1397 2239 1646 2286 potestatem
1675 2229 1716 2268 in
1750 2228 2030 2269 Cromwelem

191 2303 514 2360 Zuvinglianum
540 2297 764 2347 transtulit,
795 2311 977 2352 eumque
1005 2294 1205 2334 vicarium
1235 2309 1356 2334 suum
1384 2293 1626 2350 generalem
1655 2293 1765 2333 circa
1799 2293 2028 2350 spiritualia

192 2368 434 2416 declaravit,
456 2363 533 2422 ipsi
553 2362 835 2404 visitationem
860 2360 1050 2401 omnium
1071 2360 1191 2416 regni
1211 2359 1500 2399 coenobiorum
1526 2357 1820 2409 cominittens3
1844 2367 1971 2414 atque
1995 2357 2029 2398 is

197 2451 219 2475 a
240 2435 465 2488 conjuncto
489 2428 584 2478 sibi,
610 2442 861 2485 prorsusque
883 2423 1174 2466 consentiente
1201 2425 1433 2464 Cranmero
1459 2422 1594 2462 amico
1619 2436 1711 2471 su0,
1736 2421 2030 2464 lustrationem

192 2514 286 2540 eam
308 2495 451 2554 peragi
475 2493 517 2534 in
541 2508 611 2534 sua
635 2489 849 2549 provincia
881 2488 993 2539 fecit,
1020 2504 1190 2529 omnem
1212 2486 1462 2545 impendens
1489 2501 1630 2527 curam
1659 2497 1704 2525 ut
1725 2486 2028 2528 ecclesiasticus

192 2564 268 2604 iste
293 2562 401 2618 regis
428 2558 630 2616 primatus
660 2555 930 2603 stabiliretur,
955 2553 997 2594 in
1020 2569 1156 2610 eoque
1176 2563 1363 2610 potestas
1382 2550 1520 2592 omnis
1539 2550 1677 2608 posita
1699 2565 1786 2592 esse
1818 2566 2024 2609 agnosce-

190 2638 320 2675 retur,
345 2638 470 2681 quam
490 2621 671 2663 Ecclesia
686 2636 709 2660 a
729 2620 820 2660 coeli
838 2621 954 2675 Rege
971 2618 1138 2658 Christo
1154 2617 1354 2667 Domino,
1383 2616 1459 2657 sibi
1483 2627 1645 2656 tantum
1669 2617 1938 2658 commissam
1953 2633 2024 2658 re-

193 2700 374 2748 ceperat.
402 2689 477 2729 Hae
494 2687 591 2743 ipsae
603 2684 857 2725 visitationes
881 2683 1191 2740 peragebantur
1209 2697 1282 2738 per
1302 2680 1656 2721 monasteriorum
1685 2681 2021 2738 suppressiones,

192 2754 517 2810 sacrilegamque
538 2750 748 2790 bonorum
764 2746 1135 2788 ecclesiasticorum
1154 2744 1527 2802 depraedatiouem,
1555 2745 1791 2802 eodemque
1811 2757 2018 2803 tempore,

191 2830 233 2861 et
267 2818 309 2858 in
340 2818 575 2858 Romanum
609 2812 856 2854 Pontificem
887 2810 1012 2861 odio,
1049 2821 1091 2851 et
1118 2809 1326 2851 habendae
1359 2808 1503 2850 alienae
1528 2809 1588 2850 rei
1618 2809 1861 2868 cupiditati,
1895 2822 2021 2867 atque

191 2882 370 2925 avaritiae
389 2879 630 2922 satisfiebat.
650 2879 708 2918 Ut
730 2888 817 2917 tum
837 2875 1041 2916 Henricus
1065 2875 1165 2915 VIII
1185 2873 1410 2925 simulavit,
1437 2873 1538 2914 nihil
1563 2874 1677 2915 aliud
1702 2875 1744 2915 in
1766 2875 2016 2916 sacramenti

189 2947 371 2990 formula
389 2942 602 3003 Episcopis
620 2940 822 3000 propositi
838 2938 1059 2992 contineri,
1087 2938 1163 2980 nisi
1186 2938 1366 2990 civilem,
1392 2950 1433 2980 et
1451 2939 1694 2982 saecularem
1711 2939 2014 2991 obedientiam,

234 3093 268 3124 1.
295 3089 400 3122 Tom.
418 3086 484 3127 IV,
502 3085 545 3118 ab
562 3096 645 3119 ann.
670 3085 759 3118 1054
778 3081 823 3115 ad
845 3082 947 3116 1171.

234 3139 268 3171 2.
296 3137 419 3170 Enarr.
456 3132 491 3166 in
508 3132 631 3178 psalm.
653 3133 731 3176 124,
751 3138 790 3162 n⁰
809 3132 844 3170 7,
867 3129 902 3161 in
922 3128 1000 3169 fin.,
1018 3135 1043 3160 t.
1062 3127 1114 3160 IV
1132 3138 1246 3172 open,
1261 3138 1341 3172 pag.
1362 3129 1464 3168 1416,
1483 3125 1564 3162 edit,
1586 3125 1739 3161 Mam—in,
