2135 3442
149 123 224 159 258
649 121 836 157 LETTRE
863 120 1174 168 ENCYCLIQUE
1203 121 1271 156 DE
1298 121 1377 156 PIE
1405 121 1478 157 IX.

148 211 250 250 nino
273 209 481 267 pertinere
505 207 818 250 meminerint².
842 209 978 250 Iidem
996 224 1097 251 vero
1118 209 1376 250 admonendi
1401 218 1539 260 erunt,
1566 219 1611 249 ut
1643 209 1685 249 in
1711 209 1793 250 suis
1822 209 1907 251 sive
1929 210 1985 252 ad

147 289 317 332 pueros,
344 272 427 314 sive
449 273 505 314 ad
523 273 727 330 reliquam
749 273 918 331 plebem
940 275 1286 315 instructionibus
1302 274 1460 314 habere
1484 273 1541 313 ob
1567 272 1712 313 oculos
1734 287 1822 314 non
1854 275 1983 315 omit-

148 349 237 379 tant
258 337 565 379 Catechismum
576 339 832 391 Romanum,
861 354 986 395 quem
1009 354 1059 380 ex
1081 338 1249 380 decreto
1273 337 1509 380 Tridentini
1530 336 1721 388 Coneilii,
1744 347 1787 377 et
1805 337 1846 380 S.
1872 338 1986 379 PiiV

148 402 396 444 immortalis
412 402 627 444 memoria¹
646 403 874 444 decessoris
896 403 1027 444 nostri
1046 405 1159 458 jussu
1184 404 1343 444 editum
1359 435 1369 455 ,
1397 401 1466 443 alii
1497 416 1624 459 porro
1650 401 1808 442 Summi
1837 401 1985 444 Ponti-

147 467 261 519 fices,
280 484 328 509 ac
355 469 605 509 nominatim
636 467 707 508 fel.
748 467 912 508 record.
947 468 1139 510 Clemens
1168 470 1271 509 XIII
1296 468 1454 509 cunctis
1479 467 1716 507 animarum
1752 466 1986 524 pastoribus

147 531 289 574 denuo
311 532 656 573 commendatum
679 531 827 582 voluit,
855 542 1056 588 tanquam
1083 553 1099 568 «
1123 531 1175 574 ad
1201 548 1427 590 pravarum
1452 530 1704 589 opinionum
1727 529 1895 572 fraudes
1915 547 1986 572 re-

154 620 171 634 «
194 597 441 647 movendas,
461 608 504 638 et
521 612 680 647 veram,
703 611 932 652 sanamque
965 596 1200 638 doctrinam
1232 596 1568 655 propagandam,
1604 593 1985 653 stabiliendamque

153 685 170 699 α
198 661 601 720 opportunissimum
625 659 898 701 subsidium2.
929 679 947 694 »

205 738 333 780 Haud
356 753 455 778 sane
477 736 751 787 mirabimini,
776 735 1049 778 Venerabiles
1067 738 1243 789 Fratres,
1273 737 1305 779 si
1334 738 1386 779 de
1411 738 1474 778 his
1508 736 1654 778 fusiori
1683 737 1988 795 aliquantulum

146 801 309 844 calamo
330 803 580 860 scripsimus.
605 802 730 842 Enim
759 816 857 842 vero
881 801 1153 858 prudentiam
1173 814 1354 843 vestram
1385 804 1559 843 minime
1595 802 1716 859 fugit,
1750 802 1987 860 periculoso

143 868 227 909 hoc
250 878 441 924 tempore
461 866 580 908 vobis
604 866 820 922 Nobisque
844 865 941 923 ipsis
961 867 1075 908 omni
1099 867 1304 908 industria
1326 879 1449 925 atque
1465 882 1610 924 opera,
1629 882 1841 924 acmagna
1857 867 1987 908 animi

144 931 341 973 firmitate
368 930 673 973 connitendum
691 940 733 971 et
755 929 1066 988 invigilandum
1085 947 1172 972 esse
1197 931 1241 971 in
1269 931 1350 972 illis
1373 932 1587 982 omnibus,
1611 947 1703 988 quse
1734 930 1911 984 scholas,
1945 943 1988 974 et

145 1012 373 1054 puerorum
400 1011 447 1036 ac
473 998 676 1050 juvenum
708 995 924 1051 utriusque
954 1011 1073 1037 sexus
1107 996 1426 1037 instructionem
1459 1008 1500 1038 et
1532 996 1828 1039 educationem
1859 998 1987 1038 attin-

145 1071 264 1118 gunt.
286 1060 428 1102 Nostis
451 1060 579 1111 enim,
598 1057 828 1100 hodiernos
843 1058 1075 1117 Religionis
1097 1061 1377 1117 humanaeque
1405 1061 1612 1103 societatis
1645 1061 1854 1111 inimicos,
1889 1061 1988 1103 dia-

144 1125 285 1167 bolico
309 1124 432 1183 plane
451 1122 619 1180 spiritu,
645 1123 689 1164 in
712 1122 755 1164 id
779 1139 872 1165 suas
896 1140 1043 1166 omnes
1072 1136 1180 1166 artes
1208 1125 1489 1178 confeire,u1
1521 1126 1727 1182 juveniles
1754 1137 1915 1168 mentes
1945 1139 1987 1169 et

145 1190 272 1231 corda
300 1206 322 1230 a
348 1205 482 1247 prima
512 1189 601 1246 ipsa
631 1199 752 1229 {etate
780 1200 1035 1246 pervertant.
1063 1188 1227 1230 Idcirco
1267 1191 1392 1230 etiam
1430 1190 1535 1231 nihil
1562 1190 1842 1242 intentatum,
1880 1192 1987 1233 nihil

143 1270 315 1312 prorsus
337 1253 531 1294 inausum
553 1253 813 1310 relinquunt,
835 1265 880 1295 ut
898 1254 1059 1296 scholas
1081 1266 1122 1296 et
1142 1253 1331 1295 instituta
1359 1254 1557 1312 quaelibet
1582 1255 1813 1310 juventutis
1834 1255 1989 1297 eduea-

162 1319 249 1359 ioni
280 1318 504 1370 destinata,
540 1319 592 1359 ab
626 1317 821 1359 Ecclesia?
862 1321 1109 1361 auctoritate
1145 1330 1187 1361 et
1223 1335 1247 1360 a
1276 1335 1489 1361 saelorum
1522 1322 1747 1362 Pastorum
1770 1320 1988 1378 vigilantia

144 1383 261 1424 omni
283 1399 335 1424 ex
353 1395 470 1441 parte
486 1383 741 1425 subducant.

200 1502 324 1543 Juxta
343 1502 432 1542 liaec
457 1501 576 1543 firma
610 1518 684 1560 spe
713 1513 1001 1544 sustentamur
1029 1503 1136 1556 fore,
1169 1513 1216 1543 ut
1247 1504 1448 1545 carissimi
1471 1503 1514 1544 in
1538 1503 1704 1544 Christo
1734 1502 1828 1544 Filii
1851 1503 1986 1545 nostri

144 1582 289 1607 omnes
312 1565 441 1607 Italiae
462 1566 676 1624 Principes
709 1567 1038 1609 fraternitatibus
1061 1567 1206 1608 vestris
1229 1568 1392 1625 potenti
1421 1568 1660 1625 patrocinio
1690 1584 1765 1609 suo
1796 1567 1983 1610 adfuturi

142 1631 240 1682 sint,
267 1646 349 1687 quo
374 1631 416 1670 in
447 1630 694 1689 supradictis
730 1632 925 1673 omnibus
957 1633 1124 1673 muneri
1156 1643 1293 1673 vestro
1322 1632 1493 1673 uberius
1522 1632 1761 1674 satisfacere
1788 1632 1984 1685 valeati53

141 1711 220 1736 nec
238 1694 493 1749 dubitamus,
523 1695 624 1752 quin
640 1695 798 1737 iidem
789 1696 867 1753 lpsi
886 1697 1135 1747 Ecclesiam,
1162 1708 1204 1737 et
1225 1697 1340 1738 0111111
1346 1709 1467 1738 atam
1487 1697 1716 1755 spiritualia
1735 1712 1862 1766 quam
1880 1708 1985 1738 tem-

141 1759 302 1830 poralia
341 1761 426 1814 ejus
455 1761 549 1814 jura
581 1759 688 1801 tueri
714 1760 861 1802 velint.
897 1760 947 1801 Id
973 1760 1146 1817 quidem
1178 1761 1372 1818 religioni
1407 1777 1647 1818 congruum
1670 1772 1747 1811 est,
1782 1761 1984 1818 avitaque

141 1824 304 1881 pietati,
329 1840 410 1894 qua
433 1840 475 1865 se
497 1823 541 1864 in
559 1824 799 1882 exemplum
825 1824 1031 1865 animatos
1051 1824 1297 1866 ostendunt.
1334 1825 1511 1866 Illorum
1541 1841 1707 1882 quoque
1735 1825 1984 1882 sapientiam

141 1904 229 1929 non
252 1889 368 1939 latet,
390 1888 509 1929 initia
532 1888 742 1929 malorum
765 1888 972 1938 omnium,
1000 1889 1153 1946 quibus
1173 1900 1394 1946 tantopere
1411 1890 1654 1947 affligimur,
1677 1905 1700 1930 a
1715 1888 1983 1931 detrimentis

141 1953 373 2010 repetenda
397 1968 498 2004 esse,
525 1969 616 2010 quae
639 1952 851 2011 Religioni
872 1953 1148 2010 Ecclesiaeque
1170 1953 1396 1995 Catholicae
1418 1953 1598 2009 jamdiu,
1625 1953 1859 2011 praesertim
1877 1969 1981 1996 vero

142 2034 165 2059 a
196 2018 525 2059 protestantium
560 2029 704 2068 aetate,
749 2018 932 2076 irrogata
966 2018 1152 2059 fuerunt.
1194 2017 1457 2075 Perspiciunt
1495 2018 1663 2069 scilicet,
1701 2034 1752 2060 ex
1788 2018 1982 2076 depressa

140 2081 288 2140 saepius
311 2098 526 2123 sacrorum
548 2082 795 2124 Antistitum
819 2083 1082 2134 auctoritate,
1104 2094 1146 2124 et
1163 2099 1215 2124 ex
1239 2094 1451 2124 crescente
1470 2083 1514 2124 in
1533 2083 1620 2125 dies
1635 2083 1865 2125 multorum
1881 2099 1982 2125 con-

142 2147 325 2188 tumacia
349 2147 391 2187 in
415 2146 566 2188 divinis
590 2159 630 2188 et
651 2147 934 2190 ecclesiasticis
954 2148 1172 2206 praeceptis
1196 2147 1369 2206 impune
1393 2148 1616 2201 violandis,
1650 2149 1808 2190 factum
1834 2147 1976 2204 fuisse,

140 2223 187 2252 ut
209 2211 468 2252 minueretur
490 2211 646 2269 pariter
663 2212 808 2270 populi
830 2212 1082 2270 obsequium
1101 2228 1198 2271 erga
1220 2211 1387 2254 civilem
1406 2224 1676 2270 potestatem,
1699 2224 1740 2254 et
1761 2211 1981 2255 hodiernis

141 2275 320 2333 publicat
343 2276 653 2332 tranquillitatis
686 2277 864 2319 inimicis
889 2277 1056 2335 planior
1083 2277 1183 2319 inde
1211 2289 1376 2336 pateret
1401 2278 1468 2319 via
1499 2279 1553 2320 ad
1578 2277 1805 2319 seditiones
1833 2289 1980 2320 contra

140 2339 376 2398 principem
402 2341 746 2383 commovendas.
771 2342 1034 2400 Perspiciunt
1055 2341 1202 2394 etiam,
1220 2358 1271 2383 ex
1295 2342 1510 2399 occupatis
1535 2358 1621 2383 non
1643 2358 1756 2395 raro,
1780 2341 1979 2400 direptis-

142 2420 238 2461 que,
262 2420 308 2445 ac
328 2405 469 2462 palam
493 2405 718 2447 divenditis
741 2407 1043 2465 temporalibus
1067 2406 1190 2448 bonis
1211 2407 1264 2447 ad
1286 2406 1517 2448 Ecclesiam
1532 2406 1721 2464 legitimo
1740 2407 1976 2465 proprieta-

141 2469 192 2510 tis
221 2471 315 2523 jure
347 2469 646 2527 spectantibus,
684 2472 922 2530 contigisse,
959 2483 1005 2513 ut
1034 2472 1303 2514 decrescente
1337 2471 1381 2511 in
1414 2470 1580 2529 populis
1611 2472 1842 2513 reverentia
1879 2487 1977 2530 erga

142 2533 420 2591 proprietates
436 2533 648 2591 religionis
670 2535 949 2577 destinatione
976 2547 1253 2589 consecratas,
1285 2535 1406 2577 multi
1441 2535 1539 2577 hinc
1574 2536 1782 2578 faciliores
1813 2537 1978 2595 praebe-

143 2609 238 2639 rent
261 2613 379 2639 aures
402 2598 686 2641 audacissimis
702 2601 800 2641 novi
822 2600 1069 2641 Socialismi
1086 2612 1129 2643 et
1154 2601 1457 2642 Communismz'
1475 2601 1762 2655 assertoribus,
1789 2601 1861 2658 qui
1877 2601 1977 2643 alias

141 2662 298 2720 pariter
322 2662 500 2703 aliorum
519 2664 797 2721 proprietates
820 2665 1015 2723 occupari
1039 2681 1086 2706 ac
1109 2664 1340 2722 dispertiri,
1366 2676 1437 2706 aut
1464 2665 1544 2706 alia
1576 2666 1719 2722 quavis
1741 2665 1908 2707 ratione
1930 2666 1974 2707 in

143 2727 336 2768 omnium
355 2744 478 2768 usum
498 2728 684 2769 converti
711 2745 833 2786 posse
863 2729 1254 2771 comminiscuntur.
1283 2729 1550 2787 Perspieiunt
1577 2729 1744 2788 insuper
1778 2730 1976 2772 recidisse

142 2792 346 2849 paulatim
369 2792 413 2833 in
436 2792 601 2833 civilem
618 2805 870 2850 potestatem
885 2793 1287 2851 impedimentailla,
1309 2794 1573 2850 qua=jamdiu
1597 2794 1817 2853 multiplici
1827 2794 1974 2836 fraude

143 2868 384 2914 comparata
407 2856 572 2898 fuerant
592 2857 645 2898 ad
668 2858 927 2899 cohibendos
949 2857 1145 2899 Ecclesiae
1170 2858 1380 2911 Pastores,
1406 2875 1459 2900 ne
1482 2875 1598 2900 sacra
1628 2875 1701 2901 sua
1725 2859 1973 2901 auctoritate

143 2921 203 2962 uti
223 2921 353 2963 libere
369 2932 556 2979 possent.
582 2922 842 2979 Perspieiunt
872 2922 1052 2979 deniqne
1075 2921 1376 2976 calamitatum,
1403 2925 1552 2981 quibus
1570 2940 1782 2982 urgemur,
1811 2922 1973 2964 nullum

193 3113 224 3143 1.
250 3108 512 3153 Tridentinum,
531 3109 620 3144 Sess.
635 3122 730 3156 xxiv,
753 3123 784 3146 c.
804 3114 837 3145 4.
856 3130 903 3136 —
917 3110 1046 3146 Bened.
1067 3110 1153 3143 XIV
1168 3111 1305 3153 Const.‚
1325 3112 1394 3144 Etsi
1411 3112 1555 3153 minime,
1575 3115 1594 3147 7
1610 3111 1697 3146 febr.
1725 3111 1828 3145 1742.

191 3159 226 3190 2.
253 3157 295 3190 In
315 3157 510 3204 Encyclieis
528 3157 664 3192 Litten's
678 3170 717 3191 ea
730 3157 773 3191 de
793 3170 828 3191 re
848 3157 893 3191 ad
911 3170 1032 3192 omnes
1046 3158 1240 3205 Episcopos
1252 3158 1339 3192 datis
1360 3162 1401 3193 14
1417 3159 1509 3205 junii
1532 3161 1638 3194 1761.
