<?xml version="1.0" encoding="UTF-8"?>
<!DOCTYPE html PUBLIC "-//W3C//DTD XHTML 1.0 Transitional//EN"
    "http://www.w3.org/TR/xhtml1/DTD/xhtml1-transitional.dtd">
<html xmlns="http://www.w3.org/1999/xhtml" xml:lang="en" lang="en">
 <head>
  <title>
</title>
<meta http-equiv="Content-Type" content="text/html;charset=utf-8" />
  <meta name='ocr-system' content='tesseract 3.04.00' />
  <meta name='ocr-capabilities' content='ocr_page ocr_carea ocr_par ocr_line ocrx_word'/>
</head>
<body>
  <div class='ocr_page' id='page_1' title='image "./recueildesallocu00cath_0358.png"; bbox 0 0 2135 3442; ppageno 0'>
   <div class='ocr_carea' id='block_1_1' title="bbox 783 229 1443 269">
    <p class='ocr_par' dir='ltr' id='par_1_1' title="bbox 783 229 1443 269">
     <span class='ocr_line' id='line_1_1' title="bbox 783 229 1443 269; baseline -0.003 -2"><span class='ocrx_word' id='word_1_1' title='bbox 783 232 900 269; x_wconf 84' lang='lat' dir='ltr'>XXII</span> <span class='ocrx_word' id='word_1_2' title='bbox 927 231 1166 268; x_wconf 83' lang='lat' dir='ltr'>JANUARII</span> <span class='ocrx_word' id='word_1_3' title='bbox 1199 229 1443 268; x_wconf 84' lang='lat' dir='ltr'><strong>MDCCCLV.</strong></span> 
     </span>
    </p>
   </div>
   <div class='ocr_carea' id='block_1_2' title="bbox 524 473 1721 681">
    <p class='ocr_par' dir='ltr' id='par_1_2' title="bbox 524 473 1721 681">
     <span class='ocr_line' id='line_1_2' title="bbox 524 473 1721 543; baseline -0.003 0"><span class='ocrx_word' id='word_1_4' title='bbox 524 475 589 543; x_wconf 91' lang='lat' dir='ltr'>S.</span> <span class='ocrx_word' id='word_1_5' title='bbox 640 474 706 542; x_wconf 91' lang='lat' dir='ltr'>S.</span> <span class='ocrx_word' id='word_1_6' title='bbox 752 475 1064 542; x_wconf 86' lang='lat' dir='ltr'>DOMINI</span> <span class='ocrx_word' id='word_1_7' title='bbox 1111 474 1426 543; x_wconf 88' lang='lat' dir='ltr'>NOSTRI</span> <span class='ocrx_word' id='word_1_8' title='bbox 1469 473 1590 540; x_wconf 91' lang='lat' dir='ltr'>PII</span> <span class='ocrx_word' id='word_1_9' title='bbox 1633 474 1721 540; x_wconf 87' lang='lat' dir='ltr'>[X</span> 
     </span>
     <span class='ocr_line' id='line_1_3' title="bbox 936 627 1306 681; baseline -0.003 -3"><span class='ocrx_word' id='word_1_10' title='bbox 936 627 1306 681; x_wconf 78' lang='lat' dir='ltr'>ALLocuTto</span> 
     </span>
    </p>
   </div>
   <div class='ocr_carea' id='block_1_3' title="bbox 610 770 1619 803">
    <p class='ocr_par' dir='ltr' id='par_1_3' title="bbox 610 770 1619 803">
     <span class='ocr_line' id='line_1_4' title="bbox 610 770 1619 803; baseline -0.002 0"><span class='ocrx_word' id='word_1_11' title='bbox 610 777 654 803; x_wconf 89' lang='lat' dir='ltr'>IN</span> <span class='ocrx_word' id='word_1_12' title='bbox 686 775 952 803; x_wconf 84' lang='lat' dir='ltr'>CONSISTORIO</span> <span class='ocrx_word' id='word_1_13' title='bbox 988 782 1037 802; x_wconf 74' lang='lat'>22</span> <span class='ocrx_word' id='word_1_14' title='bbox 1073 776 1272 803; x_wconf 80' lang='lat' dir='ltr'>JANUARII</span> <span class='ocrx_word' id='word_1_15' title='bbox 1310 770 1415 802; x_wconf 80' lang='lat'>1855</span> <span class='ocrx_word' id='word_1_16' title='bbox 1450 774 1619 801; x_wconf 54' lang='lat' dir='ltr'>HABITA,</span> 
     </span>
    </p>
   </div>
   <div class='ocr_carea' id='block_1_4' title="bbox 866 926 1371 978">
    <p class='ocr_par' dir='ltr' id='par_1_4' title="bbox 866 926 1371 978">
     <span class='ocr_line' id='line_1_5' title="bbox 866 926 1371 978; baseline 0.002 -11"><span class='ocrx_word' id='word_1_17' title='bbox 866 927 914 968; x_wconf 95' lang='lat' dir='ltr'><em>V</em></span> <span class='ocrx_word' id='word_1_18' title='bbox 911 926 1149 968; x_wconf 76' lang='lat' dir='ltr'>enerabiles</span> <span class='ocrx_word' id='word_1_19' title='bbox 1177 927 1371 978; x_wconf 76' lang='lat' dir='ltr'><strong><em>Fratres,</em></strong></span> 
     </span>
    </p>
   </div>
   <div class='ocr_carea' id='block_1_5' title="bbox 188 1043 2044 3242">
    <p class='ocr_par' dir='ltr' id='par_1_5' title="bbox 188 1043 2044 2836">
     <span class='ocr_line' id='line_1_6' title="bbox 256 1043 2043 1102; baseline -0.001 -15"><span class='ocrx_word' id='word_1_20' title='bbox 256 1046 393 1087; x_wconf 84' lang='lat' dir='ltr'>Probe</span> <span class='ocrx_word' id='word_1_21' title='bbox 421 1043 712 1097; x_wconf 79' lang='lat' dir='ltr'>memineritis,</span> <span class='ocrx_word' id='word_1_22' title='bbox 735 1043 1007 1086; x_wconf 84' lang='lat' dir='ltr'>Venerabiles</span> <span class='ocrx_word' id='word_1_23' title='bbox 1036 1046 1218 1097; x_wconf 82' lang='lat' dir='ltr'><strong>Fratres,</strong></span> <span class='ocrx_word' id='word_1_24' title='bbox 1252 1055 1409 1102; x_wconf 85' lang='lat' dir='ltr'>quanto</span> <span class='ocrx_word' id='word_1_25' title='bbox 1449 1043 1576 1084; x_wconf 87' lang='lat' dir='ltr'>animi</span> <span class='ocrx_word' id='word_1_26' title='bbox 1605 1043 1748 1084; x_wconf 77' lang='lat' dir='ltr'>Nostri</span> <span class='ocrx_word' id='word_1_27' title='bbox 1779 1058 1960 1085; x_wconf 89' lang='lat' dir='ltr'>moerore</span> <span class='ocrx_word' id='word_1_28' title='bbox 1990 1059 2043 1086; x_wconf 85' lang='lat' dir='ltr'>ex</span> 
     </span>
     <span class='ocr_line' id='line_1_7' title="bbox 195 1107 2043 1168; baseline -0.001 -16"><span class='ocrx_word' id='word_1_29' title='bbox 195 1111 277 1152; x_wconf 90' lang='grc'>1100</span> <span class='ocrx_word' id='word_1_30' title='bbox 298 1112 388 1168; x_wconf 86' lang='lat' dir='ltr'>ipso</span> <span class='ocrx_word' id='word_1_31' title='bbox 413 1110 508 1151; x_wconf 91' lang='lat' dir='ltr'>loco</span> <span class='ocrx_word' id='word_1_32' title='bbox 531 1108 753 1150; x_wconf 85' lang='lat' dir='ltr'>vobiscum</span> <span class='ocrx_word' id='word_1_33' title='bbox 775 1124 882 1166; x_wconf 75' lang='lat' dir='ltr'>saepe</span> <span class='ocrx_word' id='word_1_34' title='bbox 906 1109 1122 1150; x_wconf 88' lang='lat' dir='ltr'>lamentati</span> <span class='ocrx_word' id='word_1_35' title='bbox 1144 1110 1343 1151; x_wconf 84' lang='lat' dir='ltr'>fuerimus</span> <span class='ocrx_word' id='word_1_36' title='bbox 1363 1110 1547 1150; x_wconf 87' lang='lat' dir='ltr'>maxima</span> <span class='ocrx_word' id='word_1_37' title='bbox 1578 1124 1678 1150; x_wconf 87' lang='lat' dir='ltr'>sane</span> <span class='ocrx_word' id='word_1_38' title='bbox 1700 1107 1869 1159; x_wconf 83' lang='lat' dir='ltr'>damna,</span> <span class='ocrx_word' id='word_1_39' title='bbox 1893 1109 2043 1167; x_wconf 87' lang='lat' dir='ltr'>quibus</span> 
     </span>
     <span class='ocr_line' id='line_1_8' title="bbox 194 1172 2042 1233; baseline 0.001 -19"><span class='ocrx_word' id='word_1_40' title='bbox 194 1174 336 1233; x_wconf 88' lang='lat' dir='ltr'>plures</span> <span class='ocrx_word' id='word_1_41' title='bbox 363 1175 516 1216; x_wconf 85' lang='lat' dir='ltr'>abhinc</span> <span class='ocrx_word' id='word_1_42' title='bbox 550 1190 684 1215; x_wconf 86' lang='lat' dir='ltr'>annos</span> <span class='ocrx_word' id='word_1_43' title='bbox 713 1173 922 1215; x_wconf 86' lang='lat' dir='ltr'>catholica</span> <span class='ocrx_word' id='word_1_44' title='bbox 949 1175 1135 1215; x_wconf 80' lang='lat' dir='ltr'>Ecclesia</span> <span class='ocrx_word' id='word_1_45' title='bbox 1166 1175 1211 1215; x_wconf 90' lang='lat' dir='ltr'>in</span> <span class='ocrx_word' id='word_1_46' title='bbox 1238 1175 1469 1232; x_wconf 86' lang='lat' dir='ltr'>Subalpino</span> <span class='ocrx_word' id='word_1_47' title='bbox 1499 1176 1648 1232; x_wconf 82' lang='lat' dir='ltr'>Regno</span> <span class='ocrx_word' id='word_1_48' title='bbox 1682 1172 1969 1216; x_wconf 84' lang='lat' dir='ltr'>miserandum</span> <span class='ocrx_word' id='word_1_49' title='bbox 1999 1176 2042 1216; x_wconf 89' lang='lat' dir='ltr'>in</span> 
     </span>
     <span class='ocr_line' id='line_1_9' title="bbox 194 1238 2044 1297; baseline 0.001 -17"><span class='ocrx_word' id='word_1_50' title='bbox 194 1239 370 1280; x_wconf 88' lang='lat' dir='ltr'>modum</span> <span class='ocrx_word' id='word_1_51' title='bbox 394 1238 605 1297; x_wconf 79' lang='lat' dir='ltr'>affligitur,</span> <span class='ocrx_word' id='word_1_52' title='bbox 633 1254 680 1280; x_wconf 84' lang='lat' dir='ltr'>ac</span> <span class='ocrx_word' id='word_1_53' title='bbox 705 1238 940 1281; x_wconf 77' lang='lat' dir='ltr'>divexatur.</span> <span class='ocrx_word' id='word_1_54' title='bbox 968 1239 1139 1281; x_wconf 81' lang='lat' dir='ltr'>Nullam</span> <span class='ocrx_word' id='word_1_55' title='bbox 1163 1250 1275 1281; x_wconf 85' lang='lat' dir='ltr'>certe</span> <span class='ocrx_word' id='word_1_56' title='bbox 1299 1239 1472 1297; x_wconf 86' lang='lat' dir='ltr'>quidem</span> <span class='ocrx_word' id='word_1_57' title='bbox 1495 1238 1804 1291; x_wconf 82' lang='lat' dir='ltr'>sollicitudinis,</span> <span class='ocrx_word' id='word_1_58' title='bbox 1831 1238 1974 1290; x_wconf 90' lang='lat' dir='ltr'>studii,</span> <span class='ocrx_word' id='word_1_59' title='bbox 2002 1251 2044 1281; x_wconf 89' lang='lat' dir='ltr'>et</span> 
     </span>
     <span class='ocr_line' id='line_1_10' title="bbox 194 1302 2042 1363; baseline 0.001 -19"><span class='ocrx_word' id='word_1_60' title='bbox 194 1302 525 1362; x_wconf 79' lang='lat' dir='ltr'>longanimitatis</span> <span class='ocrx_word' id='word_1_61' title='bbox 542 1315 705 1362; x_wconf 85' lang='lat' dir='ltr'>partem</span> <span class='ocrx_word' id='word_1_62' title='bbox 721 1304 1076 1362; x_wconf 65' lang='lat' dir='ltr'>praetermisimus,</span> <span class='ocrx_word' id='word_1_63' title='bbox 1095 1316 1141 1346; x_wconf 90' lang='lat' dir='ltr'>ut</span> <span class='ocrx_word' id='word_1_64' title='bbox 1157 1320 1234 1362; x_wconf 87' lang='lat' dir='ltr'>pro</span> <span class='ocrx_word' id='word_1_65' title='bbox 1255 1304 1487 1363; x_wconf 83' lang='lat' dir='ltr'>Apostolici</span> <span class='ocrx_word' id='word_1_66' title='bbox 1502 1304 1646 1345; x_wconf 79' lang='lat' dir='ltr'>Nostri</span> <span class='ocrx_word' id='word_1_67' title='bbox 1665 1303 1886 1345; x_wconf 85' lang='lat' dir='ltr'>ministerii</span> <span class='ocrx_word' id='word_1_68' title='bbox 1902 1302 2042 1345; x_wconf 88' lang='lat' dir='ltr'>officio</span> 
     </span>
     <span class='ocr_line' id='line_1_11' title="bbox 193 1368 2038 1427; baseline 0.001 -18"><span class='ocrx_word' id='word_1_69' title='bbox 193 1379 256 1410; x_wconf 90' lang='lat' dir='ltr'>tot</span> <span class='ocrx_word' id='word_1_70' title='bbox 275 1369 396 1410; x_wconf 88' lang='lat' dir='ltr'>malis</span> <span class='ocrx_word' id='word_1_71' title='bbox 409 1369 571 1410; x_wconf 86' lang='lat' dir='ltr'>mederi</span> <span class='ocrx_word' id='word_1_72' title='bbox 592 1384 825 1427; x_wconf 83' lang='lat' dir='ltr'>possemus,</span> <span class='ocrx_word' id='word_1_73' title='bbox 839 1385 1109 1426; x_wconf 89' lang='lat' dir='ltr'>summopere</span> <span class='ocrx_word' id='word_1_74' title='bbox 1120 1380 1314 1427; x_wconf 85' lang='lat' dir='ltr'>optantes</span> <span class='ocrx_word' id='word_1_75' title='bbox 1328 1369 1485 1426; x_wconf 88' lang='lat' dir='ltr'>aliquid</span> <span class='ocrx_word' id='word_1_76' title='bbox 1502 1369 1673 1410; x_wconf 88' lang='lat' dir='ltr'>tandem</span> <span class='ocrx_word' id='word_1_77' title='bbox 1691 1368 1813 1410; x_wconf 82' lang='lat' dir='ltr'>vobis</span> <span class='ocrx_word' id='word_1_78' title='bbox 1831 1368 2038 1421; x_wconf 87' lang='lat' dir='ltr'>nuntiare,</span> 
     </span>
     <span class='ocr_line' id='line_1_12' title="bbox 193 1433 2043 1492; baseline 0.001 -18"><span class='ocrx_word' id='word_1_79' title='bbox 193 1434 309 1490; x_wconf 85' lang='lat' dir='ltr'>quod</span> <span class='ocrx_word' id='word_1_80' title='bbox 338 1434 558 1484; x_wconf 89' lang='lat' dir='ltr'>Nostrum,</span> <span class='ocrx_word' id='word_1_81' title='bbox 589 1445 858 1491; x_wconf 66' lang='lat' dir='ltr'>vestrumque</span> <span class='ocrx_word' id='word_1_82' title='bbox 900 1433 1094 1475; x_wconf 87' lang='lat' dir='ltr'>dolorem</span> <span class='ocrx_word' id='word_1_83' title='bbox 1128 1434 1266 1491; x_wconf 86' lang='lat' dir='ltr'>aliqua</span> <span class='ocrx_word' id='word_1_84' title='bbox 1301 1435 1449 1475; x_wconf 85' lang='lat' dir='ltr'>saltem</span> <span class='ocrx_word' id='word_1_85' title='bbox 1486 1450 1536 1475; x_wconf 85' lang='lat' dir='ltr'>ex</span> <span class='ocrx_word' id='word_1_86' title='bbox 1566 1444 1686 1492; x_wconf 88' lang='lat' dir='ltr'>parte</span> <span class='ocrx_word' id='word_1_87' title='bbox 1714 1433 1878 1475; x_wconf 87' lang='lat' dir='ltr'>leniret.</span> <span class='ocrx_word' id='word_1_88' title='bbox 1913 1435 2043 1475; x_wconf 81' lang='lat' dir='ltr'>Irritae</span> 
     </span>
     <span class='ocr_line' id='line_1_13' title="bbox 193 1498 2044 1557; baseline 0.001 -18"><span class='ocrx_word' id='word_1_89' title='bbox 193 1509 335 1540; x_wconf 85' lang='lat' dir='ltr'>tamen</span> <span class='ocrx_word' id='word_1_90' title='bbox 352 1499 469 1541; x_wconf 88' lang='lat' dir='ltr'>fuere</span> <span class='ocrx_word' id='word_1_91' title='bbox 486 1499 526 1540; x_wconf 92' lang='lat' dir='ltr'>N</span> <span class='ocrx_word' id='word_1_92' title='bbox 530 1510 649 1540; x_wconf 79' lang='lat' dir='ltr'>ostrae</span> <span class='ocrx_word' id='word_1_93' title='bbox 669 1514 818 1540; x_wconf 88' lang='grc'>01111165</span> <span class='ocrx_word' id='word_1_94' title='bbox 838 1498 1157 1551; x_wconf 78' lang='lat' dir='ltr'>sollicitudines,</span> <span class='ocrx_word' id='word_1_95' title='bbox 1172 1500 1360 1557; x_wconf 80' lang='lat' dir='ltr'>nihilque</span> <span class='ocrx_word' id='word_1_96' title='bbox 1374 1499 1597 1540; x_wconf 79' lang='lat' dir='ltr'>valuerunt</span> <span class='ocrx_word' id='word_1_97' title='bbox 1613 1510 1704 1539; x_wconf 89' lang='lat' dir='ltr'>tum</span> <span class='ocrx_word' id='word_1_98' title='bbox 1717 1499 1874 1540; x_wconf 85' lang='lat' dir='ltr'>iteratae</span> <span class='ocrx_word' id='word_1_99' title='bbox 1895 1514 2044 1556; x_wconf 81' lang='lat' dir='ltr'>expos-</span> 
     </span>
     <span class='ocr_line' id='line_1_14' title="bbox 193 1563 2042 1623; baseline 0.001 -19"><span class='ocrx_word' id='word_1_100' title='bbox 193 1563 418 1606; x_wconf 87' lang='lat' dir='ltr'>tulationes</span> <span class='ocrx_word' id='word_1_101' title='bbox 446 1580 521 1622; x_wconf 90' lang='lat' dir='ltr'>per</span> <span class='ocrx_word' id='word_1_102' title='bbox 547 1565 749 1606; x_wconf 89' lang='lat' dir='ltr'>Nostrum</span> <span class='ocrx_word' id='word_1_103' title='bbox 773 1563 1043 1605; x_wconf 85' lang='lat' dir='ltr'>Cardinalem</span> <span class='ocrx_word' id='word_1_104' title='bbox 1073 1581 1095 1605; x_wconf 92' lang='lat' dir='ltr'>a</span> <span class='ocrx_word' id='word_1_105' title='bbox 1124 1565 1302 1622; x_wconf 85' lang='lat' dir='ltr'>publicis</span> <span class='ocrx_word' id='word_1_106' title='bbox 1326 1566 1517 1623; x_wconf 80' lang='lat' dir='ltr'>negotiis,</span> <span class='ocrx_word' id='word_1_107' title='bbox 1550 1576 1640 1605; x_wconf 88' lang='lat' dir='ltr'>tum</span> <span class='ocrx_word' id='word_1_108' title='bbox 1670 1580 1777 1605; x_wconf 68' lang='lat' dir='ltr'>curte</span> <span class='ocrx_word' id='word_1_109' title='bbox 1804 1579 1882 1620; x_wconf 90' lang='lat' dir='ltr'>per</span> <span class='ocrx_word' id='word_1_110' title='bbox 1913 1563 2042 1605; x_wconf 87' lang='lat' dir='ltr'>alium</span> 
     </span>
     <span class='ocr_line' id='line_1_15' title="bbox 193 1628 2040 1686; baseline 0.001 -18"><span class='ocrx_word' id='word_1_111' title='bbox 193 1628 461 1670; x_wconf 86' lang='lat' dir='ltr'>Cardinalem</span> <span class='ocrx_word' id='word_1_112' title='bbox 484 1629 687 1670; x_wconf 88' lang='lat' dir='ltr'>Nostrum</span> <span class='ocrx_word' id='word_1_113' title='bbox 705 1628 1125 1685; x_wconf 86' lang='lat' dir='ltr'>Plenipotentiarium</span> <span class='ocrx_word' id='word_1_114' title='bbox 1143 1630 1357 1679; x_wconf 68' lang='lat' dir='ltr'>adhibitfe,</span> <span class='ocrx_word' id='word_1_115' title='bbox 1380 1641 1467 1669; x_wconf 84' lang='lat' dir='ltr'>tum</span> <span class='ocrx_word' id='word_1_116' title='bbox 1494 1629 1718 1669; x_wconf 82' lang='lat' dir='ltr'>familiares</span> <span class='ocrx_word' id='word_1_117' title='bbox 1737 1629 1900 1669; x_wconf 82' lang='lat' dir='ltr'>Nostrae</span> <span class='ocrx_word' id='word_1_118' title='bbox 1936 1630 2040 1686; x_wconf 83' lang='lat' dir='ltr'>Epi-</span> 
     </span>
     <span class='ocr_line' id='line_1_16' title="bbox 192 1692 2038 1751; baseline 0 -17"><span class='ocrx_word' id='word_1_119' title='bbox 192 1693 287 1734; x_wconf 75' lang='lat' dir='ltr'>tolae</span> <span class='ocrx_word' id='word_1_120' title='bbox 303 1693 356 1734; x_wconf 87' lang='lat' dir='ltr'>ad</span> <span class='ocrx_word' id='word_1_121' title='bbox 377 1692 638 1734; x_wconf 83' lang='lat' dir='ltr'>carissimum</span> <span class='ocrx_word' id='word_1_122' title='bbox 656 1693 699 1733; x_wconf 89' lang='lat' dir='ltr'>in</span> <span class='ocrx_word' id='word_1_123' title='bbox 718 1693 883 1734; x_wconf 86' lang='lat' dir='ltr'>Christo</span> <span class='ocrx_word' id='word_1_124' title='bbox 904 1692 1058 1733; x_wconf 82' lang='lat' dir='ltr'>Filium</span> <span class='ocrx_word' id='word_1_125' title='bbox 1072 1693 1272 1734; x_wconf 86' lang='lat' dir='ltr'>Nostrum</span> <span class='ocrx_word' id='word_1_126' title='bbox 1293 1693 1494 1734; x_wconf 79' lang='lat' dir='ltr'>Sardiniae</span> <span class='ocrx_word' id='word_1_127' title='bbox 1515 1695 1674 1751; x_wconf 76' lang='lat' dir='ltr'>Regem</span> <span class='ocrx_word' id='word_1_128' title='bbox 1694 1693 1899 1734; x_wconf 84' lang='lat' dir='ltr'>illustrem</span> <span class='ocrx_word' id='word_1_129' title='bbox 1916 1693 2038 1735; x_wconf 65' lang='lat' dir='ltr'>datm.</span> 
     </span>
     <span class='ocr_line' id='line_1_17' title="bbox 190 1756 2041 1816; baseline -0.001 -17"><span class='ocrx_word' id='word_1_130' title='bbox 190 1758 385 1816; x_wconf 83' lang='lat' dir='ltr'>Namque</span> <span class='ocrx_word' id='word_1_131' title='bbox 412 1773 561 1799; x_wconf 89' lang='grc'>01111165</span> <span class='ocrx_word' id='word_1_132' title='bbox 584 1768 744 1798; x_wconf 87' lang='lat' dir='ltr'>norunt</span> <span class='ocrx_word' id='word_1_133' title='bbox 767 1756 948 1815; x_wconf 87' lang='lat' dir='ltr'>plurima</span> <span class='ocrx_word' id='word_1_134' title='bbox 972 1758 1094 1808; x_wconf 88' lang='lat' dir='ltr'>facta,</span> <span class='ocrx_word' id='word_1_135' title='bbox 1122 1769 1246 1814; x_wconf 84' lang='lat' dir='ltr'>atque</span> <span class='ocrx_word' id='word_1_136' title='bbox 1271 1758 1455 1809; x_wconf 80' lang='lat' dir='ltr'>decreta,</span> <span class='ocrx_word' id='word_1_137' title='bbox 1479 1759 1629 1815; x_wconf 89' lang='lat' dir='ltr'>quibus</span> <span class='ocrx_word' id='word_1_138' title='bbox 1650 1757 1755 1798; x_wconf 89' lang='lat' dir='ltr'>illud</span> <span class='ocrx_word' id='word_1_139' title='bbox 1776 1756 2041 1800; x_wconf 87' lang='lat' dir='ltr'>Gubernium</span> 
     </span>
     <span class='ocr_line' id='line_1_18' title="bbox 191 1822 2042 1880; baseline 0.001 -17"><span class='ocrx_word' id='word_1_140' title='bbox 191 1837 287 1863; x_wconf 88' lang='lat' dir='ltr'>cum</span> <span class='ocrx_word' id='word_1_141' title='bbox 325 1838 489 1863; x_wconf 88' lang='lat' dir='ltr'>summo</span> <span class='ocrx_word' id='word_1_142' title='bbox 529 1823 745 1863; x_wconf 90' lang='lat' dir='ltr'>bonorum</span> <span class='ocrx_word' id='word_1_143' title='bbox 789 1824 981 1863; x_wconf 88' lang='lat' dir='ltr'>omnium</span> <span class='ocrx_word' id='word_1_144' title='bbox 1012 1822 1126 1863; x_wconf 85' lang='lat' dir='ltr'>luctu</span> <span class='ocrx_word' id='word_1_145' title='bbox 1161 1834 1201 1864; x_wconf 86' lang='lat' dir='ltr'>et</span> <span class='ocrx_word' id='word_1_146' title='bbox 1238 1823 1546 1880; x_wconf 81' lang='lat' dir='ltr'>indignatione,</span> <span class='ocrx_word' id='word_1_147' title='bbox 1585 1823 1792 1863; x_wconf 86' lang='lat' dir='ltr'>solemnes</span> <span class='ocrx_word' id='word_1_148' title='bbox 1828 1838 1926 1864; x_wconf 89' lang='lat' dir='ltr'>cum</span> <span class='ocrx_word' id='word_1_149' title='bbox 1962 1822 2042 1864; x_wconf 87' lang='lat' dir='ltr'>hac</span> 
     </span>
     <span class='ocr_line' id='line_1_19' title="bbox 192 1885 2041 1945; baseline 0.001 -17"><span class='ocrx_word' id='word_1_150' title='bbox 192 1887 436 1944; x_wconf 85' lang='lat' dir='ltr'>Apostolica</span> <span class='ocrx_word' id='word_1_151' title='bbox 457 1886 565 1928; x_wconf 87' lang='lat' dir='ltr'>Sede</span> <span class='ocrx_word' id='word_1_152' title='bbox 589 1885 711 1928; x_wconf 85' lang='lat' dir='ltr'>initas</span> <span class='ocrx_word' id='word_1_153' title='bbox 732 1887 1047 1928; x_wconf 72' lang='lat' dir='ltr'>Conventiones</span> <span class='ocrx_word' id='word_1_154' title='bbox 1065 1887 1190 1945; x_wconf 83' lang='lat' dir='ltr'>plane</span> <span class='ocrx_word' id='word_1_155' title='bbox 1209 1899 1502 1944; x_wconf 76' lang='lat' dir='ltr'>contemnens,</span> <span class='ocrx_word' id='word_1_156' title='bbox 1521 1903 1607 1927; x_wconf 89' lang='lat' dir='ltr'>non</span> <span class='ocrx_word' id='word_1_157' title='bbox 1629 1887 1837 1929; x_wconf 83' lang='lat' dir='ltr'>dubitavit</span> <span class='ocrx_word' id='word_1_158' title='bbox 1854 1886 2041 1945; x_wconf 87' lang='lat' dir='ltr'>quotidie</span> 
     </span>
     <span class='ocr_line' id='line_1_20' title="bbox 190 1951 2042 2010; baseline 0.002 -19"><span class='ocrx_word' id='word_1_159' title='bbox 190 1951 323 2009; x_wconf 85' lang='lat' dir='ltr'>magis</span> <span class='ocrx_word' id='word_1_160' title='bbox 349 1963 391 1993; x_wconf 87' lang='lat' dir='ltr'>et</span> <span class='ocrx_word' id='word_1_161' title='bbox 418 1967 558 1992; x_wconf 81' lang='lat' dir='ltr'>sacros</span> <span class='ocrx_word' id='word_1_162' title='bbox 580 1951 812 2001; x_wconf 85' lang='lat' dir='ltr'>Ministros,</span> <span class='ocrx_word' id='word_1_163' title='bbox 839 1963 880 1992; x_wconf 91' lang='lat' dir='ltr'>et</span> <span class='ocrx_word' id='word_1_164' title='bbox 901 1952 1149 2010; x_wconf 84' lang='lat' dir='ltr'>Episcopos,</span> <span class='ocrx_word' id='word_1_165' title='bbox 1176 1952 1488 2010; x_wconf 72' lang='lat' dir='ltr'>Religiosasque</span> <span class='ocrx_word' id='word_1_166' title='bbox 1521 1951 1717 1993; x_wconf 86' lang='lat' dir='ltr'>Familias</span> <span class='ocrx_word' id='word_1_167' title='bbox 1741 1953 1968 2010; x_wconf 81' lang='lat' dir='ltr'>exagitare,</span> <span class='ocrx_word' id='word_1_168' title='bbox 2001 1963 2042 1994; x_wconf 90' lang='lat' dir='ltr'>et</span> 
     </span>
     <span class='ocr_line' id='line_1_21' title="bbox 189 2015 2039 2073; baseline 0.002 -17"><span class='ocrx_word' id='word_1_169' title='bbox 189 2015 384 2058; x_wconf 59' lang='lat' dir='ltr'>Ecclesia*</span> <span class='ocrx_word' id='word_1_170' title='bbox 405 2015 735 2069; x_wconf 85' lang='lat' dir='ltr'>immunitatem,</span> <span class='ocrx_word' id='word_1_171' title='bbox 757 2016 1012 2069; x_wconf 86' lang='lat' dir='ltr'>libertatem,</span> <span class='ocrx_word' id='word_1_172' title='bbox 1038 2019 1209 2073; x_wconf 84' lang='lat' dir='ltr'>ejusque</span> <span class='ocrx_word' id='word_1_173' title='bbox 1228 2017 1469 2058; x_wconf 78' lang='lat' dir='ltr'>veneranda</span> <span class='ocrx_word' id='word_1_174' title='bbox 1487 2018 1579 2072; x_wconf 82' lang='lat' dir='ltr'>jura</span> <span class='ocrx_word' id='word_1_175' title='bbox 1602 2017 1770 2071; x_wconf 82' lang='lat' dir='ltr'>laedere,</span> <span class='ocrx_word' id='word_1_176' title='bbox 1791 2016 1967 2069; x_wconf 84' lang='lat' dir='ltr'>violare,</span> <span class='ocrx_word' id='word_1_177' title='bbox 1991 2033 2039 2059; x_wconf 83' lang='lat' dir='ltr'>ac</span> 
     </span>
     <span class='ocr_line' id='line_1_22' title="bbox 188 2080 2040 2139; baseline 0.001 -18"><span class='ocrx_word' id='word_1_178' title='bbox 188 2081 303 2121; x_wconf 90' lang='lat' dir='ltr'>bona</span> <span class='ocrx_word' id='word_1_179' title='bbox 329 2096 547 2137; x_wconf 86' lang='lat' dir='ltr'>usurpare,</span> <span class='ocrx_word' id='word_1_180' title='bbox 578 2092 620 2122; x_wconf 89' lang='lat' dir='ltr'>et</span> <span class='ocrx_word' id='word_1_181' title='bbox 645 2080 906 2139; x_wconf 81' lang='lat' dir='ltr'>gravissimas</span> <span class='ocrx_word' id='word_1_182' title='bbox 935 2081 1072 2122; x_wconf 89' lang='lat' dir='ltr'>eidem</span> <span class='ocrx_word' id='word_1_183' title='bbox 1101 2080 1296 2122; x_wconf 79' lang='lat' dir='ltr'>Ecclesiae</span> <span class='ocrx_word' id='word_1_184' title='bbox 1327 2097 1373 2121; x_wconf 92' lang='lat' dir='ltr'>ac</span> <span class='ocrx_word' id='word_1_185' title='bbox 1399 2082 1612 2139; x_wconf 76' lang='lat' dir='ltr'>Supremae</span> <span class='ocrx_word' id='word_1_186' title='bbox 1644 2082 1822 2132; x_wconf 61' lang='lat' dir='ltr'>Nostrae,</span> <span class='ocrx_word' id='word_1_187' title='bbox 1849 2092 1890 2122; x_wconf 87' lang='lat' dir='ltr'>et</span> <span class='ocrx_word' id='word_1_188' title='bbox 1916 2082 2040 2137; x_wconf 90' lang='lat' dir='ltr'>hujus</span> 
     </span>
     <span class='ocr_line' id='line_1_23' title="bbox 189 2145 2037 2205; baseline 0.001 -19"><span class='ocrx_word' id='word_1_189' title='bbox 189 2146 350 2186; x_wconf 65' lang='lat' dir='ltr'>Sancta?</span> <span class='ocrx_word' id='word_1_190' title='bbox 370 2145 489 2186; x_wconf 86' lang='lat' dir='ltr'>Sedis</span> <span class='ocrx_word' id='word_1_191' title='bbox 513 2146 752 2187; x_wconf 85' lang='lat' dir='ltr'>auctoritati</span> <span class='ocrx_word' id='word_1_192' title='bbox 771 2147 943 2202; x_wconf 87' lang='lat' dir='ltr'>injurias</span> <span class='ocrx_word' id='word_1_193' title='bbox 966 2146 1138 2199; x_wconf 84' lang='lat' dir='ltr'>inferre,</span> <span class='ocrx_word' id='word_1_194' title='bbox 1159 2162 1335 2203; x_wconf 87' lang='lat' dir='ltr'>eamque</span> <span class='ocrx_word' id='word_1_195' title='bbox 1353 2147 1477 2203; x_wconf 88' lang='lat' dir='ltr'>plane</span> <span class='ocrx_word' id='word_1_196' title='bbox 1499 2146 1728 2205; x_wconf 78' lang='lat' dir='ltr'>despicere.</span> <span class='ocrx_word' id='word_1_197' title='bbox 1751 2146 1897 2204; x_wconf 88' lang='lat' dir='ltr'>Nuper</span> <span class='ocrx_word' id='word_1_198' title='bbox 1918 2162 2037 2199; x_wconf 84' lang='lat' dir='ltr'>vero,</span> 
     </span>
     <span class='ocr_line' id='line_1_24' title="bbox 188 2210 2038 2269; baseline 0.001 -18"><span class='ocrx_word' id='word_1_199' title='bbox 188 2221 234 2251; x_wconf 87' lang='lat' dir='ltr'>ut</span> <span class='ocrx_word' id='word_1_200' title='bbox 253 2211 383 2260; x_wconf 86' lang='lat' dir='ltr'>scitis,</span> <span class='ocrx_word' id='word_1_201' title='bbox 413 2211 493 2251; x_wconf 86' lang='lat' dir='ltr'>alia</span> <span class='ocrx_word' id='word_1_202' title='bbox 525 2211 568 2251; x_wconf 93' lang='lat' dir='ltr'>in</span> <span class='ocrx_word' id='word_1_203' title='bbox 592 2210 735 2252; x_wconf 88' lang='lat' dir='ltr'>medio</span> <span class='ocrx_word' id='word_1_204' title='bbox 768 2212 904 2269; x_wconf 85' lang='lat' dir='ltr'>posita</span> <span class='ocrx_word' id='word_1_205' title='bbox 927 2211 994 2252; x_wconf 80' lang='lat' dir='ltr'>lex</span> <span class='ocrx_word' id='word_1_206' title='bbox 1023 2222 1084 2252; x_wconf 87' lang='lat' dir='ltr'>est</span> <span class='ocrx_word' id='word_1_207' title='bbox 1107 2212 1172 2253; x_wconf 86' lang='lat' dir='ltr'>vel</span> <span class='ocrx_word' id='word_1_208' title='bbox 1199 2210 1277 2269; x_wconf 87' lang='lat' dir='ltr'>ipsi</span> <span class='ocrx_word' id='word_1_209' title='bbox 1300 2211 1496 2264; x_wconf 81' lang='lat' dir='ltr'>naturali,</span> <span class='ocrx_word' id='word_1_210' title='bbox 1525 2211 1683 2265; x_wconf 74' lang='lat' dir='ltr'>divino,</span> <span class='ocrx_word' id='word_1_211' title='bbox 1719 2222 1760 2252; x_wconf 86' lang='lat' dir='ltr'>et</span> <span class='ocrx_word' id='word_1_212' title='bbox 1786 2211 1929 2253; x_wconf 89' lang='lat' dir='ltr'>sociali</span> <span class='ocrx_word' id='word_1_213' title='bbox 1955 2213 2038 2267; x_wconf 88' lang='lat' dir='ltr'>juri</span> 
     </span>
     <span class='ocr_line' id='line_1_25' title="bbox 188 2276 2037 2334; baseline 0.002 -20"><span class='ocrx_word' id='word_1_214' title='bbox 188 2276 364 2315; x_wconf 89' lang='lat' dir='ltr'>omniuo</span> <span class='ocrx_word' id='word_1_215' title='bbox 388 2290 644 2333; x_wconf 84' lang='lat' dir='ltr'>repugnans,</span> <span class='ocrx_word' id='word_1_216' title='bbox 664 2287 704 2316; x_wconf 86' lang='lat' dir='ltr'>et</span> <span class='ocrx_word' id='word_1_217' title='bbox 722 2276 918 2317; x_wconf 79' lang='lat' dir='ltr'>humanae</span> <span class='ocrx_word' id='word_1_218' title='bbox 942 2276 1150 2317; x_wconf 81' lang='lat' dir='ltr'>societatis</span> <span class='ocrx_word' id='word_1_219' title='bbox 1170 2277 1288 2317; x_wconf 88' lang='lat' dir='ltr'>bono</span> <span class='ocrx_word' id='word_1_220' title='bbox 1310 2277 1376 2317; x_wconf 78' lang='lat' dir='ltr'>vel</span> <span class='ocrx_word' id='word_1_221' title='bbox 1397 2277 1579 2317; x_wconf 83' lang='lat' dir='ltr'>maxime</span> <span class='ocrx_word' id='word_1_222' title='bbox 1605 2276 1779 2317; x_wconf 82' lang='lat' dir='ltr'>adversa</span> <span class='ocrx_word' id='word_1_223' title='bbox 1794 2309 1805 2330; x_wconf 90' lang='lat'>,</span> <span class='ocrx_word' id='word_1_224' title='bbox 1829 2292 1877 2317; x_wconf 86' lang='lat' dir='ltr'>ac</span> <span class='ocrx_word' id='word_1_225' title='bbox 1892 2278 2037 2334; x_wconf 89' lang='lat' dir='ltr'>perni-</span> 
     </span>
     <span class='ocr_line' id='line_1_26' title="bbox 188 2338 2034 2400; baseline 0.002 -21"><span class='ocrx_word' id='word_1_226' title='bbox 188 2338 424 2380; x_wconf 86' lang='lat' dir='ltr'>ciosissimis</span> <span class='ocrx_word' id='word_1_227' title='bbox 446 2340 820 2398; x_wconf 80' lang='lat' dir='ltr'>funestissimisque</span> <span class='ocrx_word' id='word_1_228' title='bbox 844 2341 1082 2382; x_wconf 75' lang='lat' dir='ltr'>socialismz·</span> <span class='ocrx_word' id='word_1_229' title='bbox 1110 2353 1151 2382; x_wconf 89' lang='lat' dir='ltr'>et</span> <span class='ocrx_word' id='word_1_230' title='bbox 1178 2347 1468 2382; x_wconf 74' lang='lat' dir='ltr'>eommunismi</span> <span class='ocrx_word' id='word_1_231' title='bbox 1488 2342 1700 2382; x_wconf 80' lang='lat' dir='ltr'>erroribus</span> <span class='ocrx_word' id='word_1_232' title='bbox 1720 2342 1845 2400; x_wconf 88' lang='lat' dir='ltr'>plane</span> <span class='ocrx_word' id='word_1_233' title='bbox 1872 2341 2034 2396; x_wconf 84' lang='lat' dir='ltr'>favens,</span> 
     </span>
     <span class='ocr_line' id='line_1_27' title="bbox 190 2403 2036 2465; baseline 0.003 -22"><span class='ocrx_word' id='word_1_234' title='bbox 190 2403 402 2460; x_wconf 84' lang='lat' dir='ltr'>quainter</span> <span class='ocrx_word' id='word_1_235' title='bbox 429 2404 509 2445; x_wconf 87' lang='lat' dir='ltr'>alia</span> <span class='ocrx_word' id='word_1_236' title='bbox 534 2406 802 2463; x_wconf 84' lang='lat' dir='ltr'>proponitur,</span> <span class='ocrx_word' id='word_1_237' title='bbox 828 2417 874 2446; x_wconf 87' lang='lat' dir='ltr'>ut</span> <span class='ocrx_word' id='word_1_238' title='bbox 903 2421 1053 2448; x_wconf 90' lang='lat' dir='ltr'>omnes</span> <span class='ocrx_word' id='word_1_239' title='bbox 1081 2405 1170 2448; x_wconf 87' lang='lat' dir='ltr'>fere</span> <span class='ocrx_word' id='word_1_240' title='bbox 1198 2407 1458 2460; x_wconf 74' lang='lat' dir='ltr'>Monasticoe,</span> <span class='ocrx_word' id='word_1_241' title='bbox 1486 2405 1794 2464; x_wconf 73' lang='lat' dir='ltr'>Religiosaeque</span> <span class='ocrx_word' id='word_1_242' title='bbox 1821 2407 2036 2465; x_wconf 86' lang='lat' dir='ltr'>utriusque</span> 
     </span>
     <span class='ocr_line' id='line_1_28' title="bbox 189 2468 2038 2529; baseline 0.002 -20"><span class='ocrx_word' id='word_1_243' title='bbox 189 2483 310 2510; x_wconf 84' lang='lat' dir='ltr'>sexus</span> <span class='ocrx_word' id='word_1_244' title='bbox 329 2469 362 2509; x_wconf 91' lang='lat' dir='ltr'>F</span> <span class='ocrx_word' id='word_1_245' title='bbox 366 2468 531 2519; x_wconf 72' lang='lat' dir='ltr'>amiliae,</span> <span class='ocrx_word' id='word_1_246' title='bbox 554 2482 595 2510; x_wconf 89' lang='lat' dir='ltr'>et</span> <span class='ocrx_word' id='word_1_247' title='bbox 617 2470 855 2529; x_wconf 78' lang='lat' dir='ltr'>Collegiatae</span> <span class='ocrx_word' id='word_1_248' title='bbox 878 2471 1087 2523; x_wconf 79' lang='lat' dir='ltr'>Ecclesiae,</span> <span class='ocrx_word' id='word_1_249' title='bbox 1115 2488 1162 2513; x_wconf 85' lang='lat' dir='ltr'>ac</span> <span class='ocrx_word' id='word_1_250' title='bbox 1182 2472 1390 2512; x_wconf 85' lang='lat' dir='ltr'>Beneficia</span> <span class='ocrx_word' id='word_1_251' title='bbox 1411 2470 1613 2528; x_wconf 82' lang='lat' dir='ltr'>simplicia</span> <span class='ocrx_word' id='word_1_252' title='bbox 1635 2472 1762 2512; x_wconf 87' lang='lat' dir='ltr'>etiam</span> <span class='ocrx_word' id='word_1_253' title='bbox 1777 2470 1880 2526; x_wconf 85' lang='lat' dir='ltr'>juris</span> <span class='ocrx_word' id='word_1_254' title='bbox 1892 2481 2038 2529; x_wconf 87' lang='lat' dir='ltr'>patro·</span> 
     </span>
     <span class='ocr_line' id='line_1_29' title="bbox 188 2533 2035 2594; baseline 0.002 -20"><span class='ocrx_word' id='word_1_255' title='bbox 188 2544 309 2574; x_wconf 87' lang='lat' dir='ltr'>natus</span> <span class='ocrx_word' id='word_1_256' title='bbox 327 2533 429 2591; x_wconf 84' lang='lat' dir='ltr'>regii</span> <span class='ocrx_word' id='word_1_257' title='bbox 445 2536 610 2591; x_wconf 88' lang='lat' dir='ltr'>penitus</span> <span class='ocrx_word' id='word_1_258' title='bbox 631 2535 946 2594; x_wconf 80' lang='lat' dir='ltr'>extinguantur,</span> <span class='ocrx_word' id='word_1_259' title='bbox 972 2547 1101 2593; x_wconf 89' lang='lat' dir='ltr'>utque</span> <span class='ocrx_word' id='word_1_260' title='bbox 1113 2536 1282 2577; x_wconf 88' lang='lat' dir='ltr'>illorum</span> <span class='ocrx_word' id='word_1_261' title='bbox 1302 2536 1430 2586; x_wconf 87' lang='lat' dir='ltr'>bona,</span> <span class='ocrx_word' id='word_1_262' title='bbox 1446 2546 1487 2575; x_wconf 89' lang='lat' dir='ltr'>et</span> <span class='ocrx_word' id='word_1_263' title='bbox 1504 2535 1663 2577; x_wconf 81' lang='lat' dir='ltr'>reditus</span> <span class='ocrx_word' id='word_1_264' title='bbox 1677 2535 1806 2577; x_wconf 87' lang='lat' dir='ltr'>civilis</span> <span class='ocrx_word' id='word_1_265' title='bbox 1818 2537 2035 2594; x_wconf 88' lang='lat' dir='ltr'>potestatis</span> 
     </span>
     <span class='ocr_line' id='line_1_30' title="bbox 188 2598 2034 2659; baseline 0.001 -20"><span class='ocrx_word' id='word_1_266' title='bbox 188 2598 539 2640; x_wconf 82' lang='lat' dir='ltr'>administrationi</span> <span class='ocrx_word' id='word_1_267' title='bbox 558 2611 598 2640; x_wconf 89' lang='lat' dir='ltr'>et</span> <span class='ocrx_word' id='word_1_268' title='bbox 612 2601 786 2642; x_wconf 88' lang='lat' dir='ltr'>arbitrio</span> <span class='ocrx_word' id='word_1_269' title='bbox 803 2601 1091 2656; x_wconf 83' lang='lat' dir='ltr'>subjiciantur,</span> <span class='ocrx_word' id='word_1_270' title='bbox 1109 2612 1150 2642; x_wconf 85' lang='lat' dir='ltr'>et</span> <span class='ocrx_word' id='word_1_271' title='bbox 1163 2600 1441 2642; x_wconf 73' lang='lat' dir='ltr'>vindicentur.</span> <span class='ocrx_word' id='word_1_272' title='bbox 1466 2601 1641 2658; x_wconf 85' lang='lat' dir='ltr'>Insuper</span> <span class='ocrx_word' id='word_1_273' title='bbox 1656 2600 1805 2642; x_wconf 88' lang='lat' dir='ltr'>eadem</span> <span class='ocrx_word' id='word_1_274' title='bbox 1817 2601 2034 2659; x_wconf 87' lang='lat' dir='ltr'>proposita</span> 
     </span>
     <span class='ocr_line' id='line_1_31' title="bbox 189 2663 2033 2723; baseline 0.002 -19"><span class='ocrx_word' id='word_1_275' title='bbox 189 2663 282 2721; x_wconf 84' lang='lat' dir='ltr'>lege</span> <span class='ocrx_word' id='word_1_276' title='bbox 322 2663 565 2704; x_wconf 81' lang='lat' dir='ltr'>attribuitur</span> <span class='ocrx_word' id='word_1_277' title='bbox 599 2665 712 2705; x_wconf 83' lang='lat' dir='ltr'>laicae</span> <span class='ocrx_word' id='word_1_278' title='bbox 746 2666 943 2722; x_wconf 84' lang='lat' dir='ltr'>potestati</span> <span class='ocrx_word' id='word_1_279' title='bbox 977 2667 1203 2707; x_wconf 88' lang='lat' dir='ltr'>auctoritas</span> <span class='ocrx_word' id='word_1_280' title='bbox 1235 2665 1532 2722; x_wconf 71' lang='lat' dir='ltr'>prcescribendi</span> <span class='ocrx_word' id='word_1_281' title='bbox 1569 2666 1848 2716; x_wconf 85' lang='lat' dir='ltr'>conditiones,</span> <span class='ocrx_word' id='word_1_282' title='bbox 1882 2666 2033 2723; x_wconf 86' lang='lat' dir='ltr'>quibus</span> 
     </span>
     <span class='ocr_line' id='line_1_32' title="bbox 188 2728 2030 2787; baseline 0.002 -18"><span class='ocrx_word' id='word_1_283' title='bbox 188 2728 360 2785; x_wconf 80' lang='lat' dir='ltr'>reliquae</span> <span class='ocrx_word' id='word_1_284' title='bbox 390 2728 607 2786; x_wconf 74' lang='lat' dir='ltr'>Religiosae</span> <span class='ocrx_word' id='word_1_285' title='bbox 631 2731 663 2770; x_wconf 89' lang='lat' dir='ltr'>F</span> <span class='ocrx_word' id='word_1_286' title='bbox 667 2730 831 2782; x_wconf 75' lang='lat' dir='ltr'>amiliae,</span> <span class='ocrx_word' id='word_1_287' title='bbox 859 2746 950 2787; x_wconf 85' lang='lat' dir='ltr'>quae</span> <span class='ocrx_word' id='word_1_288' title='bbox 975 2730 1027 2771; x_wconf 92' lang='lat' dir='ltr'>de</span> <span class='ocrx_word' id='word_1_289' title='bbox 1047 2730 1190 2772; x_wconf 88' lang='lat' dir='ltr'>medio</span> <span class='ocrx_word' id='word_1_290' title='bbox 1218 2731 1392 2771; x_wconf 88' lang='lat' dir='ltr'>minime</span> <span class='ocrx_word' id='word_1_291' title='bbox 1419 2729 1577 2771; x_wconf 83' lang='lat' dir='ltr'>fuerint</span> <span class='ocrx_word' id='word_1_292' title='bbox 1600 2731 1789 2783; x_wconf 78' lang='lat' dir='ltr'>sublatae,</span> <span class='ocrx_word' id='word_1_293' title='bbox 1812 2731 2030 2787; x_wconf 88' lang='lat' dir='ltr'>subjacere</span> 
     </span>
     <span class='ocr_line' id='line_1_33' title="bbox 191 2793 390 2836; baseline 0 -1"><span class='ocrx_word' id='word_1_294' title='bbox 191 2793 390 2836; x_wconf 86' lang='lat' dir='ltr'>debeant.</span> 
     </span>
    </p>

    <p class='ocr_par' dir='ltr' id='par_1_6' title="bbox 191 2858 2029 3242">
     <span class='ocr_line' id='line_1_34' title="bbox 250 2858 2029 2918; baseline 0 -18"><span class='ocrx_word' id='word_1_295' title='bbox 250 2858 459 2916; x_wconf 89' lang='lat' dir='ltr'>Equidem</span> <span class='ocrx_word' id='word_1_296' title='bbox 481 2858 614 2900; x_wconf 90' lang='lat' dir='ltr'>Nobis</span> <span class='ocrx_word' id='word_1_297' title='bbox 642 2860 770 2901; x_wconf 86' lang='lat' dir='ltr'>verba</span> <span class='ocrx_word' id='word_1_298' title='bbox 798 2859 951 2901; x_wconf 89' lang='lat' dir='ltr'>desunt</span> <span class='ocrx_word' id='word_1_299' title='bbox 985 2860 1039 2902; x_wconf 88' lang='lat' dir='ltr'>ad</span> <span class='ocrx_word' id='word_1_300' title='bbox 1071 2860 1365 2917; x_wconf 81' lang='lat' dir='ltr'>explicandam</span> <span class='ocrx_word' id='word_1_301' title='bbox 1403 2860 1742 2911; x_wconf 86' lang='lat' dir='ltr'>amaritudinem,</span> <span class='ocrx_word' id='word_1_302' title='bbox 1771 2875 1854 2918; x_wconf 89' lang='lat' dir='ltr'>qua</span> <span class='ocrx_word' id='word_1_303' title='bbox 1882 2859 2029 2900; x_wconf 86' lang='lat' dir='ltr'>intime</span> 
     </span>
     <span class='ocr_line' id='line_1_35' title="bbox 191 2923 2023 2983; baseline 0.001 -19"><span class='ocrx_word' id='word_1_304' title='bbox 191 2923 452 2975; x_wconf 89' lang='lat' dir='ltr'>conficimur,</span> <span class='ocrx_word' id='word_1_305' title='bbox 472 2939 568 2965; x_wconf 85' lang='lat' dir='ltr'>cum</span> <span class='ocrx_word' id='word_1_306' title='bbox 588 2924 802 2965; x_wconf 80' lang='lat' dir='ltr'>videamus</span> <span class='ocrx_word' id='word_1_307' title='bbox 826 2936 890 2965; x_wconf 87' lang='lat' dir='ltr'>tot</span> <span class='ocrx_word' id='word_1_308' title='bbox 909 2924 978 2966; x_wconf 82' lang='lat' dir='ltr'>vix</span> <span class='ocrx_word' id='word_1_309' title='bbox 998 2925 1230 2976; x_wconf 89' lang='lat' dir='ltr'>credibilia,</span> <span class='ocrx_word' id='word_1_310' title='bbox 1254 2926 1465 2983; x_wconf 88' lang='lat' dir='ltr'>planeque</span> <span class='ocrx_word' id='word_1_311' title='bbox 1479 2927 1690 2967; x_wconf 87' lang='lat' dir='ltr'>teterrima</span> <span class='ocrx_word' id='word_1_312' title='bbox 1705 2924 1832 2966; x_wconf 86' lang='lat' dir='ltr'>fuisse</span> <span class='ocrx_word' id='word_1_313' title='bbox 1847 2935 2023 2983; x_wconf 83' lang='lat' dir='ltr'>patrata,</span> 
     </span>
     <span class='ocr_line' id='line_1_36' title="bbox 193 2988 2026 3047; baseline -0.001 -18"><span class='ocrx_word' id='word_1_314' title='bbox 193 2999 316 3046; x_wconf 88' lang='lat' dir='ltr'>atque</span> <span class='ocrx_word' id='word_1_315' title='bbox 330 2990 373 3029; x_wconf 87' lang='lat' dir='ltr'>in</span> <span class='ocrx_word' id='word_1_316' title='bbox 389 2989 476 3030; x_wconf 88' lang='lat' dir='ltr'>dies</span> <span class='ocrx_word' id='word_1_317' title='bbox 486 2988 642 3046; x_wconf 85' lang='lat' dir='ltr'>patrari</span> <span class='ocrx_word' id='word_1_318' title='bbox 656 3000 802 3030; x_wconf 85' lang='lat' dir='ltr'>contra</span> <span class='ocrx_word' id='word_1_319' title='bbox 814 2990 1059 3039; x_wconf 83' lang='lat' dir='ltr'>Ecclesiam,</span> <span class='ocrx_word' id='word_1_320' title='bbox 1070 2992 1238 3047; x_wconf 87' lang='lat' dir='ltr'>ejusque</span> <span class='ocrx_word' id='word_1_321' title='bbox 1249 2991 1611 3047; x_wconf 69' lang='lat' dir='ltr'>venerandajura,</span> <span class='ocrx_word' id='word_1_322' title='bbox 1626 3001 1771 3032; x_wconf 84' lang='lat' dir='ltr'>contra</span> <span class='ocrx_word' id='word_1_323' title='bbox 1788 3003 2026 3047; x_wconf 87' lang='lat' dir='ltr'>supremam</span> 
     </span>
     <span class='ocr_line' id='line_1_37' title="bbox 192 3053 2024 3113; baseline -0.001 -19"><span class='ocrx_word' id='word_1_324' title='bbox 192 3064 234 3094; x_wconf 90' lang='lat' dir='ltr'>et</span> <span class='ocrx_word' id='word_1_325' title='bbox 249 3053 534 3095; x_wconf 80' lang='lat' dir='ltr'>inviolabilem</span> <span class='ocrx_word' id='word_1_326' title='bbox 555 3055 677 3109; x_wconf 91' lang='lat' dir='ltr'>hujus</span> <span class='ocrx_word' id='word_1_327' title='bbox 691 3054 850 3094; x_wconf 58' lang='lat' dir='ltr'>Sancta*</span> <span class='ocrx_word' id='word_1_328' title='bbox 868 3054 985 3095; x_wconf 90' lang='lat' dir='ltr'>Sedis</span> <span class='ocrx_word' id='word_1_329' title='bbox 1002 3054 1295 3096; x_wconf 84' lang='lat' dir='ltr'>auctoritatem</span> <span class='ocrx_word' id='word_1_330' title='bbox 1315 3057 1357 3096; x_wconf 90' lang='lat' dir='ltr'>in</span> <span class='ocrx_word' id='word_1_331' title='bbox 1375 3056 1448 3096; x_wconf 89' lang='lat' dir='ltr'>illo</span> <span class='ocrx_word' id='word_1_332' title='bbox 1462 3058 1625 3113; x_wconf 81' lang='lat' dir='ltr'>Regno,</span> <span class='ocrx_word' id='word_1_333' title='bbox 1643 3056 1716 3096; x_wconf 90' lang='lat' dir='ltr'>ubi</span> <span class='ocrx_word' id='word_1_334' title='bbox 1730 3053 2024 3112; x_wconf 87' lang='lat' dir='ltr'>quamplurimi</span> 
     </span>
     <span class='ocr_line' id='line_1_38' title="bbox 193 3118 2022 3179; baseline -0.001 -21"><span class='ocrx_word' id='word_1_335' title='bbox 193 3119 348 3177; x_wconf 85' lang='lat' dir='ltr'>egregii</span> <span class='ocrx_word' id='word_1_336' title='bbox 380 3118 562 3160; x_wconf 83' lang='lat' dir='ltr'>existunt</span> <span class='ocrx_word' id='word_1_337' title='bbox 598 3118 819 3169; x_wconf 88' lang='lat' dir='ltr'>Catholici,</span> <span class='ocrx_word' id='word_1_338' title='bbox 852 3129 893 3160; x_wconf 90' lang='lat' dir='ltr'>et</span> <span class='ocrx_word' id='word_1_339' title='bbox 926 3120 999 3159; x_wconf 92' lang='lat' dir='ltr'>ubi</span> <span class='ocrx_word' id='word_1_340' title='bbox 1028 3136 1174 3178; x_wconf 83' lang='lat' dir='ltr'>regum</span> <span class='ocrx_word' id='word_1_341' title='bbox 1205 3122 1432 3178; x_wconf 80' lang='lat' dir='ltr'>praesertim</span> <span class='ocrx_word' id='word_1_342' title='bbox 1462 3122 1609 3179; x_wconf 85' lang='lat' dir='ltr'>pietas,</span> <span class='ocrx_word' id='word_1_343' title='bbox 1641 3120 1802 3176; x_wconf 85' lang='lat' dir='ltr'>religio,</span> <span class='ocrx_word' id='word_1_344' title='bbox 1828 3128 1951 3174; x_wconf 87' lang='lat' dir='ltr'>atque</span> <span class='ocrx_word' id='word_1_345' title='bbox 1980 3118 2022 3157; x_wconf 86' lang='lat' dir='ltr'>in</span> 
     </span>
     <span class='ocr_line' id='line_1_39' title="bbox 191 3181 2022 3242; baseline -0.001 -19"><span class='ocrx_word' id='word_1_346' title='bbox 191 3183 301 3225; x_wconf 88' lang='lat' dir='ltr'>hauc</span> <span class='ocrx_word' id='word_1_347' title='bbox 333 3186 449 3226; x_wconf 80' lang='lat' dir='ltr'>Beati</span> <span class='ocrx_word' id='word_1_348' title='bbox 480 3185 592 3227; x_wconf 87' lang='lat' dir='ltr'>Petri</span> <span class='ocrx_word' id='word_1_349' title='bbox 620 3183 888 3237; x_wconf 85' lang='lat' dir='ltr'>Cathedram,</span> <span class='ocrx_word' id='word_1_350' title='bbox 920 3185 1090 3242; x_wconf 84' lang='lat' dir='ltr'>ejusque</span> <span class='ocrx_word' id='word_1_351' title='bbox 1123 3185 1387 3228; x_wconf 84' lang='lat' dir='ltr'>Successores</span> <span class='ocrx_word' id='word_1_352' title='bbox 1419 3185 1682 3227; x_wconf 85' lang='lat' dir='ltr'>observantia</span> <span class='ocrx_word' id='word_1_353' title='bbox 1712 3183 1754 3224; x_wconf 91' lang='lat' dir='ltr'>in</span> <span class='ocrx_word' id='word_1_354' title='bbox 1782 3181 2022 3239; x_wconf 82' lang='lat' dir='ltr'>exemplum</span> 
     </span>
    </p>
   </div>
  </div>
 </body>
</html>
