2135 3442
170 154 247 190 416
788 149 1099 186 ALLOCUTION
1127 149 1192 184 DE
1221 148 1300 184 PIE
1328 148 1399 186 IX.

169 238 313 297 copias
349 248 518 279 exteros
551 235 775 278 homines?
809 235 937 290 Quod
961 234 1133 292 quidem
1154 236 1222 291 jus
1250 233 1407 292 potiori
1433 234 1619 291 quadam
1642 234 1808 277 ratione
1828 236 1881 277 ad
1899 238 2014 279 Nos-

168 315 281 345 trum
309 313 351 345 et
382 302 508 357 hujus
545 302 705 343 Sanctae
739 302 856 343 Sedis
886 300 1150 341 Gubernium
1187 299 1389 357 pertinet,
1420 315 1516 340 cum
1547 301 1767 341 Romanus
1798 301 2011 354 Pontifex,

166 368 295 410 veluti
332 369 572 409 communis
606 365 799 407 omnium
832 365 1143 407 catholicorum
1172 375 1309 422 pater,
1342 379 1429 404 non
1461 365 1595 421 possit
1621 381 1709 405 non
1740 365 2015 410 libentissime

166 448 240 475 eos
262 448 411 474 onmes
432 431 663 473 catholicos
694 430 901 488 excipere,
926 429 998 486 qui
1018 428 1237 486 religionis
1257 428 1398 470 studio
1430 428 1600 487 impulsi
1620 429 1751 471 velint
1768 429 1811 471 in
1831 432 2013 473 Pontifi-

166 498 241 540 ciis
252 498 383 557 copiis
400 497 597 547 militare,
619 508 661 537 et
682 496 735 537 ad.
756 494 951 537 Ecclesiae
973 494 1265 536 defensionem
1285 509 1553 536 concurrere.
1578 496 1721 552 Atque
1739 495 1808 537 hic
1825 495 2015 538 animad-

165 564 414 605 vertendum
426 562 730 611 existimamus,
755 559 1002 615 hujusmodi
1020 560 1327 601 catholicorum
1352 570 1593 600 exterorum
1613 576 1868 602 concursum
1887 561 2014 604 fuisse

163 629 398 687 praesertim
432 628 660 669 excitatum
703 625 875 667 illorum
913 625 1204 682 improbitate,
1245 624 1315 682 qui
1348 624 1511 665 civilem
1549 625 1676 680 hujus
1709 626 1869 667 Sanetae
1894 626 2014 669 Sedis

162 694 447 752 principatum
482 692 666 750 aggressi
702 702 817 732 sunt.
855 691 996 731 Nemo
1032 689 1145 730 enim
1184 689 1351 747 ignorat
1386 705 1469 746 qua
1507 689 1816 747 indignatione,
1852 702 1894 732 et
1927 707 2011 748 quo

162 759 278 800 luctu
310 758 530 799 universus
571 756 804 798 catholicus
838 754 954 796 orbis
997 754 1126 795 fuerit
1164 765 1402 796 commotus
1433 754 1507 795 ubi
1534 754 1653 795 novit
1692 766 1782 796 tam
1815 755 2007 813 impiam,

162 834 336 881 tamque
359 824 561 880 injustam
589 820 699 862 civili
738 821 864 875 hujus
893 818 1150 877 Apostolicae
1184 819 1302 860 Sedis
1330 819 1524 860 dominio
1546 820 1861 878 aggressionem
1885 819 2012 862 fuisse

162 888 339 930 illatam.
368 890 431 929 Ex
465 903 549 945 qno
571 902 701 945 porro
724 885 882 926 factum
907 895 985 935 est,
1019 894 1065 926 ut
1092 900 1221 941 quam
1240 884 1412 942 plurimi
1435 901 1485 925 ex
1504 885 1631 926 variis
1652 885 1870 927 christiani
1893 886 2011 928 orbis

160 954 408 1012 regionibus
446 953 591 994 fideles
622 967 694 992 sua
722 962 874 1009 sponte
899 961 940 992 et
973 966 1139 991 summa
1169 949 1385 990 alacritate
1426 950 1479 990 ad
1506 950 1776 991 Pontificiam
1807 951 2011 992 Nostram

160 1019 369 1061 ditionem
393 1016 729 1069 convolaverint,
773 1031 982 1072 suumque
1004 1030 1160 1056 nomen
1179 1015 1346 1055 Nostrae
1367 1014 1527 1056 militiae
1550 1014 1761 1065 dederint,
1790 1031 1874 1072 quo
1894 1016 2009 1057 Nos-

158 1095 239 1135 tra,
270 1084 395 1138 hujus
434 1084 597 1123 Sanctae
633 1080 768 1131 Sedis,
807 1092 848 1122 et
878 1079 1077 1121 Ecclesiae
1109 1080 1207 1135 jura
1248 1090 1418 1120 strenue
1458 1078 1751 1121 defenderent.
1800 1079 2009 1137 Singulari

159 1160 301 1190 autem
324 1147 589 1205 malignitate
615 1146 896 1204 Subalpinum
935 1144 1204 1187 Gubernium
1231 1143 1396 1185 Nostris
1424 1144 1631 1186 militibus
1659 1144 1910 1187 mercenarii
1927 1162 2009 1187 no·-

158 1224 246 1255 tam
283 1229 359 1270 per
390 1228 602 1253 summam
636 1210 893 1253 calumniam
924 1211 1094 1252 inurere
1145 1208 1321 1250 minime
1356 1222 1540 1261 veretur,
1580 1226 1678 1251 eum
1709 1226 1797 1251 non
1816 1210 1938 1268 pauci
1959 1226 2009 1252 ex

157 1277 367 1335 indigenis
393 1277 635 1334 exterisque
661 1276 830 1318 Nostris
866 1275 1074 1317 militibus
1094 1274 1230 1315 nobili
1264 1290 1418 1331 genere
1443 1275 1545 1327 nati,
1570 1286 1611 1316 et
1630 1275 1857 1316 illustrium
1880 1275 2007 1316 fami-

155 1343 310 1384 liarum
330 1343 505 1384 nomine
527 1341 758 1400 conspicui,
782 1358 829 1382 ac
852 1340 1070 1398 religionis
1104 1356 1251 1381 amore
1271 1339 1394 1381 unice
1416 1340 1603 1390 excitati,
1628 1340 1718 1382 sine
1740 1340 1828 1381 ullo
1849 1340 2010 1382 emolu—

154 1421 301 1450 mento
334 1409 378 1450 in
413 1408 580 1451 Nostris
607 1407 740 1465 copiis
764 1406 946 1448 militare
977 1405 1210 1448 voluerint.
1238 1406 1388 1462 Neque
1410 1405 1515 1447 latet
1537 1404 1819 1462 Subalpinum
1839 1406 2012 1447 Guber-

156 1474 276 1515 nium
295 1490 377 1531 qua
401 1473 486 1514 fide
516 1485 557 1514 et
586 1472 830 1530 integritate
861 1473 1018 1513 Noster
1044 1470 1251 1512 exercitus
1281 1481 1468 1528 praestet,
1499 1487 1597 1512 eum
1628 1470 1765 1512 eidem
1792 1471 2012 1513 Gubernio

155 1551 427 1597 perspectum
459 1538 527 1588 sit,
558 1538 698 1579 irritas
729 1537 856 1578 fuisse
889 1553 1040 1578 omnes
1074 1536 1244 1578 dolosas
1265 1548 1377 1577 artes
1395 1536 1610 1577 adhibitas
1627 1547 1674 1577 ut
1694 1536 1838 1577 Nostri
1859 1536 2012 1578 milites

156 1615 548 1661 corrumperentur.
572 1603 689 1644 Nihil
707 1619 808 1644 vero
830 1614 893 1644 est
917 1618 992 1644 cur
1019 1603 1300 1643 immoremur
1322 1603 1366 1642 in
1387 1600 1621 1643 refellenda
1640 1600 1818 1642 feritatis
1839 1617 2011 1642 accusa-

154 1668 272 1709 tione
292 1668 460 1709 Nostris
487 1667 619 1725 copiis
642 1667 837 1724 improbe
864 1666 993 1717 illata,
1022 1682 1118 1707 cum
1142 1666 1306 1706 nullum
1324 1666 1450 1723 plane
1472 1676 1773 1723 argumentum
1796 1666 2010 1707 obtrecta-

154 1743 269 1774 tores
306 1733 473 1774 valeant
503 1732 743 1784 adducere3
778 1730 881 1788 quin
922 1731 1064 1788 potius
1108 1730 1353 1786 hujusmodi
1393 1730 1634 1772 criminatio
1670 1729 1714 1770 in
1766 1730 1880 1788 ipsos
1914 1732 2009 1786 jure

154 1798 346 1840 converti
378 1797 530 1855 possit,
561 1795 926 1854 quemadmodum
962 1795 1141 1852 vulgatae
1174 1794 1393 1852 Subalpini
1425 1795 1633 1837 exercitus
1669 1794 1828 1836 dueum
1867 1807 2010 1838 trucu-

154 1863 280 1904 lenta*
313 1861 675 1920 proclamationes
709 1860 1054 1902 manifestissime
1097 1860 1345 1901 ostendunt.

212 1927 291 1968 Hic
314 1939 457 1969 autem
489 1926 828 1968 animadvertere
847 1935 1033 1983 praestat,
1067 1926 1226 1966 Nostro
1246 1923 1469 1966 Gubernio
1503 1922 1679 1964 minime
1707 1924 2008 1982 suspicandum

153 1992 283 2034 fuisse
309 1992 361 2034 de
382 1991 627 2048 hujusmodi
655 1991 800 2032 hostili
826 1990 1060 2041 invasione,
1089 2005 1187 2030 cum
1213 1989 1291 2047 ipsi
1320 1999 1606 2030 asseveratum
1628 2000 1738 2030 esset
1758 1989 2008 2047 Subalpinas

153 2057 294 2114 copias
319 2072 453 2115 prope
485 2057 747 2098 territorium
769 2057 975 2097 Nostrum
999 2054 1222 2095 accessisse
1259 2070 1347 2095 non
1375 2053 1548 2111 quidem
1582 2053 1808 2095 invadendi
1844 2054 2000 2106 animo,

152 2121 284 2162 immo
305 2137 406 2163 vero
428 2134 473 2163 ut
494 2121 593 2163 inde
625 2121 974 2179 perturbatorum
993 2131 1155 2161 turmas
1177 2130 1387 2160 arcerent.
1413 2118 1523 2160 Hinc
1544 2134 1735 2160 summus
1753 2119 2006 2161 Nostrarum

155 2185 375 2243 copiarum
397 2186 482 2227 dux
510 2202 564 2228 ne
590 2187 779 2243 cogitare
812 2184 985 2242 quidem
1015 2195 1200 2243 poterat,
1225 2184 1304 2226 sibi
1328 2200 1424 2225 cum
1450 2184 1684 2242 Subalpino
1707 2184 1894 2226 exercitu
1915 2201 2004 2227 esse

154 2251 448 2308 pugnandum.
479 2252 639 2292 Verum
656 2250 745 2301 uhi,
780 2251 909 2291 rebus
934 2260 1090 2307 praeter
1117 2266 1288 2291 omnem
1320 2248 1660 2307 expectationem
1679 2264 1904 2307 perperam
1920 2249 2003 2291 im-

153 2314 343 2365 mutatis,
380 2316 552 2373 agnovit
581 2316 779 2357 hostilem
808 2314 1095 2372 irruptionem
1122 2316 1175 2355 ab
1201 2314 1274 2355 illo
1304 2314 1490 2355 exercitu
1510 2313 1680 2363 factam,
1712 2313 1785 2370 qui
1805 2330 1905 2355 sane
1923 2331 2003 2372 pu-

155 2378 377 2438 gnantium
410 2397 589 2422 numero
622 2396 928 2436 armorumque
960 2379 999 2420 vi
1032 2379 1216 2420 maxime
1246 2379 1517 2437 praevalebat,
1554 2378 1780 2435 providum
1821 2379 2004 2437 suscepit

156 2444 377 2486 consilium
399 2461 441 2485 se
460 2447 684 2487 Anconam
705 2456 852 2503 utpote
881 2460 976 2486 arce
1003 2443 1212 2485 munitam
1231 2442 1478 2501 reeipiendi,
1502 2458 1556 2483 ne
1576 2443 1720 2484 Nostri
1738 2442 1892 2484 milites
1913 2454 2003 2484 tam

155 2509 268 2550 sacili
288 2509 438 2550 mortis
458 2510 648 2567 periculo
687 2521 1015 2568 exponerentur.
1045 2510 1152 2550 Cum
1178 2519 1322 2550 autem
1341 2507 1636 2565 ingruentibus
1658 2509 1683 2549 h
1693 2507 1851 2550 ostium
1871 2507 2002 2566 copiis

155 2575 198 2615 in
215 2574 366 2616 itinere
388 2576 728 2633 interciperetur,
761 2591 912 2617 manus
945 2590 1169 2617 conserere
1208 2584 1378 2616 coactus
1414 2583 1490 2623 est,
1529 2584 1576 2613 ut
1601 2572 1681 2614 sibi
1710 2573 2001 2630 militibusque

155 2639 239 2681 suis
261 2640 372 2680 viam
394 2652 591 2697 aperiret.

214 2706 411 2745 Ceterum
431 2705 533 2745 dum
564 2705 738 2747 meritas
760 2705 1012 2763 debitasque
1031 2704 1180 2746 laudes
1211 2702 1435 2744 tribuimus
1466 2713 1802 2744 commemorato
1823 2704 2000 2745 Nostra-

155 2786 251 2811 rum
268 2769 487 2827 copiarum
508 2770 619 2821 duci,
643 2787 689 2812 ac
711 2771 877 2812 illarum
899 2769 1146 2812 ductoribus
1164 2780 1207 2809 et
1226 2767 1444 2818 militibus,
1472 2768 1544 2825 qui
1572 2768 1836 2826 inexpectata
1855 2767 1998 2809 hostili

153 2835 390 2893 irruptione
403 2834 585 2876 lacessiti
604 2852 681 2892 pro
699 2837 793 2886 Dei,
817 2835 1027 2885 Ecelesiae,
1052 2834 1177 2889 hujus
1196 2832 1450 2890 Apostolicae
1465 2833 1599 2884 Sedis,
1620 2849 1668 2874 ac
1684 2832 1855 2888 justitiae
1873 2847 1997 2874 causa

154 2899 338 2952 fortiter,
358 2899 517 2941 viribus
550 2899 648 2940 licet
678 2900 805 2957 longe
838 2900 1088 2958 imparibus,
1123 2897 1402 2951 dimicarunt3
1435 2897 1502 2938 vix
1539 2898 1746 2955 lacrymas
1779 2896 1996 2939 continere

153 2981 378 3024 possumus
402 2976 629 3006 noscentes
645 2965 921 3021 quotstrenui
936 2964 1107 3015 milites,
1124 2962 1391 3005 aelectissimi
1405 2963 1638 3021 praesertim
1663 2964 1838 3018 juvenes
1856 2961 1900 3003 in
1916 2961 1994 3002 hac

155 3030 310 3086 injusta
337 3042 378 3072 et
399 3029 557 3072 crudeli
592 3028 810 3070 invasione
839 3030 1133 3079 occubuerint,
1168 3027 1240 3085 qui
1275 3028 1474 3086 religioso
1497 3044 1596 3069 sane
1614 3027 1832 3084 nobilique
1851 3025 1991 3067 animo

155 3095 209 3136 ad
229 3094 395 3136 civilem
423 3097 626 3136 Romame
647 3093 843 3136 Ecclesiae
871 3093 1156 3151 principatum
1176 3092 1383 3134 tuendum
1410 3093 1678 3134 advolarunt.
1710 3093 1798 3133 Nos
1821 3089 1993 3146 insuper

153 3176 423 3218 summopere
463 3171 704 3202 commovet
745 3159 897 3209 luctus,
936 3159 1008 3214 qui
1043 3157 1087 3199 in
1132 3158 1304 3199 illorum
1331 3157 1510 3198 familias
1551 3156 1775 3198 redundat.
1816 3152 1991 3194 Utinam

153 3223 314 3266 eisdem
334 3224 504 3267 familiis
524 3224 669 3267 fletum
695 3224 860 3267 Nostris
888 3222 1026 3264 verbis
1060 3223 1302 3280 abstergere
1335 3224 1574 3280 possemus!
1607 3218 1870 3262 confidimus
1889 3232 1989 3259 vero
