2135 3442
173 144 247 179 376
840 145 1025 181 LETTRE
1053 146 1119 180 DE
1147 145 1225 180 PIE
1253 145 1325 182 IX.

171 229 266 271 lecti
296 228 387 270 Filii
421 229 576 280 Nostri,
602 245 650 271 ac
677 231 950 272 Venerabiles
977 234 1157 278 Fratres,
1185 242 1231 272 ut
1251 230 1548 272 communibus
1567 232 1688 272 malis
1704 232 1997 274 communibus

172 293 321 336 studiis
337 294 511 351 provide
531 295 692 336 mederi
716 295 898 352 possitis.
923 296 1087 336 Etenim
1111 297 1164 337 ad
1184 297 1395 354 praecipua
1416 295 1615 352 cuiusque
1638 306 1780 336 vestrae
1800 295 1999 337 Dioecesis

172 358 326 399 damna
364 359 620 414 reparanda,
661 359 833 415 eiusque
881 360 1203 417 prosperitatem
1241 360 1601 417 promovendam,
1643 359 1748 400 nihil
1793 359 2000 417 frequenti

172 422 358 463 eiusdem
388 422 624 465 Dioeceseos
653 424 916 474 lustratione,
950 435 990 465 et
1020 424 1274 466 Dioecesanae
1305 424 1465 481 Synodi
1502 424 1788 466 celebratione
1821 423 2001 466 validius

171 502 259 528 esse
279 489 412 545 probe
436 488 681 545 intelligitis.
707 490 808 540 Quae
830 489 914 529 duo
936 500 1192 547 quantopere
1222 506 1243 530 a
1274 489 1463 531 Concilio
1490 488 1723 546 praesertim
1751 488 2001 530 Tridentino

171 551 254 593 sint
266 565 502 610 praescripta
527 565 566 594 et
587 553 790 594 inculcata
811 553 1026 594 neminem
1045 554 1243 595 Vestrum
1266 554 1385 611 fugit.
1410 554 1632 606 Quamoln
1635 569 1702 595 em
1719 569 1798 611 pro
1815 563 2001 624 spectata

170 628 306 658 1-05113
338 617 378 657 111
405 633 577 675 giegem
601 618 636 656 Σ
642 618 732 658 obis
759 617 1031 658 commissum
1055 618 1352 667 sollicitudine,
1385 630 1426 660 et
1448 618 1636 670 calitate,
1666 618 1769 659 nihil
1792 617 2003 674 antiquius

171 681 327 722 habeie
347 651 504 730 xelitis?
522 699 648 739 quam
670 698 718 722 ex
742 682 955 723 canonicis
975 684 1259 724 sanctionibus
1282 695 1440 724 vestras
1469 683 1676 725 Dioeceses
1699 682 2004 753 impensissimo

171 746 347 787 studio
337 747 528 794 111115010,
557 759 597 787 01
626 764 673 789 03
704 747 844 787 01111113
876 759 1066 788 aetulate
1091 749 1311 805 perficere,
1345 764 1435 805 quae
1470 748 1522 788 ad
1557 748 1693 805 ipsam
1722 747 2005 788 visitationem

171 810 379 852 fructuose
409 812 691 869 peragendam
729 811 905 852 omnino
940 812 1171 870 pertinent.
1209 815 1304 866 Quo
1339 813 1381 853 in
1422 828 1596 854 munere
1638 812 1837 853 obeundo
1875 810 2006 852 Vobis

172 891 438 933 summopere
471 876 586 918 cordi
618 878 668 916 sit
696 892 857 916 summa
880 892 993 925 cura,
1027 893 1073 917 ac
1103 877 1286 934 paternis
1314 877 1545 935 praesertim
1582 876 1767 927 monitis,
1805 887 1847 917 et
1876 875 2005 932 frugi-

173 939 269 981 leris
303 941 597 990 concionibus,
636 940 808 997 aliisque
846 941 1211 998 opportunissimis
1253 941 1389 982 modis
1430 957 1613 991 errores,
1653 941 1927 998 corruptelas,
1968 951 2010 981 et

172 1005 289 1055 vitia,
320 1005 351 1045 si
377 1021 466 1062 quse
496 1005 751 1061 irrepserint,
778 1004 981 1046 radicitus
1003 1005 1196 1056 evellere,
1226 1006 1423 1046 omnibus
1452 1006 1594 1047 salutis
1624 1007 1876 1048 documenta
1898 1020 2007 1063 prte-

173 1071 288 1120 bere,
314 1070 412 1111 cleri
443 1069 705 1127 disciplinam
733 1081 889 1110 sartam
918 1081 1156 1126 tectamque
1190 1070 1312 1121 tueri,
1343 1081 1384 1111 et
1412 1069 1557 1112 fideles
1587 1070 1872 1129 spiritualibus
1900 1085 2008 1127 prae-

174 1135 314 1176 sertim
339 1134 574 1192 quibusque
596 1134 792 1175 subsidiis
821 1135 976 1184 iuvare,
1002 1134 1184 1185 munire,
1212 1146 1253 1176 et
1274 1151 1419 1175 omnes
1440 1135 1606 1176 Christo
1629 1134 1888 1176 lucrifacere.
1922 1134 2011 1174 Nec

174 1199 415 1240 dissimilem
440 1199 701 1255 diligentiam
726 1199 958 1256 impendite
985 1199 1027 1240 111
1049 1199 1306 1241 Dioecesanis
1335 1200 1516 1257 Synodis
1538 1200 1654 1240 iuxta
1682 1215 1898 1240 sacrorum
1926 1199 2008 1239 Ca-

174 1280 335 1305 nonum
361 1280 553 1304 normam
586 1263 846 1305 celebrandis
874 1280 920 1304 ea
946 1264 1157 1322 praecipue
1182 1275 1427 1315 statuentes,
1451 1280 1541 1321 quae
1572 1264 1625 1305 ad
1655 1264 1788 1304 maius
1812 1263 2011 1320 cuiusque

173 1340 319 1369 vestrae
351 1329 548 1370 Dioecesis
575 1329 736 1369 bonum
766 1340 950 1386 spectare
979 1346 1058 1387 pro
1086 1340 1223 1370 vestra
1245 1329 1471 1387 prudentia
1498 1329 1712 1370 duxeritis.
1745 1329 1809 1370 Ne
1838 1343 1937 1369 vero
1970 1327 2012 1368 in

176 1393 490 1443 Sacerdotibus,
533 1393 605 1450 qui
647 1393 850 1435 doctrinae
891 1405 933 1435 et
964 1393 1133 1435 lectioni
1169 1394 1386 1435 attendere
1421 1393 1600 1446 debent,
1626 1393 1782 1450 quique
1820 1390 2011 1433 obstricti

175 1468 271 1498 sunt
295 1458 432 1499 officio
453 1458 634 1499 docendi
658 1458 861 1516 populum
882 1474 946 1511 ea,
973 1476 1063 1516 quae
1086 1459 1190 1501 scire
1217 1459 1411 1501 omnibus
1438 1458 1717 1500 necessarium
1737 1468 1800 1499 est
1825 1457 1878 1498 ad
1899 1456 2010 1498 salu-

177 1534 278 1575 tem,
311 1534 351 1563 et
381 1523 647 1564 ministrandi
674 1523 989 1573 Sacramenta¹,
1027 1540 1239 1565 sacrarum
1268 1524 1587 1582 disciplinarum
1613 1522 1800 1564 studium
1824 1536 2013 1577 unquam

176 1587 461 1644 restinguatul
495 1599 567 1628 aut
602 1588 843 1645 languescat
868 1588 1088 1642 industria,
1120 1589 1424 1647 optatissimum
1460 1588 1593 1630 Nobis
1618 1599 1695 1639 est,
1735 1599 1782 1628 ut
1814 1603 1836 1627 a
1861 1585 2008 1640 Vobis,

178 1652 249 1692 ubi
285 1652 373 1693 fie1i
408 1652 554 1709 possit,
581 1653 624 1692 in
655 1652 851 1693 omnibus
889 1665 1126 1694 westiarum
1162 1653 1410 1712 Dioecesium
1447 1652 1705 1710 regionibus,
1739 1651 2015 1692 instituantui

179 1716 429 1787 opportunis
481 1717 632 1774 iegulis
692 1733 936 1773 congressus
991 1717 1042 1758 de
1092 1733 1257 1758 morum
1298 1709 1527 1775 praesertim
1570 1716 1828 1773 Theologia,
1871 1732 1917 1757 ac
1962 1715 2014 1756 de

179 1781 305 1822 sacris
345 1781 528 1831 Ritibus,
529 1753 601 1821 Dad
625 1797 728 1838 qnos
752 1781 903 1839 singuli
923 1781 1186 1839 potissimum
1209 1783 1447 1839 Picsbyteri
1473 1792 1697 1822 teneantui
1725 1780 1939 1830 accedere,
1972 1790 2014 1820 et

180 1844 328 1886 afferre
357 1845 513 1902 scripto
538 1846 826 1903 consignatam
860 1846 1084 1903 propositae
1124 1863 1145 1887 a
1177 1846 1308 1887 Vobis
1341 1845 1582 1902 quaestionis
1607 1844 1950 1902 explicationem,
1976 1854 2016 1884 et

181 1910 323 1966 aliquo
363 1911 563 1968 temporis
595 1910 726 1968 spatio
764 1927 785 1951 a
824 1911 944 1951 vobis
985 1910 1258 1968 pra‘finiendo
1309 1911 1418 1952 inter
1466 1926 1508 1951 se
1548 1909 1748 1950 disserere
1780 1909 1832 1949 de
1867 1907 2015 1949 morali

180 1974 438 2032 Theologia,
478 1974 614 2031 deque
653 1991 865 2016 sacrorum
893 1975 1068 2016 Rittium
1103 1975 1340 2033 disciplina,
1381 1986 1607 2032 postquam
1639 1973 1787 2030 aliquis
1823 1989 1871 2013 ex
1917 1972 2016 2030 ipsis

181 2038 442 2096 Presbyteris
480 2056 719 2081 sermonem
763 2040 815 2081 de
854 2039 1182 2081 sacerdotalibus
1226 2039 1434 2097 prsecipue
1479 2039 1627 2080 officiis
1657 2036 1867 2078 habuerit.
1909 2038 2014 2077 Cum

183 2115 323 2144 autem
350 2104 390 2144 in
421 2116 558 2145 vestro
588 2120 713 2162 grege
736 2105 1005 2162 procurando
1029 2120 1199 2162 operam
1225 2120 1308 2161 prae
1329 2103 1494 2155 ceteris,
1518 2119 1706 2155 manum,
1733 2101 2017 2158 auxiliumque

182 2169 315 2210 Vobis
353 2181 551 2226 praestent
587 2169 780 2218 Pa1·ochi‚
815 2186 921 2226 quos
950 2170 993 2210 111
1025 2169 1317 2210 sollicitudinis
1350 2179 1513 2226 partem
1543 2167 1744 2215 adscitos,
1783 2176 1824 2206 et
1855 2164 1898 2205 111
1931 2176 2018 2206 3110

185 2233 376 2275 omnium
404 2234 587 2275 maxima
624 2234 823 2275 obeunda
854 2234 1066 2275 adiutores
1090 2234 1271 2282 113110115,
1303 2249 1451 2275 eorum
1480 2232 1615 2273 zelum
1639 2230 1755 2272 omni
1784 2229 1923 2271 studio
1951 2229 2017 2270 in-

185 2297 400 2339 flammare
432 2315 483 2339 ne
515 2299 814 2349 intermittatis,
855 2299 1004 2339 Dilecti
1036 2298 1130 2339 Filii
1161 2298 1328 2347 Nostri,
1361 2314 1408 2339 ac
1436 2295 1708 2338 Venerabiles
1741 2295 1933 2345 Fratres,
1972 2304 2019 2335 ut

186 2364 358 2420 proprio
380 2378 554 2404 munere
576 2379 623 2404 ea
646 2380 724 2420 qua
744 2379 819 2421 par
846 2374 906 2403 est
929 2363 1159 2420 diligentia,
1193 2379 1240 2403 ac
1264 2362 1466 2419 religione
1488 2361 1728 2417 fungantur.
1757 2358 1840 2399 Illis
1865 2358 2017 2400 iccirco

187 2427 407 2475 inculcate,
435 2439 481 2467 ut
505 2444 720 2484 nunquam
744 2439 904 2468 cessent
923 2427 1191 2468 christianam
1219 2427 1386 2484 plebem
1416 2426 1492 2466 sibi
1516 2424 1714 2465 traditam
1745 2423 1892 2465 sedulo
1919 2438 2016 2480 pas-

189 2507 282 2532 cere
301 2490 429 2531 (1111111
454 2492 569 2532 verbi
591 2492 819 2549 praeconi‘),
847 2508 894 2533 ac
915 2494 1287 2533 Sacramentorum
1317 2503 1359 2532 et
1377 2489 1648 2531 multiformis
1668 2488 1811 2546 gratiae
1833 2487 1908 2528 Dei
1932 2488 2018 2529 dis-

188 2556 451 2612 pensatione,
474 2568 514 2597 et
534 2558 661 2598 rudes
678 2558 887 2607 homines,
915 2573 962 2598 30
988 2556 1171 2597 maxime
1195 2555 1394 2613 puerulos
1414 2554 1648 2595 christianae
1673 2553 1769 2594 fidei
1790 2551 2014 2610 mysteriis,

190 2631 431 2676 nostraeque
458 2620 671 2678 religionis
698 2621 961 2662 documentis
986 2632 1190 2670 amanter,
1224 2619 1520 2677 patienterque
1544 2617 1728 2670 erudire,
1761 2628 1802 2659 et
1831 2627 2018 2658 errantes

192 2685 246 2726 ad
271 2684 413 2725 salutis
434 2684 511 2726 iter
531 2686 756 2736 adducere7
778 2698 823 2726 ut
845 2701 1115 2742 summopere
1141 2684 1338 2726 studeant
1359 2684 1470 2732 odia,
1493 2683 1740 2732 simultates,
1761 2680 2015 2733 inimicitias,

194 2749 439 2799 discordias,
468 2749 663 2790 scandala
686 2750 845 2792 tollere.
876 2762 916 2791 et
945 2749 1185 2791 confortare
1213 2747 1516 2805 pusillanimes,
1548 2759 1588 2788 et
1616 2747 1783 2788 visitare
1809 2745 2014 2799 infirmos,

194 2829 345 2870 eosque
363 2813 477 2854 omni
498 2813 729 2870 praesertim
747 2813 948 2871 spirituali
968 2830 1048 2871 ope
1068 2814 1224 2865 iuvare,
1250 2823 1292 2853 et
1310 2814 1485 2855 miseros
1504 2812 1696 2862 afflictos,
1719 2823 1845 2869 atque
1866 2826 2018 2852 aerum-

194 2894 324 2920 nosos
346 2877 572 2926 consolari,
606 2893 836 2934 omnesque
864 2878 1078 2920 exhortari
1101 2878 1144 2918 in
1164 2877 1357 2918 doctrina
1375 2893 1487 2927 sana,
1510 2889 1551 2918 et
1571 2892 1762 2927 monere,
1784 2887 1830 2918 ut
1848 2875 2017 2933 religio-

194 2944 354 2984 sissime
369 2943 549 2984 reddant
573 2959 664 2999 qua¹
685 2954 780 2983 sunt
803 2944 878 2983 Dei
897 2945 1000 2991 Deo,
1029 2955 1069 2984 et
1086 2959 1177 3000 quae
1193 2953 1287 2983 sunt
1303 2943 1474 2983 Caesaris
1497 2942 1662 2992 Caesari,
1685 2942 1887 2982 docentes
1904 2937 2017 2996 quod

195 3022 344 3049 omnes
363 3024 450 3049 non
469 3007 604 3049 solum
620 3018 795 3064 propter
811 3007 933 3057 iram,
949 3007 1020 3048 sed
1042 3007 1167 3047 etiam
1188 3018 1366 3064 propter
1379 3007 1680 3048 conscientiam
1699 3004 1962 3062 Principibus
1979 3011 2019 3042 et

248 3181 279 3211 1.
308 3178 441 3211 Concil.
461 3176 619 3212 Tridcnt.
640 3176 727 3209 Sess.
748 3188 848 3220 xxm,
871 3187 950 3221 cap.
973 3179 1014 3210 14
1035 3175 1077 3208 de
1093 3175 1280 3211 Reform-at.
