2135 3442
182 160 256 196 428
794 157 1103 193 ALLOCUTION
1132 158 1197 193 DE
1225 158 1305 193 PIE
1333 157 1404 193 IX.

181 243 454 284 schismaticis
474 252 598 300 putat
615 240 834 283 erroribus
856 258 983 300 posse
1002 242 1209 300 implicari
1228 243 1235 282 l
1260 243 1427 294 Quanta
1449 240 1558 282 illius
1575 241 1787 282 temeritas
1806 253 1882 292 est,
1902 244 2016 299 quod

180 308 234 348 ab
254 307 459 364 obsequio
480 322 528 348 ac
547 305 631 347 fide
651 322 749 363 erga
770 306 1063 364 Apostolicam
1082 306 1237 348 Sedent
1258 304 1592 347 abstrahendum
1609 304 1701 346 fore
1718 305 1903 347 confidat
1924 307 2017 349 Cle-

180 387 274 413 rum
298 371 417 412 illum
437 382 479 412 et
496 370 823 429 spectatissimos
841 371 1077 428 prasertim
1095 371 1329 422 Antistites,
1352 371 1423 428 qui
1444 370 1771 428 praedecessores
1794 370 1904 413 inter
1919 387 2017 415 suos

181 438 388 477 [renaeum
405 447 650 477 recenseant
667 435 962 494 Lugdunensis
978 436 1174 477 Ecclesia¹
1194 437 1412 477 Pastorem
1423 435 1625 493 prarclara
1640 437 1717 476 ista
1733 435 1989 479 scribentem
2004 456 2013 480 ε

186 523 201 536 -‹
228 501 297 542 Ad
319 503 559 543 Romanam
579 499 809 541 Ecclesiam
829 511 1009 558 propter
1038 500 1248 558 potiorem
1270 500 1623 560 principalitatem
1645 516 1816 542 necesse
1837 512 1900 543 est
1919 517 2017 543 om-

179 581 280 607 nem
300 565 526 608 eonvenire
547 564 778 606 Ecclesiam
794 597 804 615 ‚
830 565 912 606 hoc
932 576 995 606 est
1015 581 1102 616 eos,
1134 565 1206 623 qui
1234 577 1331 607 sunt
1355 564 1543 621 undique
1562 565 1706 607 fideles
1731 586 1748 601 ι»
1773 583 1782 606 :
1803 566 1875 623 qui
1899 566 2017 608 nullo

181 630 301 672 fracti
327 643 456 681 metu,
481 630 599 671 nullo
622 628 826 670 retardati
841 630 1047 687 periculo,
1071 641 1162 672 tum
1181 647 1283 672 voce
1307 641 1397 672 tum
1410 630 1574 688 scriptis
1596 631 1749 671 Nostra
1769 631 2017 688 Sanctoeque

180 696 297 737 Sedis
315 698 406 750 jura
437 695 654 737 vindicare
693 693 968 746 certaverint,
996 695 1214 753 Nobisque
1238 697 1435 737 exhibere
1464 711 1684 752 nunquam
1715 694 2019 737 intermiserint

181 760 412 801 certissima
434 758 674 802 devotionis
693 761 966 817 argumenta!
989 760 1179 812 Quorum
1199 761 1301 811 Nos,
1323 760 1584 818 aliorumque
1607 777 1683 818 per
1709 761 1860 802 orbem
1888 761 2014 802 Anti-

180 824 326 866 stitum
346 825 450 866 dum
469 824 634 866 meritis
659 840 864 866 ornamus
887 824 1112 882 IJraeconiis
1131 826 1388 883 pastoralem
1406 825 1856 883 curam,vigilantiam‚
1882 824 2016 867 firmi-

180 901 325 942 tatem,
351 889 463 948 ipsos
480 890 577 931 licet
604 900 755 947 sponte
784 905 859 930 sua
886 889 1082 932 incensos
1102 901 1349 947 erectosque
1379 891 1432 931 ad
1447 890 1671 932 Catholicae
1686 890 1783 931 fidei
1802 889 2016 932 defensio-

179 970 294 1005 nem,
322 955 483 996 hortari
506 966 648 995 tamen
671 965 797 1011 atque
819 953 1006 997 excitare
1022 971 1099 1013 pro
1125 956 1205 997 hac
1228 967 1465 1013 temporum
1484 955 1707 1013 iniquitate
1727 971 1815 996 non
1836 965 2016 1014 praeter-

177 1019 399 1070 mittimus,
425 1030 472 1060 ut
496 1034 581 1076 quo
601 1018 827 1060 validiores
852 1019 1044 1076 quotidie
1064 1020 1238 1061 hostiles
1258 1019 1438 1078 impetus
1458 1020 1576 1071 fiant,
1603 1037 1652 1062 eo
1676 1019 1851 1062 firmiori
1876 1019 2017 1061 animo

180 1084 448 1126 sustinendos
473 1100 520 1125 ac
535 1084 794 1142 frangendos
817 1096 984 1136 curent,
1010 1096 1134 1143 atque
1161 1085 1267 1127 adeo
1296 1086 1542 1127 commissos
1563 1102 1645 1128 suae
1665 1102 1773 1127 eurae
1798 1084 1941 1126 fideles
1964 1084 2017 1126 de

178 1148 352 1190 fallaciis
380 1147 622 1207 insidiisque
656 1149 890 1192 admonere
917 1167 1005 1192 non
1042 1151 1252 1201 desinant,
1278 1150 1430 1207 quibus
1459 1150 1636 1192 avellere
1668 1150 1781 1208 ipsos
1816 1165 1839 1190 a
1868 1147 2018 1190 Matris

179 1213 376 1255 Ecclesia¹
398 1213 561 1270 gremio
582 1213 799 1256 vaferrimi
817 1215 1016 1257 homines
1044 1215 1331 1257 connitantur.
1354 1217 1446 1257 Jam
1477 1232 1577 1257 vero
1599 1231 1648 1257 ex
1678 1213 1921 1256 damnando
1945 1213 2016 1254 illo

177 1278 336 1328 libello,
364 1294 559 1335 quaenam
582 1279 756 1320 tandem
780 1280 865 1321 sint
900 1282 1083 1322 auctoris
1102 1292 1144 1322 et
1167 1292 1405 1323 ceterorum
1432 1281 1623 1322 onmium
1637 1279 1810 1322 consilia
1828 1278 1897 1336 qui
1917 1278 2018 1319 eivi-

177 1341 261 1383 lem
279 1344 440 1384 Sancta*
455 1343 552 1385 Sedi
576 1343 863 1402 principatum
885 1357 1138 1403 extorquere
1158 1358 1382 1397 conantur,
1404 1346 1592 1387 detracta
1610 1344 1739 1387 veluti
1755 1345 1871 1385 larva
1888 1342 2020 1384 mani-

182 1407 288 1448 feste
319 1407 697 1466 deprehendimus.
735 1409 904 1452 Scilicet
933 1410 1040 1451 nihil
1071 1411 1185 1452 aliud
1219 1411 1447 1453 intendunt
1471 1427 1519 1452 ac.
1549 1410 1797 1460 moliuntur,
1828 1424 1956 1467 quam
1974 1419 2021 1449 ut

178 1472 451 1514 sanctissima·
481 1472 716 1530 Religionis
739 1473 1019 1516 fundamenta
1032 1476 1296 1518 subvertant.
1317 1476 1365 1517 Id
1389 1492 1465 1534 per
1485 1474 1720 1533 provincias
1740 1491 1763 1515 a
1783 1473 1892 1516 civili
1911 1474 2019 1515 Nos—

179 1548 242 1577 tra
262 1537 553 1579 dominatione
571 1539 724 1594 injuste
746 1540 984 1598 subreptas,
1004 1540 1048 1581 id
1068 1556 1144 1598 per
1164 1540 1348 1597 reliquas
1366 1540 1495 1582 Italiae
1519 1540 1712 1598 regiones
1725 1538 2016 1597 perfidissimis

179 1602 416 1660 quibusque
440 1602 602 1644 artibus
621 1603 809 1645 studiose
846 1604 984 1646 curari
1005 1616 1047 1645 et
1070 1605 1260 1646 videmus
1290 1618 1331 1647 et
1358 1605 1687 1663 ingemiscimus.
1711 1605 1805 1645 Huc
1823 1614 2017 1660 spectant

179 1666 464 1709 disseminata*
490 1683 805 1725 quaquaversus
819 1685 1028 1726 perversa*
1050 1685 1267 1711 sacrorum
1285 1670 1490 1719 librorum
1509 1670 1881 1727 interpretationes
1896 1668 1951 1709 ad
1967 1668 2017 1708 fi-

179 1730 277 1772 dem
292 1731 668 1790 corrumpendam,
681 1732 832 1773 diffusa
849 1734 902 1774 ad
915 1734 1509 1791 contaminandosjuventutis
1520 1750 1661 1776 mores
1675 1733 2015 1791 turpissimorum

179 1795 423 1837 libellorum
457 1796 672 1847 colluvies,
700 1797 865 1838 invecta
890 1813 1159 1855 quocumque
1182 1798 1364 1840 effraenis
1391 1799 1556 1841 vivendi
1586 1798 1771 1848 licentia,
1797 1799 2012 1856 despecta,

177 1862 419 1917 proculcata
439 1862 633 1903 Ecclesia*
652 1873 858 1919 potestaS‚
901 1879 1017 1904 sacra
1037 1863 1283 1904 immunitas
1308 1863 1480 1913 violata,
1512 1863 1720 1904 subducta
1750 1862 1803 1903 ab
1828 1862 2013 1903 auctori-

181 1937 265 1968 tate
286 1937 327 1967 et
344 1925 558 1983 vigilantia
579 1926 891 1986 Episcoporum
908 1928 1079 1985 publica
1095 1927 1326 1982 juventutis
1342 1927 1551 1969 institutio
1574 1928 1798 1984 omnisque
1812 1926 2015 1968 doctrina?

178 2006 429 2048 morumque
449 1991 687 2050 disciplina,
710 1992 925 2051 praepositi
947 1993 1143 2034 docendo
1162 1992 1358 2034 homines
1378 1992 1430 2033 de
1449 1992 1656 2050 religione
1678 2008 1806 2050 prave
1826 1992 2013 2034 sentien-

179 2067 255 2105 tes,
277 2055 518 2113 cvulgatum
536 2056 580 2096 in
593 2057 773 2098 Umbria
794 2058 1015 2100 decretum
1034 2058 1086 2100 de
1107 2057 1270 2099 cunctis
1294 2058 1427 2099 ferme
1444 2057 1652 2116 religiosis
1676 2057 1847 2099 familiis
1867 2074 1889 2099 e
1908 2057 2020 2099 clau-

179 2131 266 2161 stro
282 2121 574 2171 exturbandis,
593 2121 645 2162 de
662 2122 960 2180 extinguendis
972 2123 1206 2180 collegiatis
1221 2122 1443 2180 Capitulis,
1466 2122 1741 2180 delendisque
1757 2123 2020 2181 simplicibus

179 2184 361 2239 cujusvis
381 2185 548 2243 generis
584 2186 822 2239 beneficiis,
853 2187 1019 2244 piisque
1055 2187 1272 2228 Sodalitiis
1300 2203 1534 2245 eorumque
1569 2187 1694 2229 bonis
1714 2203 1789 2244 per
1810 2203 2021 2228 summam

181 2248 377 2304 injuriam
400 2250 687 2307 oecupandis3
712 2251 794 2292 huc
815 2262 1008 2309 spectant
1031 2252 1214 2308 conjecti
1241 2252 1284 2293 in
1305 2252 1472 2293 vincula
1505 2251 1771 2293 ecelesiastici
1797 2252 1891 2303 viri,
1915 2252 2019 2310 ipsi-

185 2328 266 2369 que
287 2314 393 2355 sacri
422 2314 655 2365 Antistites,
697 2331 803 2372 quos
831 2316 943 2357 inter
966 2316 1234 2358 Venerabilis
1258 2318 1409 2358 Frater
1439 2316 1796 2387 Archiepiscopus
1834 2316 2021 2358 Urbinas

186 2394 323 2436 nuper
342 2390 506 2437 septus
495 2380 621 2422 armis
639 2381 683 2421 in
702 2381 941 2422 custodiam
962 2393 1009 2422 tr
1004 2381 1156 2432 aditus,
1183 2393 1224 2423 et
1247 2384 1278 2423 C
1284 2398 1328 2422 ar
1332 2382 1523 2423 dinalitia
1551 2381 1679 2422 etiam
1700 2380 1905 2439 dignitate
1939 2380 2022 2422 ful-

180 2459 281 2501 gens
305 2444 571 2486 Venerabilis
594 2445 784 2487 Frater
760 2446 982 2487 Firmanus
1003 2446 1282 2505 Antistespe1
1302 2446 1388 2488 vim
1409 2447 1609 2504 abreptus
1630 2462 1651 2486 a
1676 2417 1783 2487 Sedoe
1802 2461 1891 2497 sua,
1915 2445 2022 2487 alio-

181 2523 261 2565 que
281 2507 505 2566 relegatus,
542 2521 583 2551 et
606 2510 659 2551 ab
695 2510 812 2551 omni
844 2510 1058 2552 commissi
1085 2512 1225 2570 glegis
1264 2512 1478 2553 efflatione
1509 2510 1767 2568 prohibitus,
1799 2526 1846 2551 ac
1877 2510 2021 2568 plures

181 2573 307 2613 etiam
325 2572 549 2615 Antistites
574 2586 615 2615 et
635 2575 887 2616 Sacerdotes
910 2591 931 2616 e
952 2577 1101 2634 Regno
1125 2576 1409 2635 Neapolitano
1429 2575 1528 2616 vel
1518 2592 1561 2616 1n
1577 2591 1647 2616 c‘u
1650 2591 1789 2617 celem
1803 2574 1936 2626 missi,
1954 2575 2016 2616 xel

182 2637 236 2679 ad
258 2638 403 2696 fugam
435 2639 596 2692 coaeti3
619 2641 699 2681 huc
722 2651 916 2698 spectant
950 2640 1043 2698 (nec
1072 2640 1161 2682 sine
1193 2640 1467 2683 acerbissimo
1513 2639 1671 2681 doloris
1704 2655 1829 2681 sensu
1855 2655 2019 2681 memo-

181 2703 342 2759 ramus)
383 2703 592 2761 patefacta
633 2721 707 2761 per
741 2705 970 2746 nonnullas
1007 2705 1134 2746 Italia*
1176 2705 1364 2747 civitates
1395 2705 1732 2763 protestantibus
1766 2703 1945 2762 templa,
1981 2714 2022 2744 et

180 2767 358 2824 publiea·
404 2767 531 2808 etiam
590 2769 740 2809 schola)
790 2770 987 2810 instituta*
1009 2802 1018 2820 ,
1062 2770 1134 2810 ubi
1166 2770 1209 2811 in
1254 2769 1487 2827 perniciem
1518 2769 1743 2811 Catholicae
1787 2767 2021 2826 Religionis

183 2832 379 2889 quaelibet
412 2833 582 2890 impune
610 2834 802 2875 tradatur
838 2834 1040 2875 doctrinm
1077 2835 1329 2892 perversitas
1352 2850 1362 2888 3
1405 2834 1588 2891 denique
1626 2833 1942 2892 promulgatum
1977 2831 2020 2872 in

179 2897 357 2938 Umbria
392 2896 615 2948 {decretum
649 2914 731 2954 quo
776 2899 1097 2940 matrimonium
1137 2910 1430 2957 nuncupatum
1474 2899 1527 2940 ab
1571 2898 1780 2957 Apostolo
1819 2911 2020 2955 magnum

183 2963 502 3003 Sacramentum
521 2962 806 3019 peculiaribus
827 2963 1022 3004 civilibus
1064 2964 1296 3022 disciplinis
1341 2964 1538 3022 illigatur,
1575 2979 1622 3004 ac
1646 2963 1778 3004 ferme
1803 2959 2019 3004 subtrahi-

182 3037 250 3068 tur
286 3026 338 3067 ab
364 3026 562 3068 Ecclesiae
590 3037 816 3084 potestate,
853 3042 902 3068 eo
924 3028 1102 3070 fortasse
1120 3029 1297 3070 consilio
1330 3040 1376 3070 ut
1408 3040 1555 3087 postea
1591 3028 1783 3070 civilibus
1803 3027 2020 3068 dumtaxat

185 3092 392 3133 subdatur
413 3092 593 3150 legibus,
619 3108 751 3149 eaque
770 3091 952 3143 ratione,
974 3094 1089 3151 quod
1112 3095 1225 3135 Deus
1256 3105 1430 3150 avertat,
1451 3094 1596 3151 legalis
1621 3094 1842 3134 invehatur
1861 3104 2019 3132 eoncu-

185 3156 360 3197 binatus
380 3173 478 3198 cum
497 3168 689 3198 extremo
710 3158 945 3198 animarum
967 3157 1240 3200 detrimento.
1263 3161 1401 3216 Atque
1426 3159 1511 3211 hic,
1539 3158 1600 3200 uti
1621 3155 1853 3215 Apostolici
1876 3153 2016 3196 Nostri

185 3221 369 3263 muneris
395 3222 507 3263 ratio
531 3222 736 3280 postulat,
762 3221 967 3280 quidquid
988 3234 1135 3264 contra
1155 3223 1348 3265 Ecclesiae
1362 3224 1457 3278 jura
1474 3234 1514 3264 et
1530 3221 1849 3280 patrimonium,
1871 3229 2016 3261 eontra
