2135 3442
739 304 905 340 XXVIII
933 303 1125 339 APRILIS
1153 300 1491 338 MDCCXXXVIII
1501 327 1508 335 .

410 458 465 514 S.
510 458 564 514 S.
610 455 879 513 DOMINI
935 453 1202 510 NOSTRI
1260 451 1676 509 CLEMENTIS
1722 452 1829 508 XII

826 567 1087 611 EPISTOLA
1120 565 1422 608 ENCVCLICA

713 660 769 704 (In
800 654 979 692 eminenti
1006 654 1262 704 Apostolatus‚
1294 666 1384 703 pag.
1417 652 1527 703 124.)

842 885 967 920 XVIII
998 885 1172 920 MARTII
1201 884 1400 920 MDCCLI.

1075 974 1166 985 ——a

415 1038 468 1095 S.
506 1038 561 1094 S.
612 1037 883 1094 DOMINI
941 1035 1207 1092 NOSTRI
1257 1033 1653 1092 BENEDICTI
1709 1034 1836 1091 XIV

822 1148 1087 1192 EPISTULA
1122 1147 1428 1190 ENCYCLICA

715 1236 925 1288 (Providas
958 1239 1221 1273 Romanorum
1239 1266 1248 1283 ,
1288 1248 1373 1286 pag.
1414 1236 1534 1282 130.)

866 1504 902 1537 X
931 1503 1107 1538 MARTII
1135 1502 1374 1538 MDCCXCI.

513 1646 578 1714 S.
629 1647 694 1713 S.
747 1647 1059 1715 DOMINI
1108 1647 1426 1714 NOSTRI
1475 1647 1595 1713 PII
1643 1647 1732 1715 VI

1017 1770 1229 1819 BREVE

401 1871 471 1913 AD
504 1871 552 1913 E.
587 1871 632 1913 S.
669 1872 719 1914 R.
754 1871 906 1915 ECCL.
942 1873 1102 1915 CARI).
1140 1873 1205 1914 DE
1239 1872 1310 1914 LA
1342 1872 1829 1924 ROCHEFOUCAULT‚

213 1974 397 2000 1LLUSTR.
452 1973 809 2000 ARCHIEPISCOPL'M
860 1975 1181 2009 AQL‘ISEXTANUM
1229 1976 1496 2008 CAETEROSQUE
1546 1975 1763 2001 PRAELATOS
1809 1974 2044 2001 CONVENTUS

871 2034 1116 2059 NATIONALIS
1149 2035 1374 2060 GALLICANI

681 2110 746 2150 De
766 2117 1057 2152 constitutione
1076 2113 1195 2154 civili
1214 2113 1321 2153 cleri
1335 2112 1565 2170 gallicani.

903 2214 1045 2265 PIUS
1087 2216 1254 2266 PAPA
1283 2216 1351 2267 VI

302 2308 456 2349 Dilecti
483 2308 587 2349 Filii
614 2315 761 2360 nostri,
792 2326 841 2350 ac
866 2311 911 2350 V
910 2311 1141 2353 enerabiles
1164 2313 1358 2363 Fratres,
1389 2313 1568 2354 salutem
1601 2322 1642 2353 et
1663 2311 1953 2367 Apostolieczm

950 2371 986 2409 B
989 2372 1093 2411 enecl
1094 2378 1283 2413 ictionem
1292 2404 1300 2414 .

282 2460 408 2513 Quod
429 2460 689 2516 aliquantum
710 2462 876 2505 differre
897 2465 952 2505 ob
975 2467 1105 2522 ipsius
1128 2466 1188 2506 rei
1207 2466 1469 2523 gravitatem,
1495 2465 1754 2521 nimiamque
1770 2464 1873 2505 item
1888 2480 2042 2522 urgen-

215 2525 317 2566 tium
342 2526 612 2581 negotiorum
638 2527 800 2583 copiam
824 2529 958 2570 coacti
987 2529 1153 2579 fuimus,
1183 2546 1295 2571 nunc
1315 2545 1567 2587 responsum
1599 2529 1763 2580 damus,
1789 2528 1927 2570 dilecti
1951 2529 2041 2570 Filii

215 2588 363 2638 nostri,
393 2604 439 2629 ac
464 2589 733 2632 venerabiles
757 2593 939 2643 Fratres,
964 2593 1110 2634 litteris
1139 2594 1206 2635 die
1244 2601 1295 2637 10
1333 2593 1517 2636 octobris
1543 2593 1597 2635 ad
1625 2594 1714 2635 Nos
1743 2593 1864 2647 datis,
1890 2593 2042 2651 quibus

224 2653 451 2693 multorum
471 2669 492 2693 e
512 2654 659 2695 vestris
681 2657 978 2712 spectabilibus
998 2658 1166 2715 collegis
1186 2675 1343 2701 nomen
1369 2660 1652 2716 subscriptum
1669 2669 1746 2700 est.
1768 2660 1838 2699 Eae
1860 2674 2040 2700 renova-

221 2728 317 2757 runt
350 2716 391 2757 in
419 2717 553 2759 Nobis
580 2720 846 2770 immensum,
881 2723 1076 2779 nullaque
1106 2724 1391 2765 consolatione
1420 2723 1646 2765 levandum
1683 2723 1874 2764 dolorem
1904 2723 2037 2774 illum,

218 2797 342 2837 quem
365 2783 450 2836 jam
473 2797 802 2839 perceperamus,
832 2800 882 2827 ex
910 2802 992 2842 quo
1017 2797 1207 2843 tempore
1225 2789 1435 2845 perlatum
1458 2788 1511 2829 ad
1529 2789 1617 2829 Nos
1638 2799 1725 2829 erat
1748 2787 1872 2830 istum
1901 2788 2040 2829 natio-

219 2844 282 2886 nis
304 2857 450 2886 vcstrae
474 2858 743 2897 conventum,
780 2849 828 2889 ad
860 2850 1036 2906 publieae
1060 2854 1303 2893 oeconomiae
1330 2853 1514 2894 rationes
1531 2852 1788 2894 ordinandas
1805 2867 2040 2909 congrega-

220 2921 322 2959 tum,
353 2909 458 2951 adeo
484 2911 525 2950 in
547 2911 628 2951 suis
648 2911 822 2954 decretis
845 2930 1109 2972 progressum
1133 2931 1236 2968 esse,
1257 2928 1303 2957 ut
1326 2917 1577 2959 catholicam
1594 2916 1837 2975 religionem
1865 2917 2043 2973 impete-

216 2985 306 3026 ret3
338 2991 359 3015 a
400 2975 741 3033 conspirantibus
772 2979 884 3019 enim
916 2995 1087 3020 suorum
1109 2980 1321 3038 plerisque
1341 2984 1430 3038 jam
1459 2984 1502 3023 in
1522 2984 1656 3040 ipsum
1681 2983 1916 3023 irruebatur
1940 2995 2040 3021 san·

214 3050 434 3081 ctuarium.

273 3104 339 3144 Ab
373 3104 492 3146 initio
523 3106 816 3162 judicabamus
844 3109 1096 3150 servandum
1117 3110 1251 3151 Nobis
1289 3126 1379 3152 esse
1408 3127 1504 3153 cum
1526 3110 1769 3168 hujusmodi
1792 3107 2040 3151 inconsultis

218 3167 456 3211 hominibus
477 3169 705 3223 silentium,
730 3186 781 3213 ne
801 3172 876 3229 ipsi
895 3174 1081 3214 veritatis
1111 3189 1213 3214 voce
1245 3177 1376 3232 magis
1406 3176 1554 3217 irritati
1583 3176 1635 3217 ad
1661 3175 1797 3216 multo
1831 3174 2040 3216 deteriora

218 3232 354 3275 adhuc
377 3246 642 3292 proruerent.
662 3237 862 3278 Nostrum
879 3237 962 3279 hoc
984 3237 1195 3279 silentium
1214 3241 1435 3281 tuebamur
1458 3241 1500 3281 S.
1525 3239 1715 3298 Gregorii
1731 3240 1877 3298 Magni
1898 3248 2041 3282 aueto-
