2135 3442
697 252 814 289 XXX
841 251 1136 289 SEPTEMBRIS
1159 249 1427 287 MDCCCLXI.

995 359 1132 369 ———

488 473 606 547 SS.
656 472 966 541 DOMINI
1012 470 1325 539 NOSTRI
1372 468 1494 536 PII
1541 469 1630 535 IX

877 629 1243 681 ALLOGUTIO

410 785 451 811 IN
489 781 758 811 CONSISTORIO
801 778 979 806 SECRETO
1023 776 1071 805 30
1114 777 1363 804 SEPTEMBRIS
1407 772 1509 804 1861
1547 775 1721 802 HABITA.

822 911 868 951 V
866 909 1035 951 enerabz‘
1041 909 1100 949 les
1118 909 1159 949 F
1158 917 1310 950 ratres.

204 1028 398 1071 Meminit
422 1026 711 1082 unusquisque
740 1034 945 1074 vestrum,
972 1020 1249 1063 Venerabiles
1280 1020 1464 1069 Fratres,
1494 1029 1655 1075 quanto
1682 1017 1811 1059 animi
1838 1018 1982 1061 Nostri

147 1095 294 1137 dolore
320 1095 361 1134 in
393 1093 473 1132 hoc
507 1088 768 1147 amplissimo
797 1099 939 1129 vestro
970 1102 1170 1128 consessu
1193 1084 1418 1142 saepissime
1435 1083 1654 1124 lamentati
1669 1084 1798 1125 simus
1822 1085 1982 1141 gravis-

148 1159 251 1202 sima
269 1170 309 1199 et
326 1171 547 1213 nunquam
569 1154 667 1196 satis
688 1152 950 1211 deploranda
970 1151 1128 1193 damna
1142 1149 1358 1193 catholicae
1377 1148 1585 1199 Ecclesiae,
1608 1148 1706 1190 huic
1727 1148 1981 1205 Apostolicae

148 1223 261 1274 Sedi,
282 1221 501 1277 Nobisque
525 1236 621 1261 cum
640 1220 826 1260 maximo
847 1217 978 1275 ipsius
998 1216 1127 1258 civilis
1149 1213 1359 1257 societatis
1380 1213 1636 1255 detrimento
1656 1213 1771 1254 illata
1791 1229 1813 1254 a
1833 1213 1982 1254 Subal-

146 1288 249 1346 pino
272 1285 508 1335 Guberni0‚
547 1295 675 1340 atque
706 1299 728 1323 a
756 1280 1051 1323 funestissimae
1079 1278 1326 1322 rebellionis
1353 1278 1595 1320 auctoribus
1614 1289 1654 1318 et
1682 1277 1919 1320 fautoribus
1939 1278 1981 1320 in

147 1351 309 1394 miseris
342 1348 576 1409 prsesertim
596 1347 725 1388 Italia]
756 1345 1018 1405 regionibus,
1052 1361 1156 1402 quas
1178 1344 1291 1386 idem
1316 1342 1580 1385 Gubernium
1607 1341 1759 1397 injuste
1786 1358 1903 1399 aeque
1937 1358 1984 1384 ac

147 1417 353 1460 violenter
370 1413 603 1472 usurpavit.
626 1414 750 1454 Nunc
768 1427 870 1453 vero
885 1410 996 1452 inter
1017 1410 1098 1451 alia
1117 1410 1340 1451 innumera
1356 1419 1397 1449 et
1414 1424 1577 1466 semper
1597 1407 1790 1465 graviora
1809 1407 1984 1449 vulnera

149 1480 421 1524 sanctissimae
444 1489 598 1520 nostrae
629 1476 825 1534 religioni
853 1476 905 1516 ab
927 1474 1018 1532 ipso
1047 1473 1284 1523 Gubernio,
1307 1484 1348 1514 et
1368 1471 1537 1514 nefariae
1559 1470 1880 1529 conspirationis
1904 1472 1983 1514 ho-

148 1546 334 1588 minibus
353 1544 642 1585 indesinenter
665 1541 821 1582 inflicta
837 1540 984 1583 dolere
1003 1539 1208 1596 cogimur,
1224 1538 1435 1579 Dilectum
1456 1536 1610 1578 Filium
1625 1537 1828 1577 Nostrum
1844 1536 1985 1578 claris-

149 1613 303 1653 simum
326 1620 513 1650 vestrum
540 1607 772 1663 Collegam‚
813 1621 860 1646 ac
892 1603 1259 1662 vigilantissimum
1285 1601 1574 1659 Neapolitanae
1604 1600 1800 1641 Ecclesiae
1830 1600 1982 1642 Archi-

149 1675 396 1734 episcopum
425 1673 581 1731 pietate
613 1687 659 1712 ac
691 1670 845 1711 virtute
877 1668 1169 1726 conspicuum,
1209 1683 1334 1725 quem
1366 1666 1435 1707 hic
1459 1676 1713 1724 proesentem
1742 1664 1978 1716 intuemini,

148 1738 319 1782 militari
336 1754 465 1779 manu
490 1736 616 1778 fuisse
637 1736 1011 1792 comprehensum,
1036 1745 1077 1775 et
1092 1750 1113 1774 a
1133 1733 1309 1791 proprio
1328 1746 1454 1788 grege
1474 1746 1569 1771 cum
1589 1730 1751 1787 ingenti
1771 1731 1983 1772 bonorum

150 1804 341 1847 omnium
361 1803 478 1844 luctu
497 1801 701 1842 avulsum.
735 1801 895 1841 Omnes
921 1810 1062 1839 autem
1085 1808 1243 1839 norunt
1260 1795 1477 1852 quomodo
1504 1794 1693 1850 ejusdem
1714 1795 1919 1837 Gubernii
1943 1807 1985 1837 et

149 1867 393 1910 rebellionis
414 1866 614 1908 satellites
635 1864 750 1906 omni
781 1863 879 1905 dolo
919 1873 962 1903 et
989 1861 1151 1902 fallacia
1174 1860 1303 1918 pleni,
1330 1871 1455 1916 atque
1481 1859 1789 1900 abominabiles
1819 1858 1917 1900 facti
1942 1860 1986 1901 in

149 1934 224 1976 viis
252 1933 351 1983 suis,
372 1943 564 1974 veterum
600 1929 895 1970 haereticorum
921 1925 1165 1967 molitiones
1194 1936 1235 1966 et
1263 1924 1430 1965 furores
1464 1935 1733 1974 renovantes,
1766 1934 1808 1964 et
1839 1935 1987 1966 contra

150 2014 265 2040 sacra
298 1996 441 2037 omnia
480 1993 804 2043 debacchantes,
833 1990 911 2032 Dei
938 1991 1183 2038 Ecclesiam,
1216 1989 1249 2031 si
1278 1989 1368 2030 fieri
1397 2004 1587 2046 unquam
1615 1999 1769 2046 posset,
1799 1987 1986 2031 funditus

152 2072 353 2115 evertere,
390 2071 430 2101 et
450 2058 702 2101 catholicam
726 2055 989 2114 religionem,
1023 2057 1193 2112 ejusque
1215 2054 1440 2096 salutarem
1465 2053 1699 2094 doctrinam
1721 2068 1773 2094 ex
1796 2053 1987 2095 omnium

152 2125 301 2168 animis
317 2124 516 2166 radicitus
531 2122 751 2180 extirpare,
776 2133 817 2163 et
834 2136 982 2179 pravas
1003 2136 1190 2178 quasque
1202 2118 1453 2177 cupiditates
1471 2116 1650 2160 excitare
1671 2128 1712 2159 et
1726 2117 1988 2160 inflammare

152 2201 437 2233 connltantur.

232 2279 361 2328 Hinc,
407 2277 602 2318 omnibus
649 2275 798 2317 divinis
845 2272 1122 2330 humanisque
1167 2271 1419 2330 proculcatis
1457 2270 1645 2326 juribus,
1687 2281 1728 2312 et
1772 2271 1987 2313 ecclesias-

152 2344 241 2386 ticis
284 2342 467 2385 censuris
494 2341 668 2383 omnino
699 2340 865 2398 spretis,
899 2339 1125 2380 Sacrorum
1163 2335 1380 2378 Antistites
1413 2334 1610 2377 audacius
1636 2334 1679 2376 in
1721 2334 1809 2376 dies
1838 2352 1861 2377 a
1884 2352 1986 2394 pro-

154 2407 256 2467 priis
278 2406 534 2448 Dioecesibus
554 2404 730 2463 expulsi,
753 2415 878 2460 atque
895 2403 1022 2444 etiam
1044 2401 1087 2442 in
1101 2417 1314 2442 carcerem
1333 2398 1446 2441 missi
1463 2411 1502 2440 et
1521 2399 1820 2457 quamplurimi
1846 2401 1990 2442 fideles

154 2471 299 2530 populi
320 2470 401 2512 suis
418 2471 552 2512 orbati
571 2469 827 2528 pastoribus,
851 2480 892 2509 et
908 2467 1126 2524 utriusque
1139 2465 1246 2507 Cleri
1264 2466 1340 2506 viri
1356 2463 1642 2506 miserandum
1663 2463 1705 2504 in
1722 2465 1900 2506 modum
1921 2465 1990 2506 di-

154 2535 305 2586 vexati,
335 2535 616 2592 omnibusque
639 2532 799 2588 injuriis
828 2531 1045 2589 exagitati,
1070 2542 1111 2572 et
1126 2529 1349 2587 Religiosae
1374 2527 1560 2570 Familiae
1582 2528 1791 2579 extinctae,
1823 2545 1989 2571 earum—

157 2616 239 2658 que
274 2600 448 2641 Sodales
478 2615 498 2639 e
532 2598 613 2640 suis
635 2595 848 2639 Coenobiis
879 2596 1015 2652 ejecti,
1048 2596 1102 2637 ad
1132 2611 1271 2636 rerum
1304 2592 1495 2635 omnium
1520 2592 1710 2651 inopiam
1741 2593 1914 2644 redacti,
1950 2605 1992 2635 et

155 2664 349 2722 Virgines
372 2665 462 2704 Deo
487 2664 623 2704 Sacrae
644 2678 797 2719 panem
816 2659 1082 2703 emendicare
1109 2670 1280 2708 coactae,
1312 2669 1354 2699 et
1381 2656 1691 2715 religiosissima
1714 2657 1793 2699 Dei
1816 2657 1991 2716 Templa

157 2729 350 2788 spoliata,
372 2727 550 2784 polluta,
576 2738 616 2767 ct
640 2726 682 2766 in
703 2726 918 2766 latronum
939 2724 1158 2782 speluncas
1177 2738 1391 2772 conversa,
1419 2732 1461 2762 et
1483 2738 1598 2763 sacra
1609 2723 1723 2763 bona
1751 2722 1928 2780 direpta,
1951 2733 1993 2764 et

159 2792 434 2835 ecclesiastica
459 2801 660 2849 potestas,
692 2806 738 2830 ac
754 2789 990 2845 jurisdictio
1010 2788 1179 2839 violata,
1214 2797 1429 2844 usurpata,
1467 2797 1507 2827 et
1532 2787 1725 2828 Ecclesiae
1752 2787 1865 2844 leges
1894 2786 1991 2828 des-

158 2871 289 2918 pectae
310 2870 350 2899 et
369 2856 637 2899 conculcatae.
665 2854 775 2896 Hinc
794 2855 970 2911 publicae
992 2854 1317 2912 depravatarum
1342 2851 1630 2893 doctrinarum
1656 2852 1809 2893 scholae
1836 2851 1991 2893 consti-

158 2934 272 2974 tutae,
296 2934 337 2965 et
356 2920 539 2979 pestiferi
559 2918 690 2960 libelli
717 2930 759 2959 et
779 2918 1073 2975 ephemerides
1092 2935 1114 2960 e
1146 2916 1330 2959 tenebris
1353 2916 1529 2970 emissae,
1557 2933 1604 2958 ac
1631 2917 1714 2958 late
1748 2932 1827 2974 per
1848 2915 1992 2958 omnia

158 2988 249 3030 loca
294 2985 549 3028 immanibus
590 2984 713 3039 hujus
744 2982 923 3023 scelestae
957 2981 1258 3038 conjurationis
1286 2980 1523 3038 sumptibus
1569 2981 1794 3040 dissipatae.
1830 2980 1992 3034 Quibus

158 3050 516 3110 perniciosissimis
556 3060 596 3090 et
637 3046 931 3089 abominandis
970 3047 1130 3104 scriptis
1170 3046 1427 3088 sanctissima
1455 3046 1581 3098 fides,
1618 3045 1764 3104 religio
1781 3078 1792 3097 ,
1835 3044 1985 3103 pietas,

158 3118 368 3166 honestas,
406 3114 620 3173 pudicitia,
654 3112 809 3170 pudor,
844 3110 1065 3167 omnisque
1094 3113 1225 3153 virtus
1252 3122 1540 3169 oppugnatur,
1571 3126 1619 3152 ac
1645 3126 1743 3152 vera
1771 3120 1812 3150 et
1838 3110 1988 3149 incon-

160 3198 274 3224 cussa
294 3193 459 3224 aeternae
487 3177 772 3235 naturalisque
795 3175 913 3234 legis,
936 3191 983 3217 ac
1003 3176 1163 3234 publici
1185 3176 1532 3234 privatiquejuris
1550 3173 1990 3233 principia,praecepta
