<?xml version="1.0" encoding="UTF-8"?>
<!DOCTYPE html PUBLIC "-//W3C//DTD XHTML 1.0 Transitional//EN"
    "http://www.w3.org/TR/xhtml1/DTD/xhtml1-transitional.dtd">
<html xmlns="http://www.w3.org/1999/xhtml" xml:lang="en" lang="en">
 <head>
  <title>
</title>
<meta http-equiv="Content-Type" content="text/html;charset=utf-8" />
  <meta name='ocr-system' content='tesseract 3.04.00' />
  <meta name='ocr-capabilities' content='ocr_page ocr_carea ocr_par ocr_line ocrx_word'/>
</head>
<body>
  <div class='ocr_page' id='page_1' title='image "./recueildesallocu00cath_0166.png"; bbox 0 0 2135 3442; ppageno 0'>
   <div class='ocr_carea' id='block_1_1' title="bbox 777 265 1457 303">
    <p class='ocr_par' dir='ltr' id='par_1_1' title="bbox 777 265 1457 303">
     <span class='ocr_line' id='line_1_1' title="bbox 777 265 1457 303; baseline -0.003 -1"><span class='ocrx_word' id='word_1_1' title='bbox 777 267 846 302; x_wconf 76' lang='lat' dir='ltr'>XV</span> <span class='ocrx_word' id='word_1_2' title='bbox 875 266 1090 303; x_wconf 84' lang='lat' dir='ltr'>AUGUSTI</span> <span class='ocrx_word' id='word_1_3' title='bbox 1124 265 1457 302; x_wconf 84' lang='lat' dir='ltr'>MDCCCXXXII.</span> 
     </span>
    </p>
   </div>
   <div class='ocr_carea' id='block_1_2' title="bbox 1048 373 1182 384">
    <p class='ocr_par' dir='ltr' id='par_1_2' title="bbox 1048 373 1182 384">
     <span class='ocr_line' id='line_1_2' title="bbox 1048 373 1182 384; baseline 0 0"><span class='ocrx_word' id='word_1_4' title='bbox 1048 373 1182 384; x_wconf 95' lang='lat' dir='ltr'> </span> 
     </span>
    </p>
   </div>
   <div class='ocr_carea' id='block_1_3' title="bbox 378 465 1862 661">
    <p class='ocr_par' dir='ltr' id='par_1_3' title="bbox 378 465 1862 661">
     <span class='ocr_line' id='line_1_3' title="bbox 762 465 1476 518; baseline -0.001 -1"><span class='ocrx_word' id='word_1_5' title='bbox 762 468 1077 518; x_wconf 71' lang='lat' dir='ltr'>EPISTULA</span> <span class='ocrx_word' id='word_1_6' title='bbox 1110 465 1476 517; x_wconf 79' lang='lat' dir='ltr'>ENCYCLIGA</span> 
     </span>
     <span class='ocr_line' id='line_1_4' title="bbox 378 587 1862 661; baseline -0.005 0"><span class='ocrx_word' id='word_1_7' title='bbox 378 591 488 661; x_wconf 82' lang='lat' dir='ltr'>SS.</span> <span class='ocrx_word' id='word_1_8' title='bbox 540 591 848 659; x_wconf 87' lang='lat' dir='ltr'>DOMINI</span> <span class='ocrx_word' id='word_1_9' title='bbox 896 591 1209 658; x_wconf 80' lang='lat' dir='ltr'>NOSTRI</span> <span class='ocrx_word' id='word_1_10' title='bbox 1257 589 1674 657; x_wconf 86' lang='lat' dir='ltr'>GREGORII</span> <span class='ocrx_word' id='word_1_11' title='bbox 1713 587 1862 656; x_wconf 84' lang='lat' dir='ltr'>XVI</span> 
     </span>
    </p>
   </div>
   <div class='ocr_carea' id='block_1_4' title="bbox 348 734 1885 772">
    <p class='ocr_par' dir='ltr' id='par_1_4' title="bbox 348 734 1885 772">
     <span class='ocr_line' id='line_1_5' title="bbox 348 734 1885 772; baseline -0.003 -7"><span class='ocrx_word' id='word_1_12' title='bbox 348 740 400 765; x_wconf 77' lang='lat' dir='ltr'>AD</span> <span class='ocrx_word' id='word_1_13' title='bbox 435 739 567 765; x_wconf 73' lang='lat' dir='ltr'><strong>OMNES</strong></span> <span class='ocrx_word' id='word_1_14' title='bbox 598 738 903 771; x_wconf 68' lang='lat' dir='ltr'>PATRIARCHAS,</span> <span class='ocrx_word' id='word_1_15' title='bbox 939 737 1162 772; x_wconf 72' lang='lat' dir='ltr'>PRIMATES,</span> <span class='ocrx_word' id='word_1_16' title='bbox 1198 737 1543 763; x_wconf 80' lang='lat' dir='ltr'>ARCHIEPISCOPOS</span> <span class='ocrx_word' id='word_1_17' title='bbox 1573 737 1622 762; x_wconf 78' lang='lat' dir='ltr'>ET</span> <span class='ocrx_word' id='word_1_18' title='bbox 1654 734 1885 761; x_wconf 75' lang='lat' dir='ltr'>EPISCOPOS.</span> 
     </span>
    </p>
   </div>
   <div class='ocr_carea' id='block_1_5' title="bbox 812 838 1421 884">
    <p class='ocr_par' dir='ltr' id='par_1_5' title="bbox 812 838 1421 884">
     <span class='ocr_line' id='line_1_6' title="bbox 812 838 1421 884; baseline -0.002 -1"><span class='ocrx_word' id='word_1_19' title='bbox 812 839 1121 884; x_wconf 83' lang='lat' dir='ltr'>GREGORIUS</span> <span class='ocrx_word' id='word_1_20' title='bbox 1157 838 1297 882; x_wconf 83' lang='grc' dir='ltr'><strong>ΡΑΡΑ</strong></span> <span class='ocrx_word' id='word_1_21' title='bbox 1326 839 1421 882; x_wconf 86' lang='lat' dir='ltr'>XVI</span> 
     </span>
    </p>
   </div>
   <div class='ocr_carea' id='block_1_6' title="bbox 399 943 1854 1000">
    <p class='ocr_par' dir='ltr' id='par_1_6' title="bbox 399 943 1854 1000">
     <span class='ocr_line' id='line_1_7' title="bbox 399 943 1854 1000; baseline -0.001 -16"><span class='ocrx_word' id='word_1_22' title='bbox 399 946 442 984; x_wconf 85' lang='lat' dir='ltr'><em>V</em></span> <span class='ocrx_word' id='word_1_23' title='bbox 440 944 674 986; x_wconf 74' lang='lat' dir='ltr'>enerabiles</span> <span class='ocrx_word' id='word_1_24' title='bbox 699 945 874 984; x_wconf 78' lang='lat' dir='ltr'><em>Fratres</em></span> <span class='ocrx_word' id='word_1_25' title='bbox 889 978 898 995; x_wconf 78' lang='lat'><strong>‚</strong></span> <span class='ocrx_word' id='word_1_26' title='bbox 921 944 1097 984; x_wconf 76' lang='lat' dir='ltr'>salutem</span> <span class='ocrx_word' id='word_1_27' title='bbox 1129 952 1170 984; x_wconf 77' lang='lat' dir='ltr'>et</span> <span class='ocrx_word' id='word_1_28' title='bbox 1190 943 1478 1000; x_wconf 76' lang='lat' dir='ltr'>Apostolicam</span> <span class='ocrx_word' id='word_1_29' title='bbox 1504 943 1854 985; x_wconf 77' lang='lat' dir='ltr'>Benedictifflzem.</span> 
     </span>
    </p>
   </div>
   <div class='ocr_carea' id='block_1_7' title="bbox 199 1054 2035 2080">
    <p class='ocr_par' dir='ltr' id='par_1_7' title="bbox 199 1054 2035 2080">
     <span class='ocr_line' id='line_1_8' title="bbox 260 1054 2035 1112; baseline -0.001 -15"><span class='ocrx_word' id='word_1_30' title='bbox 260 1056 405 1098; x_wconf 84' lang='lat' dir='ltr'>Mirari</span> <span class='ocrx_word' id='word_1_31' title='bbox 428 1071 501 1096; x_wconf 89' lang='lat' dir='ltr'>vos</span> <span class='ocrx_word' id='word_1_32' title='bbox 525 1055 796 1104; x_wconf 80' lang='lat' dir='ltr'>arbitramur,</span> <span class='ocrx_word' id='word_1_33' title='bbox 832 1055 953 1112; x_wconf 88' lang='lat' dir='ltr'>quod</span> <span class='ocrx_word' id='word_1_34' title='bbox 989 1054 1042 1095; x_wconf 90' lang='lat' dir='ltr'>ab</span> <span class='ocrx_word' id='word_1_35' title='bbox 1066 1055 1261 1112; x_wconf 90' lang='lat' dir='ltr'>imposita</span> <span class='ocrx_word' id='word_1_36' title='bbox 1289 1066 1441 1096; x_wconf 84' lang='lat' dir='ltr'>nostrae</span> <span class='ocrx_word' id='word_1_37' title='bbox 1464 1055 1688 1097; x_wconf 81' lang='lat' dir='ltr'>humilitati</span> <span class='ocrx_word' id='word_1_38' title='bbox 1709 1055 1906 1097; x_wconf 83' lang='lat' dir='ltr'>Ecclesiae</span> <span class='ocrx_word' id='word_1_39' title='bbox 1936 1054 2035 1096; x_wconf 91' lang='lat' dir='ltr'>uni-</span> 
     </span>
     <span class='ocr_line' id='line_1_9' title="bbox 201 1119 2032 1178; baseline -0.001 -16"><span class='ocrx_word' id='word_1_40' title='bbox 201 1136 328 1162; x_wconf 84' lang='lat' dir='ltr'>versae</span> <span class='ocrx_word' id='word_1_41' title='bbox 354 1121 653 1178; x_wconf 81' lang='lat' dir='ltr'>procuratione</span> <span class='ocrx_word' id='word_1_42' title='bbox 684 1119 880 1160; x_wconf 89' lang='lat' dir='ltr'>nondum</span> <span class='ocrx_word' id='word_1_43' title='bbox 906 1120 1062 1160; x_wconf 79' lang='lat' dir='ltr'>litteras</span> <span class='ocrx_word' id='word_1_44' title='bbox 1092 1120 1144 1160; x_wconf 87' lang='lat' dir='ltr'>ad</span> <span class='ocrx_word' id='word_1_45' title='bbox 1166 1135 1240 1161; x_wconf 90' lang='lat' dir='ltr'>vos</span> <span class='ocrx_word' id='word_1_46' title='bbox 1262 1119 1515 1171; x_wconf 79' lang='lat' dir='ltr'><strong>dederimus,</strong></span> <span class='ocrx_word' id='word_1_47' title='bbox 1550 1131 1676 1178; x_wconf 89' lang='lat' dir='ltr'>prout</span> <span class='ocrx_word' id='word_1_48' title='bbox 1701 1130 1744 1161; x_wconf 87' lang='lat' dir='ltr'>et</span> <span class='ocrx_word' id='word_1_49' title='bbox 1772 1119 2032 1162; x_wconf 81' lang='lat' dir='ltr'>consuetudo</span> 
     </span>
     <span class='ocr_line' id='line_1_10' title="bbox 201 1183 2029 1243; baseline -0.001 -17"><span class='ocrx_word' id='word_1_50' title='bbox 201 1185 266 1227; x_wconf 85' lang='lat' dir='ltr'>vel</span> <span class='ocrx_word' id='word_1_51' title='bbox 290 1201 313 1226; x_wconf 94' lang='lat' dir='ltr'>a</span> <span class='ocrx_word' id='word_1_52' title='bbox 338 1186 482 1243; x_wconf 88' lang='lat' dir='ltr'>primis</span> <span class='ocrx_word' id='word_1_53' title='bbox 511 1185 776 1242; x_wconf 78' lang='lat' dir='ltr'>temporibus</span> <span class='ocrx_word' id='word_1_54' title='bbox 806 1183 992 1234; x_wconf 85' lang='lat' dir='ltr'>invecta,</span> <span class='ocrx_word' id='word_1_55' title='bbox 1027 1195 1068 1225; x_wconf 90' lang='lat' dir='ltr'>et</span> <span class='ocrx_word' id='word_1_56' title='bbox 1095 1184 1389 1225; x_wconf 85' lang='lat' dir='ltr'>benevolentia</span> <span class='ocrx_word' id='word_1_57' title='bbox 1418 1185 1460 1225; x_wconf 93' lang='lat' dir='ltr'>in</span> <span class='ocrx_word' id='word_1_58' title='bbox 1492 1201 1565 1226; x_wconf 88' lang='lat' dir='ltr'>vos</span> <span class='ocrx_word' id='word_1_59' title='bbox 1594 1196 1735 1226; x_wconf 90' lang='lat' dir='ltr'>nostra</span> <span class='ocrx_word' id='word_1_60' title='bbox 1764 1185 2029 1242; x_wconf 87' lang='lat' dir='ltr'>postulasset.</span> 
     </span>
     <span class='ocr_line' id='line_1_11' title="bbox 201 1248 2033 1307; baseline -0.001 -16"><span class='ocrx_word' id='word_1_61' title='bbox 201 1251 303 1291; x_wconf 89' lang='lat' dir='ltr'>Erat</span> <span class='ocrx_word' id='word_1_62' title='bbox 334 1249 376 1289; x_wconf 90' lang='lat' dir='ltr'>id</span> <span class='ocrx_word' id='word_1_63' title='bbox 403 1248 575 1307; x_wconf 82' lang='lat' dir='ltr'>quidem</span> <span class='ocrx_word' id='word_1_64' title='bbox 599 1249 720 1290; x_wconf 90' lang='lat' dir='ltr'>nobis</span> <span class='ocrx_word' id='word_1_65' title='bbox 743 1248 926 1290; x_wconf 81' lang='lat' dir='ltr'>maxime</span> <span class='ocrx_word' id='word_1_66' title='bbox 957 1250 1000 1289; x_wconf 88' lang='lat' dir='ltr'>in</span> <span class='ocrx_word' id='word_1_67' title='bbox 1023 1250 1145 1299; x_wconf 87' lang='lat' dir='ltr'>votis,</span> <span class='ocrx_word' id='word_1_68' title='bbox 1183 1260 1229 1290; x_wconf 89' lang='lat' dir='ltr'>ut</span> <span class='ocrx_word' id='word_1_69' title='bbox 1253 1248 1519 1291; x_wconf 81' lang='lat' dir='ltr'>dilataremus</span> <span class='ocrx_word' id='word_1_70' title='bbox 1549 1249 1659 1291; x_wconf 91' lang='lat' dir='ltr'>illico</span> <span class='ocrx_word' id='word_1_71' title='bbox 1695 1265 1818 1306; x_wconf 89' lang='lat' dir='ltr'>super</span> <span class='ocrx_word' id='word_1_72' title='bbox 1853 1266 1928 1291; x_wconf 91' lang='lat' dir='ltr'>vos</span> <span class='ocrx_word' id='word_1_73' title='bbox 1958 1265 2033 1291; x_wconf 89' lang='lat' dir='ltr'>cor</span> 
     </span>
     <span class='ocr_line' id='line_1_12' title="bbox 200 1313 2034 1372; baseline 0 -17"><span class='ocrx_word' id='word_1_74' title='bbox 200 1325 391 1355; x_wconf 85' lang='lat' dir='ltr'>nostrum</span> <span class='ocrx_word' id='word_1_75' title='bbox 419 1324 542 1370; x_wconf 82' lang='lat' dir='ltr'>atque</span> <span class='ocrx_word' id='word_1_76' title='bbox 575 1313 620 1353; x_wconf 93' lang='lat' dir='ltr'>in</span> <span class='ocrx_word' id='word_1_77' title='bbox 649 1314 1033 1355; x_wconf 81' lang='lat' dir='ltr'>communicatione</span> <span class='ocrx_word' id='word_1_78' title='bbox 1063 1316 1228 1372; x_wconf 86' lang='lat' dir='ltr'>spiritus</span> <span class='ocrx_word' id='word_1_79' title='bbox 1259 1329 1309 1355; x_wconf 87' lang='lat' dir='ltr'>ea</span> <span class='ocrx_word' id='word_1_80' title='bbox 1334 1330 1409 1355; x_wconf 77' lang='lat' dir='ltr'>vos</span> <span class='ocrx_word' id='word_1_81' title='bbox 1440 1315 1763 1372; x_wconf 83' lang='lat' dir='ltr'>adloqueremur</span> <span class='ocrx_word' id='word_1_82' title='bbox 1793 1329 1916 1364; x_wconf 81' lang='lat' dir='ltr'>voce,</span> <span class='ocrx_word' id='word_1_83' title='bbox 1949 1329 2034 1371; x_wconf 89' lang='lat' dir='ltr'>qua</span> 
     </span>
     <span class='ocr_line' id='line_1_13' title="bbox 201 1377 2030 1436; baseline -0.001 -17"><span class='ocrx_word' id='word_1_84' title='bbox 201 1378 449 1420; x_wconf 86' lang='lat' dir='ltr'>confirmare</span> <span class='ocrx_word' id='word_1_85' title='bbox 482 1378 627 1419; x_wconf 85' lang='lat' dir='ltr'>fratres</span> <span class='ocrx_word' id='word_1_86' title='bbox 646 1379 689 1419; x_wconf 90' lang='lat' dir='ltr'>in</span> <span class='ocrx_word' id='word_1_87' title='bbox 713 1394 895 1436; x_wconf 88' lang='lat' dir='ltr'>persona</span> <span class='ocrx_word' id='word_1_88' title='bbox 914 1379 1028 1420; x_wconf 86' lang='lat' dir='ltr'>beati</span> <span class='ocrx_word' id='word_1_89' title='bbox 1048 1379 1161 1420; x_wconf 89' lang='lat' dir='ltr'>Petri</span> <span class='ocrx_word' id='word_1_90' title='bbox 1181 1380 1281 1434; x_wconf 83' lang='lat' dir='ltr'>jussi</span> <span class='ocrx_word' id='word_1_91' title='bbox 1301 1379 1493 1420; x_wconf 89' lang='lat' dir='ltr'>fuimus¹.</span> <span class='ocrx_word' id='word_1_92' title='bbox 1531 1379 1689 1420; x_wconf 87' lang='lat' dir='ltr'>Verum</span> <span class='ocrx_word' id='word_1_93' title='bbox 1717 1378 1852 1436; x_wconf 87' lang='lat' dir='ltr'>probe</span> <span class='ocrx_word' id='word_1_94' title='bbox 1878 1377 2030 1430; x_wconf 89' lang='lat' dir='ltr'>nostis,</span> 
     </span>
     <span class='ocr_line' id='line_1_14' title="bbox 202 1441 2032 1501; baseline -0.001 -17"><span class='ocrx_word' id='word_1_95' title='bbox 202 1458 384 1501; x_wconf 89' lang='lat' dir='ltr'>quanam</span> <span class='ocrx_word' id='word_1_96' title='bbox 407 1442 615 1483; x_wconf 83' lang='lat' dir='ltr'>malorum</span> <span class='ocrx_word' id='word_1_97' title='bbox 635 1459 999 1500; x_wconf 79' lang='lat' dir='ltr'>aerumnarumque</span> <span class='ocrx_word' id='word_1_98' title='bbox 1016 1444 1200 1500; x_wconf 87' lang='lat' dir='ltr'>procella</span> <span class='ocrx_word' id='word_1_99' title='bbox 1214 1443 1356 1501; x_wconf 85' lang='lat' dir='ltr'>primis</span> <span class='ocrx_word' id='word_1_100' title='bbox 1375 1443 1646 1485; x_wconf 75' lang='lat' dir='ltr'>pontificatus</span> <span class='ocrx_word' id='word_1_101' title='bbox 1660 1442 1788 1484; x_wconf 88' lang='lat' dir='ltr'>nostri</span> <span class='ocrx_word' id='word_1_102' title='bbox 1808 1441 2032 1484; x_wconf 89' lang='lat' dir='ltr'>momentis</span> 
     </span>
     <span class='ocr_line' id='line_1_15' title="bbox 200 1506 2034 1565; baseline 0 -17"><span class='ocrx_word' id='word_1_103' title='bbox 200 1508 244 1548; x_wconf 93' lang='lat' dir='ltr'>in</span> <span class='ocrx_word' id='word_1_104' title='bbox 264 1522 357 1548; x_wconf 87' lang='lat' dir='ltr'>eam</span> <span class='ocrx_word' id='word_1_105' title='bbox 375 1506 513 1548; x_wconf 86' lang='lat' dir='ltr'>subito</span> <span class='ocrx_word' id='word_1_106' title='bbox 538 1507 798 1549; x_wconf 85' lang='lat' dir='ltr'>altitudinem</span> <span class='ocrx_word' id='word_1_107' title='bbox 813 1509 938 1548; x_wconf 84' lang='lat' dir='ltr'>maris</span> <span class='ocrx_word' id='word_1_108' title='bbox 962 1509 1041 1548; x_wconf 86' lang='lat' dir='ltr'>acti</span> <span class='ocrx_word' id='word_1_109' title='bbox 1065 1507 1279 1559; x_wconf 76' lang='lat' dir='ltr'>fuerimus,</span> <span class='ocrx_word' id='word_1_110' title='bbox 1304 1508 1344 1548; x_wconf 90' lang='lat' dir='ltr'>in</span> <span class='ocrx_word' id='word_1_111' title='bbox 1364 1524 1463 1565; x_wconf 86' lang='lat' dir='ltr'>qua,</span> <span class='ocrx_word' id='word_1_112' title='bbox 1484 1509 1563 1549; x_wconf 88' lang='lat' dir='ltr'>nisi</span> <span class='ocrx_word' id='word_1_113' title='bbox 1581 1508 1753 1550; x_wconf 85' lang='lat' dir='ltr'>dextera</span> <span class='ocrx_word' id='word_1_114' title='bbox 1776 1508 1853 1548; x_wconf 85' lang='lat' dir='ltr'>Dei</span> <span class='ocrx_word' id='word_1_115' title='bbox 1871 1507 2034 1548; x_wconf 82' lang='lat' dir='ltr'>fecisset</span> 
     </span>
     <span class='ocr_line' id='line_1_16' title="bbox 199 1571 2026 1630; baseline 0 -17"><span class='ocrx_word' id='word_1_116' title='bbox 199 1573 410 1623; x_wconf 80' lang='lat' dir='ltr'>virtutem,</span> <span class='ocrx_word' id='word_1_117' title='bbox 435 1587 486 1613; x_wconf 83' lang='lat' dir='ltr'>ex</span> <span class='ocrx_word' id='word_1_118' title='bbox 507 1573 719 1613; x_wconf 87' lang='lat' dir='ltr'>teterrima</span> <span class='ocrx_word' id='word_1_119' title='bbox 744 1572 970 1629; x_wconf 90' lang='lat' dir='ltr'>impiorum</span> <span class='ocrx_word' id='word_1_120' title='bbox 993 1571 1300 1629; x_wconf 87' lang='lat' dir='ltr'>conspiratione</span> <span class='ocrx_word' id='word_1_121' title='bbox 1323 1573 1410 1615; x_wconf 82' lang='lat' dir='ltr'>Nos</span> <span class='ocrx_word' id='word_1_122' title='bbox 1429 1573 1771 1630; x_wconf 85' lang='lat' dir='ltr'>congemuissetis</span> <span class='ocrx_word' id='word_1_123' title='bbox 1795 1572 2026 1614; x_wconf 81' lang='lat' dir='ltr'>demersos.</span> 
     </span>
     <span class='ocr_line' id='line_1_17' title="bbox 200 1636 2033 1695; baseline 0.001 -19"><span class='ocrx_word' id='word_1_124' title='bbox 200 1637 370 1694; x_wconf 85' lang='lat' dir='ltr'>Refugit</span> <span class='ocrx_word' id='word_1_125' title='bbox 394 1638 555 1678; x_wconf 89' lang='lat' dir='ltr'>animus</span> <span class='ocrx_word' id='word_1_126' title='bbox 578 1637 808 1677; x_wconf 87' lang='lat' dir='ltr'>tristissima</span> <span class='ocrx_word' id='word_1_127' title='bbox 824 1647 888 1677; x_wconf 92' lang='lat' dir='ltr'>tot</span> <span class='ocrx_word' id='word_1_128' title='bbox 907 1636 1195 1678; x_wconf 89' lang='lat' dir='ltr'>discriminum</span> <span class='ocrx_word' id='word_1_129' title='bbox 1219 1638 1464 1679; x_wconf 83' lang='lat' dir='ltr'>recensione</span> <span class='ocrx_word' id='word_1_130' title='bbox 1489 1648 1725 1695; x_wconf 89' lang='lat' dir='ltr'>susceptum</span> <span class='ocrx_word' id='word_1_131' title='bbox 1747 1636 1848 1678; x_wconf 89' lang='lat' dir='ltr'>inde</span> <span class='ocrx_word' id='word_1_132' title='bbox 1879 1651 2033 1677; x_wconf 87' lang='lat' dir='ltr'>moero-</span> 
     </span>
     <span class='ocr_line' id='line_1_18' title="bbox 200 1700 2032 1758; baseline 0.001 -17"><span class='ocrx_word' id='word_1_133' title='bbox 200 1716 291 1741; x_wconf 88' lang='lat' dir='ltr'>rem</span> <span class='ocrx_word' id='word_1_134' title='bbox 312 1700 532 1754; x_wconf 75' lang='lat' dir='ltr'>refricare3</span> <span class='ocrx_word' id='word_1_135' title='bbox 550 1700 747 1758; x_wconf 78' lang='lat' dir='ltr'>Patrique</span> <span class='ocrx_word' id='word_1_136' title='bbox 770 1701 911 1758; x_wconf 89' lang='lat' dir='ltr'>potius</span> <span class='ocrx_word' id='word_1_137' title='bbox 935 1702 1069 1742; x_wconf 89' lang='lat' dir='ltr'>omnis</span> <span class='ocrx_word' id='word_1_138' title='bbox 1092 1701 1392 1743; x_wconf 82' lang='lat' dir='ltr'>consolationis</span> <span class='ocrx_word' id='word_1_139' title='bbox 1411 1701 1716 1752; x_wconf 87' lang='lat' dir='ltr'>benedicimus,</span> <span class='ocrx_word' id='word_1_140' title='bbox 1743 1701 1827 1758; x_wconf 88' lang='lat' dir='ltr'>qui,</span> <span class='ocrx_word' id='word_1_141' title='bbox 1851 1700 2032 1755; x_wconf 85' lang='lat' dir='ltr'>disjectis</span> 
     </span>
     <span class='ocr_line' id='line_1_19' title="bbox 200 1763 2033 1824; baseline 0.001 -19"><span class='ocrx_word' id='word_1_142' title='bbox 200 1763 508 1822; x_wconf 80' lang='lat' dir='ltr'>perduellibus,</span> <span class='ocrx_word' id='word_1_143' title='bbox 540 1767 734 1822; x_wconf 58' lang='lat' dir='ltr'>primenti</span> <span class='ocrx_word' id='word_1_144' title='bbox 757 1765 846 1806; x_wconf 84' lang='lat' dir='ltr'>Nos</span> <span class='ocrx_word' id='word_1_145' title='bbox 873 1766 1026 1823; x_wconf 87' lang='lat' dir='ltr'>eripuit</span> <span class='ocrx_word' id='word_1_146' title='bbox 1062 1766 1271 1824; x_wconf 81' lang='lat' dir='ltr'>periculo,</span> <span class='ocrx_word' id='word_1_147' title='bbox 1306 1777 1454 1823; x_wconf 85' lang='lat' dir='ltr'>atque,</span> <span class='ocrx_word' id='word_1_148' title='bbox 1488 1766 1846 1807; x_wconf 88' lang='lat' dir='ltr'>turbulentissima</span> <span class='ocrx_word' id='word_1_149' title='bbox 1889 1765 2033 1806; x_wconf 89' lang='lat' dir='ltr'>sedata</span> 
     </span>
     <span class='ocr_line' id='line_1_20' title="bbox 200 1829 2032 1888; baseline 0.001 -19"><span class='ocrx_word' id='word_1_150' title='bbox 200 1839 462 1886; x_wconf 85' lang='lat' dir='ltr'>tempestate,</span> <span class='ocrx_word' id='word_1_151' title='bbox 493 1829 611 1870; x_wconf 84' lang='lat' dir='ltr'>dedit</span> <span class='ocrx_word' id='word_1_152' title='bbox 630 1846 653 1870; x_wconf 90' lang='lat' dir='ltr'>a</span> <span class='ocrx_word' id='word_1_153' title='bbox 679 1841 794 1870; x_wconf 84' lang='lat' dir='ltr'>metu</span> <span class='ocrx_word' id='word_1_154' title='bbox 817 1831 1039 1887; x_wconf 88' lang='lat' dir='ltr'>respirare.</span> <span class='ocrx_word' id='word_1_155' title='bbox 1076 1831 1378 1888; x_wconf 86' lang='lat' dir='ltr'>Proposuimus</span> <span class='ocrx_word' id='word_1_156' title='bbox 1407 1831 1518 1872; x_wconf 89' lang='lat' dir='ltr'>illico</span> <span class='ocrx_word' id='word_1_157' title='bbox 1550 1832 1768 1872; x_wconf 86' lang='lat' dir='ltr'>vobiscum</span> <span class='ocrx_word' id='word_1_158' title='bbox 1794 1831 2032 1871; x_wconf 86' lang='lat' dir='ltr'>communi-</span> 
     </span>
     <span class='ocr_line' id='line_1_21' title="bbox 202 1892 2026 1953; baseline 0.001 -20"><span class='ocrx_word' id='word_1_159' title='bbox 202 1908 295 1934; x_wconf 87' lang='lat' dir='ltr'>care</span> <span class='ocrx_word' id='word_1_160' title='bbox 331 1893 501 1934; x_wconf 88' lang='lat' dir='ltr'>consilia</span> <span class='ocrx_word' id='word_1_161' title='bbox 539 1893 592 1934; x_wconf 90' lang='lat' dir='ltr'>ad</span> <span class='ocrx_word' id='word_1_162' title='bbox 629 1894 838 1935; x_wconf 89' lang='lat' dir='ltr'>sanandas</span> <span class='ocrx_word' id='word_1_163' title='bbox 879 1894 1150 1936; x_wconf 87' lang='lat' dir='ltr'>contritiones</span> <span class='ocrx_word' id='word_1_164' title='bbox 1184 1894 1334 1948; x_wconf 87' lang='lat' dir='ltr'>Isr·ael</span> <span class='ocrx_word' id='word_1_165' title='bbox 1368 1894 1473 1936; x_wconf 83' lang='grc' dir='ltr'>5οἃ</span> <span class='ocrx_word' id='word_1_166' title='bbox 1464 1910 1610 1953; x_wconf 84' lang='lat' dir='ltr'>mgens</span> <span class='ocrx_word' id='word_1_167' title='bbox 1642 1909 1838 1936; x_wconf 88' lang='lat' dir='ltr'>curarum</span> <span class='ocrx_word' id='word_1_168' title='bbox 1868 1892 2026 1945; x_wconf 90' lang='lat' dir='ltr'>moles,</span> 
     </span>
     <span class='ocr_line' id='line_1_22' title="bbox 202 1928 2031 2016; baseline 0.002 -19"><span class='ocrx_word' id='word_1_169' title='bbox 202 1958 379 2014; x_wconf 83' lang='lat' dir='ltr'>quibus&#39;</span> <span class='ocrx_word' id='word_1_170' title='bbox 369 1974 413 1998; x_wconf 88' lang='grc'>10</span> <span class='ocrx_word' id='word_1_171' title='bbox 437 1957 702 2000; x_wconf 84' lang='lat' dir='ltr'>concilianda</span> <span class='ocrx_word' id='word_1_172' title='bbox 724 1959 883 2016; x_wconf 88' lang='lat' dir='ltr'>publici</span> <span class='ocrx_word' id='word_1_173' title='bbox 905 1959 1064 2001; x_wconf 87' lang='lat' dir='ltr'>ordinis</span> <span class='ocrx_word' id='word_1_174' title='bbox 1094 1928 1357 2001; x_wconf 61' lang='lat' dir='ltr'>restitutio-tie</span> <span class='ocrx_word' id='word_1_175' title='bbox 1379 1960 1520 2001; x_wconf 87' lang='lat' dir='ltr'>obruti</span> <span class='ocrx_word' id='word_1_176' title='bbox 1543 1960 1714 2012; x_wconf 83' lang='lat' dir='ltr'>fuimus,</span> <span class='ocrx_word' id='word_1_177' title='bbox 1742 1974 1907 2000; x_wconf 86' lang='lat' dir='ltr'>moram</span> <span class='ocrx_word' id='word_1_178' title='bbox 1930 1969 2031 2000; x_wconf 87' lang='lat' dir='ltr'>tuuc</span> 
     </span>
     <span class='ocr_line' id='line_1_23' title="bbox 201 2024 888 2080; baseline 0.003 -17"><span class='ocrx_word' id='word_1_179' title='bbox 201 2034 354 2064; x_wconf 80' lang='lat' dir='ltr'>nostrae</span> <span class='ocrx_word' id='word_1_180' title='bbox 377 2024 474 2064; x_wconf 88' lang='lat' dir='ltr'>huic</span> <span class='ocrx_word' id='word_1_181' title='bbox 492 2024 647 2080; x_wconf 87' lang='lat' dir='ltr'>objecit</span> <span class='ocrx_word' id='word_1_182' title='bbox 668 2024 888 2065; x_wconf 84' lang='lat' dir='ltr'>voluntati.</span> 
     </span>
    </p>
   </div>
   <div class='ocr_carea' id='block_1_8' title="bbox 199 2110 2030 2556">
    <p class='ocr_par' dir='ltr' id='par_1_8' title="bbox 199 2110 2030 2556">
     <span class='ocr_line' id='line_1_24' title="bbox 259 2110 2030 2169; baseline 0.002 -19"><span class='ocrx_word' id='word_1_183' title='bbox 259 2110 378 2151; x_wconf 84' lang='lat' dir='ltr'>Nova</span> <span class='ocrx_word' id='word_1_184' title='bbox 402 2110 569 2152; x_wconf 88' lang='lat' dir='ltr'>interim</span> <span class='ocrx_word' id='word_1_185' title='bbox 591 2113 762 2153; x_wconf 82' lang='lat' dir='ltr'>accessit</span> <span class='ocrx_word' id='word_1_186' title='bbox 783 2128 908 2154; x_wconf 89' lang='lat' dir='ltr'>causa</span> <span class='ocrx_word' id='word_1_187' title='bbox 932 2114 1098 2166; x_wconf 88' lang='lat' dir='ltr'>silentii,</span> <span class='ocrx_word' id='word_1_188' title='bbox 1125 2115 1180 2154; x_wconf 91' lang='lat' dir='ltr'>ob</span> <span class='ocrx_word' id='word_1_189' title='bbox 1204 2114 1476 2155; x_wconf 78' lang='lat' dir='ltr'>factiosmum</span> <span class='ocrx_word' id='word_1_190' title='bbox 1502 2113 1793 2164; x_wconf 85' lang='lat' dir='ltr'>insolentiam,</span> <span class='ocrx_word' id='word_1_191' title='bbox 1820 2112 1891 2168; x_wconf 90' lang='lat' dir='ltr'>qui</span> <span class='ocrx_word' id='word_1_192' title='bbox 1911 2111 2030 2169; x_wconf 79' lang='lat' dir='ltr'>signa</span> 
     </span>
     <span class='ocr_line' id='line_1_25' title="bbox 200 2174 2029 2246; baseline 0.001 -31"><span class='ocrx_word' id='word_1_193' title='bbox 200 2174 499 2246; x_wconf 78' lang='lat' dir='ltr'>perduellionis</span> <span class='ocrx_word' id='word_1_194' title='bbox 521 2177 675 2217; x_wconf 91' lang='lat' dir='ltr'>iterum</span> <span class='ocrx_word' id='word_1_195' title='bbox 699 2177 888 2219; x_wconf 85' lang='lat' dir='ltr'>attollere</span> <span class='ocrx_word' id='word_1_196' title='bbox 912 2179 1052 2218; x_wconf 88' lang='lat' dir='ltr'>conati</span> <span class='ocrx_word' id='word_1_197' title='bbox 1069 2190 1180 2220; x_wconf 88' lang='lat' dir='ltr'>sunt</span> <span class='ocrx_word' id='word_1_198' title='bbox 1206 2179 1294 2220; x_wconf 86' lang='lat' dir='ltr'>Nos</span> <span class='ocrx_word' id='word_1_199' title='bbox 1316 2178 1488 2236; x_wconf 85' lang='lat' dir='ltr'>quidem</span> <span class='ocrx_word' id='word_1_200' title='bbox 1508 2189 1667 2219; x_wconf 89' lang='lat' dir='ltr'>tantam</span> <span class='ocrx_word' id='word_1_201' title='bbox 1689 2178 1911 2219; x_wconf 89' lang='lat' dir='ltr'>hominum</span> <span class='ocrx_word' id='word_1_202' title='bbox 1930 2192 2029 2233; x_wconf 90' lang='lat' dir='ltr'>per-</span> 
     </span>
     <span class='ocr_line' id='line_1_26' title="bbox 200 2239 2029 2300; baseline 0.002 -22"><span class='ocrx_word' id='word_1_203' title='bbox 200 2239 413 2294; x_wconf 83' lang='lat' dir='ltr'>vicaciam,</span> <span class='ocrx_word' id='word_1_204' title='bbox 435 2256 614 2297; x_wconf 88' lang='lat' dir='ltr'>quorum</span> <span class='ocrx_word' id='word_1_205' title='bbox 636 2240 864 2283; x_wconf 86' lang='lat' dir='ltr'>effrenatus</span> <span class='ocrx_word' id='word_1_206' title='bbox 890 2242 1007 2283; x_wconf 88' lang='lat' dir='ltr'>fu101</span> <span class='ocrx_word' id='word_1_207' title='bbox 1041 2242 1290 2300; x_wconf 83' lang='lat' dir='ltr'>impunitate</span> <span class='ocrx_word' id='word_1_208' title='bbox 1321 2243 1539 2296; x_wconf 88' lang='lat' dir='ltr'>diuturna,</span> <span class='ocrx_word' id='word_1_209' title='bbox 1577 2243 1856 2299; x_wconf 62' lang='lat' dir='ltr'>impensaeque</span> <span class='ocrx_word' id='word_1_210' title='bbox 1876 2251 2029 2282; x_wconf 87' lang='lat' dir='ltr'>nostrae</span> 
     </span>
     <span class='ocr_line' id='line_1_27' title="bbox 200 2303 2030 2365; baseline 0.002 -22"><span class='ocrx_word' id='word_1_211' title='bbox 200 2303 469 2360; x_wconf 82' lang='lat' dir='ltr'>benignitatis</span> <span class='ocrx_word' id='word_1_212' title='bbox 484 2305 745 2363; x_wconf 84' lang='lat' dir='ltr'>indulgentia</span> <span class='ocrx_word' id='word_1_213' title='bbox 768 2322 855 2347; x_wconf 89' lang='lat' dir='ltr'>non</span> <span class='ocrx_word' id='word_1_214' title='bbox 876 2305 1058 2358; x_wconf 88' lang='lat' dir='ltr'>deliniri,</span> <span class='ocrx_word' id='word_1_215' title='bbox 1081 2307 1155 2348; x_wconf 86' lang='lat' dir='ltr'>sed</span> <span class='ocrx_word' id='word_1_216' title='bbox 1180 2308 1232 2348; x_wconf 90' lang='lat' dir='ltr'>ali</span> <span class='ocrx_word' id='word_1_217' title='bbox 1266 2309 1405 2365; x_wconf 85' lang='lat' dir='ltr'>potius</span> <span class='ocrx_word' id='word_1_218' title='bbox 1426 2306 1780 2365; x_wconf 67' lang='lat' dir='ltr'>conspiciebatm,</span> <span class='ocrx_word' id='word_1_219' title='bbox 1809 2305 2030 2347; x_wconf 88' lang='lat' dir='ltr'>debuimus</span> 
     </span>
     <span class='ocr_line' id='line_1_28' title="bbox 201 2367 2026 2427; baseline 0.002 -20"><span class='ocrx_word' id='word_1_220' title='bbox 201 2367 395 2418; x_wconf 81' lang='lat' dir='ltr'>tandem,</span> <span class='ocrx_word' id='word_1_221' title='bbox 428 2369 586 2427; x_wconf 81' lang='lat' dir='ltr'>ingenti</span> <span class='ocrx_word' id='word_1_222' title='bbox 618 2371 712 2412; x_wconf 89' lang='lat' dir='ltr'>licet</span> <span class='ocrx_word' id='word_1_223' title='bbox 745 2387 842 2412; x_wconf 90' lang='lat' dir='ltr'>cum</span> <span class='ocrx_word' id='word_1_224' title='bbox 872 2387 1074 2424; x_wconf 83' lang='lat' dir='ltr'>moerore,</span> <span class='ocrx_word' id='word_1_225' title='bbox 1116 2387 1167 2413; x_wconf 79' lang='lat' dir='ltr'>ex</span> <span class='ocrx_word' id='word_1_226' title='bbox 1199 2372 1347 2413; x_wconf 89' lang='lat' dir='ltr'>collata</span> <span class='ocrx_word' id='word_1_227' title='bbox 1370 2372 1504 2413; x_wconf 79' lang='lat' dir='ltr'>Nobis</span> <span class='ocrx_word' id='word_1_228' title='bbox 1536 2371 1732 2412; x_wconf 73' lang='lat' dir='ltr'>divinitus</span> <span class='ocrx_word' id='word_1_229' title='bbox 1765 2371 2026 2420; x_wconf 77' lang='lat' dir='ltr'>auctoritate,</span> 
     </span>
     <span class='ocr_line' id='line_1_29' title="bbox 199 2432 2029 2494; baseline 0.003 -24"><span class='ocrx_word' id='word_1_230' title='bbox 199 2432 314 2489; x_wconf 85' lang='lat' dir='ltr'>virga</span> <span class='ocrx_word' id='word_1_231' title='bbox 340 2434 655 2491; x_wconf 32' lang='lat' dir='ltr'>compescere—²3</span> <span class='ocrx_word' id='word_1_232' title='bbox 687 2451 736 2476; x_wconf 88' lang='lat' dir='ltr'>ex</span> <span class='ocrx_word' id='word_1_233' title='bbox 759 2452 859 2493; x_wconf 82' lang='lat' dir='ltr'>quo,</span> <span class='ocrx_word' id='word_1_234' title='bbox 888 2447 1014 2493; x_wconf 88' lang='lat' dir='ltr'>prout</span> <span class='ocrx_word' id='word_1_235' title='bbox 1033 2437 1120 2492; x_wconf 81' lang='lat' dir='ltr'>jam</span> <span class='ocrx_word' id='word_1_236' title='bbox 1145 2437 1276 2494; x_wconf 87' lang='lat' dir='ltr'>probe</span> <span class='ocrx_word' id='word_1_237' title='bbox 1299 2437 1505 2492; x_wconf 79' lang='lat' dir='ltr'>conjicere</span> <span class='ocrx_word' id='word_1_238' title='bbox 1526 2435 1716 2494; x_wconf 85' lang='lat' dir='ltr'>potestis,</span> <span class='ocrx_word' id='word_1_239' title='bbox 1749 2436 1966 2492; x_wconf 87' lang='lat' dir='ltr'>operosior</span> <span class='ocrx_word' id='word_1_240' title='bbox 1984 2435 2029 2475; x_wconf 91' lang='lat' dir='ltr'>in</span> 
     </span>
     <span class='ocr_line' id='line_1_30' title="bbox 202 2494 1166 2556; baseline 0.006 -21"><span class='ocrx_word' id='word_1_241' title='bbox 202 2494 289 2536; x_wconf 86' lang='lat' dir='ltr'>dies</span> <span class='ocrx_word' id='word_1_242' title='bbox 311 2497 508 2538; x_wconf 83' lang='lat' dir='ltr'>instantia</span> <span class='ocrx_word' id='word_1_243' title='bbox 530 2510 671 2539; x_wconf 87' lang='lat' dir='ltr'>nostra</span> <span class='ocrx_word' id='word_1_244' title='bbox 688 2500 935 2556; x_wconf 89' lang='lat' dir='ltr'>quotidiana</span> <span class='ocrx_word' id='word_1_245' title='bbox 959 2500 1067 2541; x_wconf 90' lang='lat' dir='ltr'>facta</span> <span class='ocrx_word' id='word_1_246' title='bbox 1090 2512 1166 2542; x_wconf 86' lang='lat' dir='ltr'>est.</span> 
     </span>
    </p>
   </div>
   <div class='ocr_carea' id='block_1_9' title="bbox 200 2579 2029 3150">
    <p class='ocr_par' dir='ltr' id='par_1_9' title="bbox 200 2579 2029 3150">
     <span class='ocr_line' id='line_1_31' title="bbox 258 2579 2029 2641; baseline 0.002 -23"><span class='ocrx_word' id='word_1_247' title='bbox 258 2579 335 2618; x_wconf 90' lang='lat' dir='ltr'>Ast</span> <span class='ocrx_word' id='word_1_248' title='bbox 366 2595 483 2629; x_wconf 90' lang='lat' dir='ltr'>cum,</span> <span class='ocrx_word' id='word_1_249' title='bbox 526 2580 640 2636; x_wconf 86' lang='lat' dir='ltr'>quod</span> <span class='ocrx_word' id='word_1_250' title='bbox 671 2581 808 2638; x_wconf 87' lang='lat' dir='ltr'>ipsum</span> <span class='ocrx_word' id='word_1_251' title='bbox 839 2581 987 2623; x_wconf 86' lang='lat' dir='ltr'>iisdem</span> <span class='ocrx_word' id='word_1_252' title='bbox 1015 2598 1067 2623; x_wconf 80' lang='lat' dir='ltr'>ex</span> <span class='ocrx_word' id='word_1_253' title='bbox 1098 2584 1230 2624; x_wconf 90' lang='lat' dir='ltr'>causis</span> <span class='ocrx_word' id='word_1_254' title='bbox 1259 2583 1567 2632; x_wconf 84' lang='lat' dir='ltr'>distuleramus,</span> <span class='ocrx_word' id='word_1_255' title='bbox 1604 2584 1692 2639; x_wconf 84' lang='lat' dir='ltr'>jam</span> <span class='ocrx_word' id='word_1_256' title='bbox 1723 2583 2029 2641; x_wconf 88' lang='lat' dir='ltr'>possessionem</span> 
     </span>
     <span class='ocr_line' id='line_1_32' title="bbox 201 2642 2027 2704; baseline 0.003 -22"><span class='ocrx_word' id='word_1_257' title='bbox 201 2642 472 2683; x_wconf 88' lang='lat' dir='ltr'>Pontificatus</span> <span class='ocrx_word' id='word_1_258' title='bbox 503 2644 546 2684; x_wconf 91' lang='grc'>111</span> <span class='ocrx_word' id='word_1_259' title='bbox 582 2645 853 2685; x_wconf 83' lang='lat' dir='ltr'>Lateranensi</span> <span class='ocrx_word' id='word_1_260' title='bbox 887 2647 1059 2687; x_wconf 81' lang='lat' dir='ltr'>Basilica</span> <span class='ocrx_word' id='word_1_261' title='bbox 1097 2663 1147 2687; x_wconf 79' lang='lat' dir='ltr'>ex</span> <span class='ocrx_word' id='word_1_262' title='bbox 1178 2663 1296 2688; x_wconf 87' lang='lat' dir='ltr'>more</span> <span class='ocrx_word' id='word_1_263' title='bbox 1332 2647 1603 2704; x_wconf 83' lang='lat' dir='ltr'>institutoque</span> <span class='ocrx_word' id='word_1_264' title='bbox 1635 2650 1842 2703; x_wconf 89' lang='lat' dir='ltr'>majorum</span> <span class='ocrx_word' id='word_1_265' title='bbox 1881 2647 2027 2688; x_wconf 86' lang='lat' dir='ltr'>adive-</span> 
     </span>
     <span class='ocr_line' id='line_1_33' title="bbox 200 2705 2028 2769; baseline 0.003 -23"><span class='ocrx_word' id='word_1_266' title='bbox 200 2705 343 2756; x_wconf 88' lang='lat' dir='ltr'>rimus,</span> <span class='ocrx_word' id='word_1_267' title='bbox 382 2708 497 2748; x_wconf 89' lang='lat' dir='ltr'>omni</span> <span class='ocrx_word' id='word_1_268' title='bbox 535 2708 705 2749; x_wconf 86' lang='lat' dir='ltr'>demum</span> <span class='ocrx_word' id='word_1_269' title='bbox 730 2711 891 2764; x_wconf 83' lang='lat' dir='ltr'>abjecta</span> <span class='ocrx_word' id='word_1_270' title='bbox 925 2712 1214 2765; x_wconf 85' lang='lat' dir='ltr'>cunctatione,</span> <span class='ocrx_word' id='word_1_271' title='bbox 1243 2711 1296 2751; x_wconf 89' lang='lat' dir='ltr'>ad</span> <span class='ocrx_word' id='word_1_272' title='bbox 1327 2727 1400 2752; x_wconf 89' lang='lat' dir='ltr'>vos</span> <span class='ocrx_word' id='word_1_273' title='bbox 1434 2727 1730 2769; x_wconf 89' lang='lat' dir='ltr'>properamus,</span> <span class='ocrx_word' id='word_1_274' title='bbox 1757 2710 2028 2753; x_wconf 84' lang='lat' dir='ltr'>Venerabiles</span> 
     </span>
     <span class='ocr_line' id='line_1_34' title="bbox 200 2770 2027 2832; baseline 0.002 -21"><span class='ocrx_word' id='word_1_275' title='bbox 200 2770 380 2825; x_wconf 82' lang='lat' dir='ltr'>Fratres,</span> <span class='ocrx_word' id='word_1_276' title='bbox 401 2782 633 2828; x_wconf 86' lang='lat' dir='ltr'>testemque</span> <span class='ocrx_word' id='word_1_277' title='bbox 661 2785 814 2813; x_wconf 57' lang='lat' dir='ltr'>nostrae</span> <span class='ocrx_word' id='word_1_278' title='bbox 840 2789 936 2831; x_wconf 79' lang='lat' dir='ltr'>erga</span> <span class='ocrx_word' id='word_1_279' title='bbox 953 2789 1026 2814; x_wconf 74' lang='lat' dir='ltr'>vos</span> <span class='ocrx_word' id='word_1_280' title='bbox 1049 2774 1273 2815; x_wconf 75' lang='lat' dir='ltr'>voluntatis</span> <span class='ocrx_word' id='word_1_281' title='bbox 1299 2775 1518 2832; x_wconf 90' lang='lat' dir='ltr'>epistolam</span> <span class='ocrx_word' id='word_1_282' title='bbox 1543 2776 1692 2817; x_wconf 82' lang='lat' dir='ltr'>(lamus</span> <span class='ocrx_word' id='word_1_283' title='bbox 1715 2776 1923 2817; x_wconf 77' lang='lat' dir='ltr'>laetissimo</span> <span class='ocrx_word' id='word_1_284' title='bbox 1946 2776 2027 2815; x_wconf 90' lang='lat' dir='ltr'>hoc</span> 
     </span>
     <span class='ocr_line' id='line_1_35' title="bbox 202 2833 2026 2898; baseline 0.003 -23"><span class='ocrx_word' id='word_1_285' title='bbox 202 2833 286 2888; x_wconf 83' lang='lat' dir='ltr'>die,</span> <span class='ocrx_word' id='word_1_286' title='bbox 306 2850 390 2892; x_wconf 92' lang='lat' dir='ltr'>quo</span> <span class='ocrx_word' id='word_1_287' title='bbox 412 2835 464 2876; x_wconf 89' lang='lat' dir='ltr'>de</span> <span class='ocrx_word' id='word_1_288' title='bbox 479 2835 662 2893; x_wconf 85' lang='lat' dir='ltr'>Virginis</span> <span class='ocrx_word' id='word_1_289' title='bbox 684 2837 952 2878; x_wconf 82' lang='lat' dir='ltr'>sanctissimae</span> <span class='ocrx_word' id='word_1_290' title='bbox 972 2839 1016 2878; x_wconf 90' lang='grc'>111</span> <span class='ocrx_word' id='word_1_291' title='bbox 1042 2838 1192 2878; x_wconf 88' lang='lat' dir='ltr'>coelum</span> <span class='ocrx_word' id='word_1_292' title='bbox 1213 2851 1433 2897; x_wconf 55' lang='lat' dir='ltr'>assumpta*</span> <span class='ocrx_word' id='word_1_293' title='bbox 1453 2841 1666 2898; x_wconf 88' lang='lat' dir='ltr'>triumpho</span> <span class='ocrx_word' id='word_1_294' title='bbox 1690 2841 1893 2883; x_wconf 88' lang='lat' dir='ltr'>solemnia</span> <span class='ocrx_word' id='word_1_295' title='bbox 1921 2839 2026 2880; x_wconf 85' lang='lat' dir='ltr'>festa</span> 
     </span>
     <span class='ocr_line' id='line_1_36' title="bbox 200 2900 2026 2963; baseline 0.003 -24"><span class='ocrx_word' id='word_1_296' title='bbox 200 2900 453 2957; x_wconf 81' lang='lat' dir='ltr'>peragimus,</span> <span class='ocrx_word' id='word_1_297' title='bbox 476 2911 523 2940; x_wconf 91' lang='lat' dir='ltr'>ut</span> <span class='ocrx_word' id='word_1_298' title='bbox 544 2916 669 2957; x_wconf 90' lang='lat' dir='ltr'>quam</span> <span class='ocrx_word' id='word_1_299' title='bbox 688 2913 909 2958; x_wconf 83' lang='lat' dir='ltr'>patronam</span> <span class='ocrx_word' id='word_1_300' title='bbox 930 2918 976 2942; x_wconf 88' lang='lat' dir='ltr'>ac</span> <span class='ocrx_word' id='word_1_301' title='bbox 1007 2904 1205 2960; x_wconf 85' lang='lat' dir='ltr'>sospitam</span> <span class='ocrx_word' id='word_1_302' title='bbox 1227 2905 1335 2944; x_wconf 86' lang='lat' dir='ltr'>inter</span> <span class='ocrx_word' id='word_1_303' title='bbox 1358 2906 1540 2946; x_wconf 82' lang='lat' dir='ltr'>maxima</span> <span class='ocrx_word' id='word_1_304' title='bbox 1561 2922 1745 2963; x_wconf 85' lang='lat' dir='ltr'>quasque</span> <span class='ocrx_word' id='word_1_305' title='bbox 1772 2905 2026 2947; x_wconf 86' lang='lat' dir='ltr'>calamitates</span> 
     </span>
     <span class='ocr_line' id='line_1_37' title="bbox 200 2963 2025 3028; baseline 0.003 -24"><span class='ocrx_word' id='word_1_306' title='bbox 200 2963 493 3020; x_wconf 84' lang='lat' dir='ltr'>persensimus,</span> <span class='ocrx_word' id='word_1_307' title='bbox 521 2966 609 3022; x_wconf 85' lang='lat' dir='ltr'>ipsa</span> <span class='ocrx_word' id='word_1_308' title='bbox 643 2976 684 3006; x_wconf 90' lang='lat' dir='ltr'>et</span> <span class='ocrx_word' id='word_1_309' title='bbox 709 2967 984 3007; x_wconf 88' lang='lat' dir='ltr'>scribentibus</span> <span class='ocrx_word' id='word_1_310' title='bbox 1020 2966 1074 3006; x_wconf 91' lang='lat' dir='ltr'>ad</span> <span class='ocrx_word' id='word_1_311' title='bbox 1102 2983 1174 3008; x_wconf 88' lang='lat' dir='ltr'>vos</span> <span class='ocrx_word' id='word_1_312' title='bbox 1193 2967 1325 3008; x_wconf 81' lang='lat' dir='ltr'>Nobis</span> <span class='ocrx_word' id='word_1_313' title='bbox 1358 2968 1491 3010; x_wconf 84' lang='lat' dir='ltr'>adstet</span> <span class='ocrx_word' id='word_1_314' title='bbox 1526 2972 1726 3028; x_wconf 87' lang='lat' dir='ltr'>propitia,</span> <span class='ocrx_word' id='word_1_315' title='bbox 1760 2980 2025 3025; x_wconf 87' lang='lat' dir='ltr'>mentemque</span> 
     </span>
     <span class='ocr_line' id='line_1_38' title="bbox 200 3028 2025 3093; baseline 0.003 -25"><span class='ocrx_word' id='word_1_316' title='bbox 200 3039 387 3069; x_wconf 88' lang='lat' dir='ltr'>nostram</span> <span class='ocrx_word' id='word_1_317' title='bbox 404 3028 557 3070; x_wconf 87' lang='lat' dir='ltr'>coelesti</span> <span class='ocrx_word' id='word_1_318' title='bbox 580 3028 721 3071; x_wconf 87' lang='lat' dir='ltr'>afflatu</span> <span class='ocrx_word' id='word_1_319' title='bbox 740 3046 814 3071; x_wconf 90' lang='lat' dir='ltr'>suo</span> <span class='ocrx_word' id='word_1_320' title='bbox 835 3031 878 3071; x_wconf 92' lang='grc'>111</span> <span class='ocrx_word' id='word_1_321' title='bbox 896 3047 943 3073; x_wconf 88' lang='lat' dir='ltr'>ea</span> <span class='ocrx_word' id='word_1_322' title='bbox 965 3030 1139 3072; x_wconf 87' lang='lat' dir='ltr'>inducat</span> <span class='ocrx_word' id='word_1_323' title='bbox 1156 3032 1343 3084; x_wconf 83' lang='lat' dir='ltr'>consilia,</span> <span class='ocrx_word' id='word_1_324' title='bbox 1374 3049 1464 3090; x_wconf 82' lang='lat' dir='ltr'>quae</span> <span class='ocrx_word' id='word_1_325' title='bbox 1487 3035 1709 3077; x_wconf 86' lang='lat' dir='ltr'>christiano</span> <span class='ocrx_word' id='word_1_326' title='bbox 1741 3033 1855 3093; x_wconf 83' lang='lat' dir='ltr'>gregi</span> <span class='ocrx_word' id='word_1_327' title='bbox 1887 3034 2025 3075; x_wconf 86' lang='lat' dir='ltr'>futura</span> 
     </span>
     <span class='ocr_line' id='line_1_39' title="bbox 201 3093 855 3150; baseline 0.006 -18"><span class='ocrx_word' id='word_1_328' title='bbox 201 3093 282 3133; x_wconf 86' lang='lat' dir='ltr'>sint</span> <span class='ocrx_word' id='word_1_329' title='bbox 302 3109 428 3150; x_wconf 88' lang='lat' dir='ltr'>quem</span> <span class='ocrx_word' id='word_1_330' title='bbox 449 3095 628 3135; x_wconf 88' lang='lat' dir='ltr'>maxime</span> <span class='ocrx_word' id='word_1_331' title='bbox 647 3094 855 3137; x_wconf 86' lang='lat' dir='ltr'>salutaria.</span> 
     </span>
    </p>
   </div>
   <div class='ocr_carea' id='block_1_10' title="bbox 246 3181 590 3271">
    <p class='ocr_par' dir='ltr' id='par_1_10' title="bbox 246 3181 590 3271">
     <span class='ocr_line' id='line_1_40' title="bbox 252 3181 590 3225; baseline 0.009 -11"><span class='ocrx_word' id='word_1_332' title='bbox 252 3183 282 3214; x_wconf 84' lang='lat'>1.</span> <span class='ocrx_word' id='word_1_333' title='bbox 310 3181 396 3215; x_wconf 57' lang='lat' dir='ltr'>Luc²</span> <span class='ocrx_word' id='word_1_334' title='bbox 424 3194 511 3225; x_wconf 74' lang='lat' dir='ltr'>xxu,</span> <span class='ocrx_word' id='word_1_335' title='bbox 533 3185 590 3217; x_wconf 83' lang='lat'>32.</span> 
     </span>
     <span class='ocr_line' id='line_1_41' title="bbox 246 3228 582 3271; baseline 0.009 -10"><span class='ocrx_word' id='word_1_336' title='bbox 246 3230 280 3262; x_wconf 66' lang='lat'>2.</span> <span class='ocrx_word' id='word_1_337' title='bbox 309 3228 326 3259; x_wconf 91' lang='grc' dir='ltr'>Ι</span> <span class='ocrx_word' id='word_1_338' title='bbox 347 3228 428 3262; x_wconf 93' lang='lat' dir='ltr'>Cor.</span> <span class='ocrx_word' id='word_1_339' title='bbox 450 3242 500 3271; x_wconf 77' lang='lat' dir='ltr'>iv,</span> <span class='ocrx_word' id='word_1_340' title='bbox 525 3232 582 3264; x_wconf 73' lang='lat'>21,</span> 
     </span>
    </p>
   </div>
  </div>
 </body>
</html>
