2135 3442
222 136 297 171 270
836 133 1142 170 ALLOCUTION
1173 131 1234 170 DE
1264 133 1343 169 PIE
1369 133 1441 169 IX.

221 224 329 263 hanc
360 221 474 263 Petri
504 220 760 264 Cathedram
795 236 1036 278 expugnare
1070 221 1358 262 connituntur.
1391 222 1453 261 Ac
1480 234 1609 260 nemo
1640 235 1730 261 non
1754 223 1870 265 videt
1900 224 2052 281 quibus

219 285 468 344 quantisque
487 285 606 327 malis
633 298 674 328 et
691 286 856 328 damnis
879 285 1031 327 Christi
1056 285 1165 327 ovile
1199 285 1335 327 Nobis
1369 284 1676 338 concreditum,
1700 300 1748 326 ac
1767 287 1836 328 vel
1858 287 1948 345 ipsa
1966 289 2050 330 hu—

217 367 344 392 mana
377 351 553 392 societas
586 353 863 393 tenebrarum
885 360 1110 408 potestate,
1138 366 1225 392 non
1261 349 1350 391 sine
1382 365 1536 407 magno
1561 348 1691 389 animi
1719 349 1861 392 Nostri
1885 351 2046 404 dolore,

216 416 404 473 undique
428 415 648 457 afflictetur
670 427 712 458 et
741 415 975 457 divexetur.
999 416 1145 472 Itaque
1163 414 1312 463 Nobis,
1334 414 1551 471 vobisque,
1573 413 1846 456 venerabiles
1868 416 2047 467 Fratres,

217 479 249 522 si
273 496 476 539 umquam
494 480 608 531 alias,
630 496 742 521 nunc
765 490 876 521 certe
896 495 1058 520 summa
1082 479 1320 521 animorum
1341 478 1632 530 consensione,
1659 478 1859 536 omnique
1879 480 2054 538 vigilan·

217 545 290 596 tia,
312 545 417 595 zelo,
440 545 726 595 contentione,
751 555 791 585 et
813 560 896 601 qua
917 559 1059 601 opere,
1090 560 1172 601 qua
1191 546 1340 597 verbo,
1361 560 1442 601 qua
1466 544 1661 601 exemplo
1680 554 1847 585 strenue
1871 555 1935 586 est
1952 544 2053 586 alla-

216 609 470 659 horandum,
497 621 543 650 ut
562 620 824 667 opponentes
839 624 1005 649 murum
1023 624 1101 666 pro
1120 610 1260 650 Domo
1280 608 1405 650 [srael
1432 607 1640 666 impavide
1654 608 1896 666 praeliemur
1914 608 2056 666 praelia

217 674 407 715 Domini.
425 675 512 715 Nos
530 674 704 731 quidem
722 673 820 715 licet
844 672 1094 714 infirmitatis
1110 674 1271 715 Nostrae
1296 672 1468 723 conscii,
1493 684 1636 714 tamen
1656 672 1960 730 omnipotentis
1976 673 2055 716 Dei

218 738 374 780 auxilio
391 738 564 788 suffulti,
588 754 664 796 pro
688 736 871 795 supremi
892 737 1033 778 Nostri
1047 738 1281 795 Apostolici
1300 737 1484 779 muneris
1506 737 1646 779 officio
1657 747 1832 794 propter
1852 738 1958 779 Sion
1975 755 2057 780 nou

218 803 444 843 tacebimus
475 812 516 843 et
535 812 713 859 propter
733 802 1003 842 Hierusalem
1023 818 1105 843 nou
1125 807 1382 860 quiescemus
1403 801 1436 852 ¹,
1464 813 1506 843 et
1528 803 1791 843 continenter
1810 803 2057 860 aspicientes

220 867 261 907 in
287 879 501 909 auctorem
524 867 621 908 fidei
638 878 680 907 et
699 878 1083 908 consummatorem
1103 868 1262 919 Jesum,
1286 866 1411 908 nullis
1435 879 1546 908 certe
1562 867 1686 918 curis,
1709 867 1834 909 nullis
1854 867 2053 917 consiliis,

217 932 343 973 nullis
364 932 580 973 laboribus
603 946 806 988 umquam
832 946 1070 988 parcemus,
1093 942 1140 972 ut
1162 930 1368 989 possimus
1397 931 1608 973 suffulcire
1632 931 1825 985 domum,
1850 933 2056 974 corrobo-

216 1012 310 1038 rare
351 997 557 1054 templum
571 1029 580 1045 ,
619 1007 660 1037 et
696 995 889 1037 Ecclesiae
924 1011 1119 1053 reparare
1152 996 1310 1046 ruinas,
1347 998 1620 1054 omniumque
1650 997 1772 1038 saluti
1795 999 2049 1055 prospicere,

215 1063 401 1120 prompti
439 1077 485 1102 ac
513 1060 645 1119 parati
671 1062 867 1102 Nostram
890 1061 1023 1118 ipsam
1050 1077 1130 1118 pro
1165 1062 1331 1103 Christo
1360 1062 1470 1112 Jesu,
1498 1063 1681 1119 Ejusque
1701 1073 1845 1103 sancta
1873 1063 2058 1104 Ecclesia

217 1142 346 1183 quam
369 1125 642 1167 libentissime
665 1125 926 1184 profundere
945 1125 1090 1166 vitam.
1123 1127 1262 1183 Atque
1284 1127 1366 1167 hoc
1398 1126 1494 1167 loeo
1530 1127 1583 1168 ad
1616 1142 1762 1168 omnes
1786 1127 2058 1169 Venerabiles

217 1192 380 1232 Fratres
407 1190 602 1231 catholici
627 1190 742 1232 orbis
763 1189 982 1231 Antistites
1004 1190 1047 1230 in
1068 1189 1360 1231 sollicitudinis
1382 1191 1543 1232 Nostrae
1567 1203 1730 1249 partem
1752 1203 1922 1233 vocatos
1941 1192 2057 1234 Nos-

216 1266 325 1295 tram
347 1254 583 1296 orationem
604 1265 908 1305 convertentes,
930 1254 1033 1296 dum
1055 1254 1135 1296 illis
1155 1255 1296 1296 denuo
1313 1256 1586 1297 vehementer
1602 1257 1862 1314 gratulamur
1881 1257 1933 1298 de
1947 1273 2056 1314 prze-

215 1318 335 1360 claris
358 1336 506 1360 eorum
528 1336 605 1378 pro
629 1319 708 1362 Dei
729 1319 862 1378 gloria
889 1330 930 1361 et
966 1319 1203 1360 animarum
1232 1320 1363 1361 salute
1386 1320 1619 1371 laboribus,
1649 1320 1789 1361 animo
1822 1322 1880 1362 eis
1918 1321 2058 1363 denuo

216 1383 428 1434 addimus,
443 1395 489 1424 ut
508 1384 551 1425 in
564 1386 647 1426 hoc
662 1384 859 1426 horribili
879 1396 1024 1426 contra
1046 1384 1234 1426 divinam
1249 1396 1439 1426 nostram
1452 1385 1720 1443 Religionem
1735 1385 1849 1426 bello
1864 1385 1941 1444 ipsi
1961 1402 2061 1427 una-

216 1449 349 1490 nimes
377 1464 465 1490 uno
499 1465 571 1491 ore
594 1449 639 1491 id
662 1449 800 1507 ipsum
829 1449 1011 1490 invicem
1039 1449 1280 1501 sentientes,
1321 1461 1363 1492 et
1390 1449 1618 1491 confortati
1646 1452 1692 1491 in
1713 1451 1916 1501 Domino,
1947 1462 1989 1492 et
2015 1452 2060 1492 in

215 1514 408 1571 potentia
427 1514 592 1555 virtutis
611 1516 726 1569 Ejus,
753 1525 966 1555 sumentes
984 1515 1027 1554 in
1048 1515 1247 1556 omnibus
1265 1527 1428 1556 scutum
1448 1515 1777 1573 inexpugnabile
1797 1515 1912 1568 fidei,
1934 1527 2059 1573 atque

217 1589 477 1619 assumentes
501 1578 689 1636 gladium
714 1578 897 1636 spiritus,
932 1579 1044 1636 quod
1070 1590 1130 1620 est
1154 1581 1331 1620 verbum
1357 1580 1451 1629 Dei,
1482 1579 1818 1638 progrediantur,
1844 1591 1891 1621 ut
1918 1580 2058 1622 adhuc

216 1643 421 1692 fecerunt,
443 1643 634 1684 alacriori
655 1645 699 1684 in
723 1644 810 1685 dies
832 1644 986 1694 studio,
1019 1660 1092 1685 sua
1116 1644 1345 1702 episcopali
1364 1644 1532 1697 virtute,
1556 1644 1809 1695 constantia,
1831 1644 2057 1702 prudentia

215 1724 294 1765 pro
311 1709 399 1765 ipsa
415 1707 673 1748 sanctissima
688 1708 910 1765 Religione
925 1708 1136 1765 intrepide
1153 1708 1382 1759 decertare,
1401 1720 1526 1766 atque
1546 1708 1815 1750 inimicorum
1834 1709 2058 1751 hominum

215 1773 436 1814 conatibus
461 1771 679 1821 obsistere,
702 1773 784 1813 tela
801 1772 1043 1821 retundere,
1066 1772 1243 1830 impetus
1267 1773 1475 1827 frangere,
1503 1784 1545 1813 et
1564 1788 1733 1830 gregem
1758 1774 1836 1814 sibi
1858 1774 2057 1815 commis-

214 1853 305 1877 sum
327 1838 381 1878 ab
410 1837 579 1878 illorum
601 1837 763 1878 insidiis
798 1848 839 1878 et
870 1837 1028 1895 impetu
1049 1837 1293 1887 defendere,
1332 1849 1457 1895 atque
1485 1837 1540 1878 ad
1564 1837 1706 1878 salutis
1728 1839 1898 1879 semitas
1919 1838 2056 1881 dedu-

213 1918 319 1946 cere.

273 1967 451 2023 Insuper
497 1967 549 2007 ab
592 1965 688 2024 ipsis
736 1967 1059 2008 Venerabilibus
1113 1967 1330 2008 Fratribus
1387 1968 1651 2024 exposcimus
1669 1999 1677 2018 ,
1730 1978 1777 2008 ut
1821 1983 2053 2025 numquam

216 2031 495 2072 intermittant
527 2029 825 2072 ecclesiasticos
863 2031 1128 2089 potissimum
1153 2031 1263 2073 viros
1294 2047 1486 2081 monere,
1525 2032 1702 2082 hortari,
1737 2032 1934 2085 excitare,
1971 2049 2056 2090 quo

216 2095 397 2135 orationi
431 2096 649 2144 instantes,
688 2096 835 2153 spiritu
863 2095 1084 2146 ferventes,
1117 2111 1164 2136 ac
1191 2095 1259 2152 pie
1290 2107 1514 2153 sancteque
1545 2097 1730 2138 viventes
1765 2098 1980 2154 praebeant
2012 2098 2055 2138 in

217 2159 414 2201 omnibus
443 2176 485 2201 se
515 2161 628 2217 ipsos
651 2161 891 2218 exemplum
913 2162 1126 2202 bonorum
1154 2176 1348 2218 operum,
1381 2173 1421 2203 et
1447 2162 1527 2203 Dei
1555 2161 1711 2219 gloriae,
1744 2173 1785 2203 et
1819 2162 2057 2203 animarum

217 2224 358 2265 salutis
387 2224 476 2266 zelo
499 2226 672 2276 incensi,
701 2237 825 2283 atque
857 2227 1086 2267 arctissimo
1121 2226 1229 2267 inter
1261 2242 1303 2267 se
1332 2226 1513 2268 caritatis
1534 2226 1703 2267 vinculo
1731 2226 1919 2268 obstricti
1945 2228 2056 2269 acci-

218 2289 338 2347 piant
358 2301 612 2331 armaturam
630 2291 723 2340 Dei,
750 2302 791 2332 et
813 2292 1152 2333 concordissimis
1168 2292 1331 2341 animis,
1354 2291 1673 2348 conjunctisque
1691 2292 1849 2333 viribus
1864 2291 1907 2332 in
1923 2293 2055 2334 aciem

219 2354 443 2412 prodeant,
473 2370 520 2395 ac
543 2356 620 2395 sub
652 2356 814 2413 proprii
846 2357 1054 2396 Antistitis
1078 2356 1206 2397 ductu
1226 2356 1314 2397 dies
1333 2368 1559 2412 noctesque
1580 2355 1885 2398 sacerdotalem
1909 2372 2054 2398 vocem

217 2419 424 2468 attollant,
452 2419 530 2460 Dei
550 2419 700 2477 legem,
727 2432 767 2462 et
784 2422 884 2475 Ejus
908 2422 1078 2479 Sponsae
1098 2420 1292 2462 Ecclesioe
1314 2421 1613 2478 praeceptiones
1632 2420 1870 2461 Christiano
1894 2421 2053 2479 populo

218 2484 439 2541 diligenter
463 2486 727 2527 annuntient.
749 2486 931 2544 Pergant
957 2501 1126 2544 quoque
1155 2487 1232 2544 ipsi
1255 2485 1527 2526 Venerabiles
1550 2487 1714 2527 Fratres
1734 2485 1895 2527 eisdem
1917 2485 2052 2527 eccle-

217 2548 388 2590 siasticis
411 2548 506 2588 viris
525 2549 749 2600 inculcare,
780 2561 826 2590 ut
850 2550 1092 2591 Christiana*
1114 2549 1228 2608 plebi
1250 2549 1536 2590 insidiantium
1559 2549 1780 2591 hominum
1806 2549 1988 2591 fallacias
2012 2561 2054 2591 et

217 2612 383 2653 fraudes
397 2613 610 2670 detegant,
631 2629 678 2654 ac
700 2614 844 2655 fideles
867 2615 1090 2666 edoceant,
1110 2615 1295 2655 miserias
1312 2630 1458 2655 omnes
1480 2625 1520 2656 et
1536 2615 1792 2657 calamitates
1811 2616 1853 2656 in
1874 2615 2054 2673 populos

221 2693 273 2718 ex
294 2678 475 2735 peccatis
497 2693 661 2735 semper
689 2679 962 2729 redundasse,
993 2695 1040 2720 ac
1068 2679 1323 2728 redundare,
1357 2690 1396 2720 et
1422 2695 1565 2721 veram
1594 2680 1854 2738 solidamque
1881 2679 2054 2721 felicita-

220 2754 306 2783 tem
325 2743 368 2782 in
387 2741 628 2782 Christianae
652 2743 753 2800 legis
776 2743 968 2785 custodia
996 2745 1236 2791 consistere,
1263 2754 1304 2784 et
1337 2743 1486 2785 iccirco
1512 2744 1617 2785 nihil
1642 2746 1896 2786 intentatum
1919 2744 2048 2785 relin-

218 2817 362 2863 quant,
385 2818 432 2846 ut
447 2822 593 2847 omnes
611 2806 801 2849 odientes
823 2808 996 2861 malum,
1014 2819 1055 2849 et
1077 2807 1336 2848 adhaerentes
1350 2809 1465 2850 bono
1487 2808 1685 2850 incedant
1706 2825 1781 2867 per
1796 2809 1910 2850 viam
1926 2823 2047 2848 man-

219 2871 414 2912 datorum
437 2871 530 2921 Dei,
557 2882 686 2928 utque
705 2884 891 2913 errantes
911 2872 964 2915 de
987 2888 1176 2914 errorum
1198 2873 1381 2914 tenebris
1400 2885 1438 2915 et
1454 2874 1653 2915 vitiorum
1674 2890 1794 2916 coeno
1812 2883 2042 2929 emergant,

219 2947 261 2977 et
283 2947 581 2978 convertantur
603 2936 656 2977 ad
679 2938 928 2980 Dominum.

267 3104 299 3135 1.
326 3101 407 3136 Isai.
427 3114 513 3144 an,
530 3104 562 3136 1.
