2135 3442
152 163 228 200 244
651 161 840 197 LE'ITRE
867 161 1182 208 ENCYCLIQUE
1211 162 1277 196 DE
1306 162 1385 196 PIE
1416 161 1485 195 lx.

151 263 199 289 ac
235 246 362 288 ductu
403 248 565 288 Sanctae
595 247 721 303 hujus
755 247 874 289 Sedis
903 247 1168 305 promptiora
1195 247 1274 289 illis
1308 247 1495 288 remedia
1522 263 1768 304 comparare
1803 249 1990 300 valeatis,

149 324 275 369 atque
298 313 354 352 ita
373 327 457 352 una
471 312 700 354 Nobiscum
725 312 1062 354 concordissimis
1080 313 1229 354 animis
1249 323 1425 369 totoque
1444 311 1669 370 pastoralis
1688 311 1815 352 studii
1837 315 1994 356 robore

150 393 269 419 curas
296 376 544 434 laboresque
567 388 742 426 vestros,
766 379 858 418 Deo
883 376 1125 432 adjuvante,
1151 379 1194 418 in
1218 377 1262 418 id
1291 377 1530 431 conferatis,
1556 388 1603 417 ut
1627 392 1775 417 omnes
1806 377 1994 420 hostium

149 442 342 484 Ecclesiae
360 442 556 500 impetus,
580 452 705 491 artes,
728 441 905 491 insidiae,
929 441 1148 483 molimina
1170 443 1282 483 irrita
1304 441 1422 483 fiant.

207 508 268 548 Ea
290 522 391 548 vero
416 517 461 548 ut
482 507 524 547 in
553 507 718 547 irritum
741 506 911 555 cadant,
933 507 1209 564 satagendum
1230 506 1404 549 omnino
1429 517 1504 555 est,
1532 521 1584 547 ne
1604 506 1784 563 populus
1806 505 1858 548 de
1880 508 1993 548 chri-

148 572 281 613 stiana
313 571 502 613 doctrina
526 588 573 613 ac
608 572 660 613 de
693 571 783 629 lege
818 569 990 611 Domini
1017 587 1166 629 parum
1190 573 1437 622 instructus,
1478 583 1519 613 et
1545 571 1743 612 diuturna
1780 570 1824 612 in
1854 572 1996 615 multis

149 638 423 696 grassantium
446 638 644 678 vitiorum
668 636 836 677 licentia
859 635 1098 686 hebetatus,
1120 649 1287 695 paratas
1311 638 1389 678 sibi
1413 636 1597 685 insidias,
1621 648 1664 677 et
1682 637 1994 695 propositorum

153 717 344 743 errorum
363 701 611 759 pravitatem
630 716 856 759 agnoscere
879 701 949 741 vix
966 702 1112 758 possit.
1139 706 1176 742 A
1200 713 1334 743 vestra
1354 703 1480 760 igitur
1502 701 1698 759 pastorali
1715 697 1995 744 sollicitudine

147 767 419 808 vehementer
439 766 716 824 exposcimus,
736 764 1014 807 Venerabiles
1034 768 1212 817 Fratres,
1234 778 1280 807 ut
1291 783 1506 823 nunquam
1526 765 1810 808 intermittatis
1823 782 1994 808 omnem

150 831 352 872 adhibere
378 847 566 889 operam,
592 848 675 888 quo
705 831 853 872 crediti
881 830 1005 872 vobis
1034 831 1177 873 fideles
1203 832 1457 874 sanctissima
1493 831 1708 890 religionis
1729 842 1881 873 nostrae
1908 832 1990 873 do-

148 907 309 954 gmata,
357 912 404 937 ac
439 907 660 954 praecepta,
702 912 780 953 pro
817 896 1016 951 cujusque
1052 909 1175 954 captu
1223 897 1445 955 diligenter
1485 896 1742 938 edoceantur
1786 896 1992 954 simulque

151 972 419 1011 moneantur,
447 972 487 1002 et
504 962 737 1002 excitentur
769 959 1028 1002 omnimodis
1051 962 1104 1002 ad
1122 962 1249 1003 vitam
1273 978 1493 1020 moresque
1517 978 1614 1003 suos
1632 961 1686 1002 ad
1709 960 1878 1002 illorum
1892 978 1992 1003 nor-

149 1041 261 1066 mam
303 1026 641 1083 componendos.
682 1024 946 1066 Inflammate
981 1025 1024 1066 in
1058 1042 1155 1067 eum
1193 1027 1320 1068 finem
1360 1026 1736 1069 ecclesiasticorum
1768 1025 1989 1067 hominum

149 1090 302 1141 zelum,
340 1090 509 1132 illorum
546 1089 798 1148 praesertim,
828 1090 981 1147 quibus
1010 1090 1246 1133 animarum
1281 1107 1379 1133 cura
1408 1091 1661 1133 demandata
1692 1103 1766 1142 est,
1802 1103 1848 1132 ut
1880 1091 1990 1133 serio

150 1155 403 1196 meditantes
420 1155 716 1208 ministerium,
739 1155 855 1212 quod
876 1167 1129 1213 acceperunt
1154 1155 1197 1196 in
1221 1156 1424 1207 Domino,
1453 1168 1493 1198 et
1519 1157 1726 1198 habentes
1755 1157 1811 1197 ob
1845 1157 1990 1198 oculos

150 1219 387 1262 Tridentini
407 1219 584 1261 Concilii
602 1219 842 1277 praescripta
862 1219 872 1241 ¹
900 1219 1050 1275 majori
1070 1237 1200 1278 usque
1222 1220 1450 1271 alacritate,
1468 1232 1596 1279 prout
1618 1232 1858 1279 temporum
1880 1221 1988 1263 ratio

98 1339 101 1341 -
149 1285 349 1343 postulat,
384 1285 427 1325 in
459 1284 696 1326 christianae
720 1283 853 1343 plebis
882 1284 1204 1327 instructionem
1232 1285 1497 1335 incumbant,
1525 1297 1565 1327 et
1597 1302 1712 1327 sacra
1735 1286 1916 1343 eloquia,
1943 1302 1991 1328 ac

151 1350 293 1391 salutis
312 1349 475 1391 monita
496 1348 539 1389 in
564 1349 755 1390 omnium
781 1348 980 1391 cordibus
997 1350 1180 1391 inserere
1201 1350 1397 1392 studeant
1411 1383 1420 1401 ,
1456 1350 1756 1391 annunciando
1780 1349 1877 1408 ipsis
1895 1367 1992 1392 cum

151 1414 355 1456 brevitate
382 1426 423 1456 et
445 1414 646 1456 facilitate
672 1414 876 1456 sermonis
896 1414 996 1456 vitia
1021 1432 1111 1473 quae
1132 1432 1204 1458 eos
1231 1415 1443 1458 declinare
1462 1449 1471 1466 ,
1504 1426 1546 1456 et
1574 1416 1769 1465 virtutes,
1798 1432 1900 1472 quas
1923 1432 1991 1458 se-

149 1480 252 1521 ctari
280 1490 497 1536 oporteat,
524 1490 570 1519 ut
603 1495 769 1537 poenam
801 1491 1004 1520 aeternam
1039 1480 1233 1534 evadere,
1273 1492 1313 1522 et
1346 1482 1555 1523 coelestem
1585 1480 1761 1539 gloriam
1791 1482 1991 1540 consequi

150 1545 333 1586 valeant.

209 1609 433 1668 Speciatim
455 1624 555 1650 vero
578 1608 895 1665 procurandum
920 1620 1002 1661 est,
1031 1620 1078 1650 ut
1106 1610 1251 1652 fideles
1284 1610 1360 1669 ipsi
1390 1611 1637 1669 impressum
1662 1610 1705 1652 in
1738 1611 1888 1653 animis
1910 1612 1989 1653 ha-

148 1675 293 1728 beant,
321 1674 486 1731 alteque
510 1673 696 1714 defixum
726 1673 878 1731 dogma
910 1673 1015 1715 illud
1037 1675 1304 1716 sanctissimae
1334 1687 1484 1717 nostrae
1517 1675 1747 1733 religionis,
1778 1676 1894 1733 quod
1929 1688 1992 1719 est

151 1738 204 1780 de
221 1738 469 1780 necessitate
484 1738 698 1779 catholicae
720 1737 820 1779 fidei
839 1737 892 1779 ad
909 1738 1187 1780 obtinendam
1212 1741 1388 1781 salutem
1401 1740 1432 1782 ².
1453 1742 1578 1781 Hune
1599 1740 1642 1780 in
1658 1740 1785 1782 finem
1805 1757 1991 1783 summo-

149 1819 251 1861 pere
281 1803 507 1855 conducet,
541 1814 585 1844 ut
613 1802 656 1843 in
686 1802 866 1861 publicis
899 1803 1161 1845 orationibus
1187 1804 1330 1846 fideles
1353 1805 1448 1846 laici
1482 1821 1566 1846 una
1595 1820 1693 1846 cum
1717 1805 1828 1846 clero
1865 1818 1991 1864 agant

148 1867 382 1909 identidem
411 1868 641 1926 peculiares
658 1869 749 1909 Deo
778 1867 930 1926 gratias
951 1885 1028 1926 pro
1061 1868 1339 1911 inaestimabili
1361 1870 1578 1911 catholicae
1610 1870 1825 1928 religionis
1853 1870 1990 1913 bene-

148 1932 266 1983 ficio,
291 1948 373 1990 quo
399 1932 509 1990 ipsos
536 1949 683 1974 omnes
704 1932 1026 1975 clementissime
1053 1934 1238 1985 donavit,
1263 1946 1388 1991 atque
1415 1936 1468 1975 ab
1491 1934 1644 1976 eodem
1675 1934 1990 1977 misericordia-

147 2013 240 2038 rum
261 1998 383 2038 Patre
399 1997 641 2056 suppliciter
660 2009 820 2056 petant,
848 2009 894 2039 ut
912 1999 1101 2054 ejusdem
1124 2000 1336 2058 religionis
1351 1999 1659 2057 professionem
1679 1999 1722 2040 in
1744 2000 1990 2059 regionibus

147 2062 299 2104 nostris
318 2062 442 2111 tueri,
465 2073 506 2104 et
525 2063 769 2104 inviolatam
796 2079 1043 2105 conservare
1066 2064 1278 2123 dignetur.

205 2129 371 2168 Interea
394 2127 513 2169 vobis
531 2140 642 2169 certe
663 2128 884 2186 peculiaris
909 2128 987 2170 erit
1010 2146 1126 2180 cura,
1162 2141 1208 2170 ut
1234 2130 1378 2171 fideles
1398 2146 1544 2172 omnes
1572 2129 1816 2188 tempestive
1850 2145 1873 2171 a
1904 2131 1989 2172 fra-

146 2192 411 2232 ternitatibus
442 2193 584 2233 vestris
612 2194 836 2251 suscipiant
862 2206 1171 2236 sacramentum
1200 2195 1558 2245 Confirmationis,
1585 2211 1659 2253 per
1681 2194 1797 2251 quod
1824 2211 1988 2238 summo

146 2255 226 2298 Dei
249 2256 456 2297 beneficio
481 2257 668 2314 specialis
687 2259 828 2315 gratiae
851 2259 983 2300 robur
1012 2260 1225 2301 confertur
1248 2259 1299 2301 ad
1325 2260 1454 2301 fidem
1483 2260 1743 2301 Catholicam
1761 2260 1803 2300 in
1827 2262 1990 2318 gravio-

147 2322 262 2362 ribus
294 2322 419 2363 etiam
446 2323 642 2379 periculis
668 2334 908 2365 constanter
934 2323 1232 2382 profitendam.
1267 2326 1355 2367 Nec
1384 2341 1511 2383 porro
1543 2325 1758 2382 ignoratis,
1789 2325 1989 2368 eumdem

147 2385 191 2426 in
211 2385 338 2427 finem
356 2386 571 2443 prodesse,
598 2399 643 2428 ut
666 2388 745 2446 ipsi
767 2404 789 2429 a
806 2400 1075 2441 peccatorum
1100 2390 1306 2441 sordibus,
1338 2405 1414 2448 per
1443 2390 1647 2431 sinceram
1671 2389 1840 2431 illorum
1872 2390 1989 2433 dete-

147 2451 385 2501 stationem,
414 2462 454 2491 et
474 2465 782 2494 sacramentum
807 2455 1068 2496 Poenitentiae
1091 2455 1262 2513 expiati,
1293 2454 1440 2513 saepius
1459 2454 1609 2495 devote
1635 2456 1867 2513 percipiant
1895 2472 1988 2497 san-

150 2513 379 2556 ctissimum
410 2516 679 2558 Eucharistiae
709 2530 1036 2569 sacramentum,
1071 2519 1114 2559 in
1141 2535 1225 2577 quo
1246 2519 1502 2577 spiritualem
1528 2535 1615 2560 esse
1638 2531 1802 2561 constat
1824 2521 1986 2563 anima-

148 2594 242 2620 rum
262 2579 419 2631 cibum,
454 2591 494 2620 et
518 2581 773 2633 antidotum,
811 2599 894 2639 quo
926 2583 1153 2624 liberemur
1179 2600 1198 2624 a
1231 2583 1361 2641 culpis
1387 2583 1660 2640 quotidianis,
1692 2595 1733 2626 et
1755 2601 1778 2626 a
1807 2587 1987 2643 peccatis

148 2643 396 2685 mortalibus
428 2660 743 2702 praeservemur,
781 2658 905 2704 atque
932 2647 1039 2689 adeo
1065 2647 1305 2705 symbolum
1335 2648 1456 2689 unius
1488 2648 1597 2689 illius
1625 2650 1829 2707 corporis,
1868 2652 1987 2706 cujus

149 2708 333 2750 Christus
355 2720 481 2766 caput
496 2709 649 2760 existit,
672 2710 821 2768 cuique
846 2727 938 2762 nos,
965 2723 1163 2769 tanquam
1183 2713 1389 2765 membra,
1416 2715 1643 2755 arctissima
1671 2713 1792 2767 fidei,
1811 2716 1918 2773 spei,
1946 2726 1987 2756 et

150 2774 361 2814 charitatis
379 2773 645 2815 connexione
663 2775 881 2816 adstrictos
911 2791 997 2817 esse
1014 2776 1160 2829 voluit,
1188 2787 1233 2817 ut
1255 2777 1434 2835 idipsum
1459 2794 1605 2820 omnes
1633 2779 1880 2832 diceremus,
1909 2795 1987 2821 nec

150 2848 289 2880 essent
304 2839 347 2878 in
368 2839 490 2879 nobis
512 2838 733 2880 schismata
750 2838 763 2861 ⁸
776 2872 784 2881 .

201 3022 234 3053 1.
262 3019 348 3055 Sess.
369 3032 403 3064 v,
422 3032 497 3066 cap.
517 3023 552 3055 2.
573 3020 659 3055 sess.
681 3034 780 3063 xxw,
798 3034 873 3067 cap.
891 3025 911 3056 4
927 3031 959 3056 et
981 3026 1000 3058 7
1021 3022 1065 3056 de
1084 3024 1159 3058 Ref.

199 3067 232 3101 2.
260 3067 337 3100 Hoc
362 3066 488 3112 dogma
515 3080 533 3100 a
562 3068 700 3101 Christo
730 3078 924 3114 acceptum,
955 3078 987 3103 et
1014 3070 1223 3104 inculcatum
1244 3084 1263 3104 a
1287 3072 1444 3107 Patribus
1466 3083 1568 3119 atque
1593 3088 1612 3108 a
1634 3072 1810 3114 conciliis,
1836 3072 1984 3106 hahetur

151 3113 254 3146 etiam
288 3114 323 3147 in
353 3115 512 3147 formulis
533 3115 760 3149 Prosessiouis
779 3115 892 3162 Fidei,
914 3125 989 3150 tum
1009 3118 1044 3150 in
1074 3130 1112 3150 ea
1132 3118 1261 3152 scilicet
1282 3132 1356 3163 quae
1373 3121 1468 3166 apud
1500 3121 1657 3163 Latinos,
1680 3129 1753 3154 tum
1778 3120 1813 3152 in
1843 3132 1882 3153 ea
1906 3132 1983 3164 qnae

151 3160 244 3206 apud
264 3160 419 3206 Graecos,
438 3171 513 3196 tum
533 3162 568 3195 in
587 3162 651 3196 alia
666 3175 741 3207 quae
755 3163 848 3209 apud
863 3172 992 3197 ceteros
1013 3165 1202 3198 Orientales
1219 3166 1407 3201 catholicos
1422 3168 1458 3200 in
1479 3181 1543 3201 usu
1560 3177 1618 3202 est.

199 3210 232 3242 3.
260 3208 310 3242 Ex
329 3209 429 3244 Trid.
452 3210 540 3244 Sess.
559 3223 633 3243 xm.
652 3211 735 3245 Dec.
757 3210 800 3244 de
819 3211 879 3245 SS.
899 3212 1049 3245 Euchar.
1068 3212 1303 3258 Sacramento,
1324 3227 1399 3261 cap.
1420 3218 1454 3250 2.
