2135 3442
141 195 213 232 116
634 191 824 227 LETTRE
852 189 1163 235 ENCYCLIQUE
1192 191 1258 225 DE
1288 190 1368 224 PIF,
1400 189 1481 223 VII.

143 300 160 317 «ι
187 279 392 321 unitatem
413 275 528 325 fidei,
553 286 595 316 et
612 276 836 332 agnitionis
860 274 952 315 Filii
978 273 1100 315 Dei¹.
1112 275 1189 314 »A
1213 289 1296 330 qua
1320 288 1449 330 opera
1472 270 1666 313 navanda
1688 270 1721 312 si
1744 270 1847 328 quid
1868 271 1977 312 forte

141 357 397 402 quemquam
415 341 617 382 Nostrum
642 339 866 388 deterreat,
891 350 961 380 aut
983 295 1201 396 impediat,
1227 349 1298 379 aut
1319 337 1517 386 retardet,
1543 351 1626 393 quo
1647 351 1689 376 se
1710 334 1868 393 flagitio
1888 335 1972 384 ille,

141 426 189 451 ac
218 407 372 450 scelere
403 404 656 462 adstringet!
691 405 777 445 Vos
799 405 957 460 itaque,
982 402 1258 445 Venerabiles
1277 404 1456 452 Fratres,
1485 416 1652 443 oramus
1671 401 1856 457 primum
1881 415 1976 440 om-

141 473 275 523 nium,
303 483 344 514 et
374 472 656 518 obsecramus,
685 470 906 509 hort-dmm
934 478 975 508 et
1002 482 1239 517 monemus,
1269 478 1394 524 atque
1418 466 1525 508 adeo
1558 464 1677 507 vobis
1708 464 1976 515 mandamus,

140 550 188 580 ut
222 537 328 579 nihil
360 535 598 593 vigilantiae,
632 532 737 574 nihil
763 532 1010 589 diligentiae,
1043 531 1150 572 nihil
1172 547 1301 581 curae,
1332 531 1437 572 nihil
1466 531 1590 588 plane
1620 530 1776 571 lab01is
1807 540 1981 587 praeter-

140 602 330 651 mittatis,
364 616 447 658 quo
472 620 489 636 «
519 600 755 672 depositum
775 596 1019 639 custodiatis
1043 618 1059 633 »
1080 597 1280 638 doctrinae
1306 596 1480 646 Christi,
1506 596 1559 637 ad
1576 595 1691 652 quod
1712 594 1981 653 perdendum

140 670 286 718 nostis,
329 677 485 723 quanta
519 663 776 737 conjuratio,
813 673 855 703 et
878 679 901 703 a
936 661 1090 718 quibus
1120 662 1228 703 facta
1264 661 1331 703 sit.
1368 662 1433 703 Ne
1462 677 1588 719 quem
1615 672 1709 701 ante
1739 659 1782 700 in
1821 660 1982 701 clerum

141 732 392 781 adsciscatis,
423 745 477 771 ne
498 731 564 770 cui
595 729 769 769 omnino
795 748 809 764 ‹
835 727 1193 785 dispensationem
1221 746 1236 762 »
1262 725 1439 767 credatis
1466 746 1482 761 «
1510 726 1806 799 mysteriorum
1830 724 1922 774 Dei,
1960 744 1975 760 ι»

140 814 192 839 ne
220 811 349 854 quem
369 794 654 837 confessiones
674 793 836 842 audire,
861 803 933 833 aut
954 792 1180 833 conciones
1195 792 1353 833 habere
1368 790 1603 848 patiamini,
1631 807 1683 832 ne
1703 792 1770 833 cui
1797 788 1981 832 curatio—

138 878 252 911 nem,
280 872 352 902 aut
375 875 529 901 munus
543 858 841 928 quodcumque
860 856 1070 906 deferatis,
1090 871 1217 928 quam
1236 855 1383 897 sedulo
1405 855 1667 913 expendatis,
1689 867 1729 896 et
1746 852 1978 903 excutiatis,

138 928 334 983 lenteque
365 925 588 982 «probetis
617 922 798 980 spiritus,
817 932 957 962 utrum
975 936 1027 963 ex
1048 922 1140 962 Deo
1163 921 1261 962 sint.
1289 942 1306 957 »
1334 919 1693 977 Quandoquidem
1713 920 1877 961 utinam
1895 934 1982 960 non

138 1007 215 1033 usu
251 988 543 1038 didicerimus,
584 1002 711 1044 quam
743 988 832 1027 haec
868 997 966 1027 aetas
990 1000 1189 1043 magnam
1222 1005 1236 1020 «
1262 984 1450 1042 pseudo·
1455 985 1743 1057 apostolorum
1769 1006 1784 1021 »
1816 985 1982 1043 copiam

138 1055 349 1105 effudeiit,
381 1075 395 1090 κ
425 1053 494 1111 qui
520 1063 616 1094 sunt
643 1050 823 1121 opeiarii
846 1050 1015 1092 subdoli
1033 1049 1374 1108 transfigurantes
1397 1065 1438 1090 se
1461 1050 1504 1090 iu
1526 1051 1740 1107 apostolos
1758 1051 1928 1098 Christi,
1963 1071 1978 1083 n

138 1136 160 1161 a
187 1121 355 1177 quibus,
386 1118 464 1160 nisi
493 1115 810 1175 prospiciamus,
837 1131 915 1169 nae,
959 1135 976 1151 «
1007 1114 1112 1156 sicut
1138 1130 1307 1172 serpens
1328 1116 1490 1155 Hevam
1515 1114 1681 1156 seduxit
1715 1115 1863 1156 astutia
1891 1131 1979 1163 sua,

141 1185 244 1226 «ita
278 1193 601 1240 corrumpentur
634 1196 776 1222 sensus
796 1149 1013 1236 fidelium,
1045 1191 1087 1221 et
1121 1179 1318 1221 excident
1349 1195 1372 1219 a
1401 1178 1691 1236 simplicitate,
1724 1196 1815 1237 quae
1848 1190 1909 1221 est
1941 1180 1983 1220 iu

142 1248 404 1291 «Chr15102.
434 1268 451 1283 >›

194 1316 334 1370 Atque
362 1333 377 1349 «
408 1312 603 1353 universo
626 1309 801 1367 quidem
833 1311 965 1368 gregi,
991 1310 1034 1351 in
1064 1325 1150 1366 quo
1180 1325 1253 1350 vos
1284 1309 1459 1366 Spiritus
1486 1310 1661 1351 Sanctus
1696 1311 1834 1367 posuit
1859 1309 1983 1367 Epis-

141 1400 158 1415 «
189 1394 318 1436 copos
343 1377 562 1419 attendere
588 1396 602 1412 υ
631 1391 706 1417 vos
739 1386 920 1434 oportet,
960 1375 1032 1417 sed
1059 1376 1254 1416 omnium
1278 1375 1461 1416 maxime
1484 1376 1649 1432 paterni
1675 1375 1829 1415 amoris
1852 1375 1986 1416 bene-

136 1443 417 1499 volentiaeque
444 1452 590 1484 vestrae
620 1440 894 1499 vigilantiam,
931 1440 1134 1494 studium,
1173 1439 1440 1494 industriam,
1475 1455 1649 1497 operam
1671 1438 1792 1497 pueri
1820 1439 1913 1490 sibi,
1945 1451 1985 1481 et

136 1508 424 1549 adolescentes
443 1506 680 1564 deposcunt
702 1521 711 1546 τ
735 1521 841 1561 quos
865 1520 961 1546 cum
981 1504 1175 1562 exemplo
1199 1520 1274 1545 suo
1299 1505 1439 1555 nobis,
1467 1515 1558 1545 tuni
1583 1506 1774 1546 oratione
1798 1503 1985 1545 Christus

137 1583 225 1613 tam
237 1574 514 1613 vehementer
531 1569 864 1611 commendavit³
876 1602 885 1619 ,
907 1585 1088 1625 quorum
1105 1570 1149 1610 in
1166 1570 1322 1610 teneris
1337 1570 1486 1610 animis
1497 1568 1729 1610 inficiendis
1741 1580 1782 1611 et
1797 1585 1986 1610 corrum-

135 1636 293 1693 pendis
314 1651 460 1677 omnes
477 1634 787 1676 contenderunt
806 1649 972 1684 nervos,
992 1635 1144 1691 quires
1157 1633 1354 1691 privatas,
1369 1646 1410 1675 et
1419 1635 1610 1691 publicas
1622 1645 1828 1686 evertere,
1847 1633 1987 1675 divina

137 1711 178 1741 et
204 1702 390 1741 humana
417 1702 511 1754 jura
535 1697 678 1740 omnia
700 1697 951 1755 permiscere
981 1709 1076 1739 sunt
1098 1698 1248 1747 moliti,
1284 1713 1399 1755 spem
1427 1700 1470 1738 in
1494 1714 1544 1739 eo
1573 1698 1806 1739 maximam
1825 1698 1986 1738 nefaria

137 1765 318 1823 cogitata
336 1763 580 1821 perficiendi
604 1762 876 1804 collocantes.
908 1763 1054 1818 Neque
1080 1764 1157 1803 hos
1181 1763 1293 1803 enim
1312 1763 1436 1820 fugit,
1462 1762 1599 1803 mollis
1623 1778 1727 1803 cerae
1746 1764 1877 1803 instar
1893 1762 1986 1804 illos

138 1844 241 1879 esse,
271 1830 341 1885 qui
360 1828 529 1868 tractari
550 1826 686 1880 facile,
708 1837 750 1867 et
771 1827 814 1866 in
832 1826 1065 1882 quamlibet
1083 1837 1247 1882 partem
1274 1825 1401 1872 flecti,
1427 1837 1469 1866 et
1506 1825 1605 1882 fingi
1635 1828 1796 1882 possint
1820 1842 1828 1866 :
1859 1842 1987 1882 quam

138 1908 238 1934 vero
269 1892 450 1933 formam
484 1891 612 1932 semel
650 1892 922 1947 susceperint,
962 1905 1071 1940 eam,
1113 1905 1243 1946 quum
1280 1900 1400 1930 aetate
1436 1891 1650 1946 progressi
1688 1889 1982 1940 obduruerint,

137 1956 466 2014 pertinacissime
487 1957 684 2006 retinent,
712 1956 919 2012 aliamque
941 1965 1165 2012 respuunt,
1196 1970 1248 1996 ex
1275 1970 1359 2011 quo
1380 1953 1529 1995 tritum
1552 1954 1656 1995 illud
1677 1956 1871 1996 omnium
1893 1971 1983 1996 ser-

135 2037 265 2062 mone
301 2037 322 2062 e
358 2021 509 2061 divinis
538 2020 704 2061 Litteris
729 2020 1030 2076 proverbium:
1065 2039 1081 2055 «
1109 2018 1366 2060 Adolescens
1395 2020 1513 2073 juxta
1544 2018 1653 2060 viam
1685 2035 1827 2071 suam,
1859 2020 1987 2061 etiam

141 2105 158 2120 «
193 2101 289 2125 cum
315 2086 514 2134 senuerit,
547 2100 634 2124 non
662 2083 832 2124 recedet
855 2085 908 2124 ab
941 2082 1032 2124 ea⁶.
1063 2083 1240 2124 »Nolite
1277 2099 1378 2140 ergo
1409 2084 1689 2136 committere,
1714 2083 1984 2125 Venerabiles

136 2149 317 2201 Fratres,
348 2170 363 2185 «
390 2161 435 2189 ut
458 2149 530 2190 filii
551 2151 672 2203 hujus
693 2149 831 2190 saeculi
847 2149 1160 2205 prudentiores,
1185 2164 1313 2205 quam
1338 2148 1409 2189 filii
1431 2149 1532 2189 lucis
1553 2150 1596 2188 in
1617 2149 1888 2207 generatione
1912 2164 1982 2189 sua

141 2234 158 2249 «
180 2213 276 2254 siut.
299 2235 316 2250 n
335 2214 498 2266 Quibus
520 2214 619 2254 viris
638 2214 814 2271 regendi
827 2213 870 2254 in
892 2214 1141 2264 seminariis,
1165 2225 1206 2254 et
1226 2213 1411 2271 collegiis
1428 2213 1649 2254 tradantur
1662 2214 1798 2271 pueri,
1817 2224 1859 2254 et
1876 2212 1983 2254 ado-

136 2278 364 2330 lescentes,
391 2278 540 2334 quibus
564 2277 789 2335 disciplinis
812 2278 1077 2331 imbuantur,
1097 2279 1169 2335 qui
1188 2277 1425 2335 deligantur
1451 2279 1493 2319 in
1514 2278 1641 2335 lyceis
1662 2277 1864 2336 magistri,
1891 2294 1983 2335 quae

137 2342 290 2383 scholae
310 2343 563 2393 habeantur,
583 2341 710 2382 etiam
732 2353 857 2399 atque
880 2343 1009 2384 etiam
1031 2343 1308 2392 considerate,
1333 2342 1609 2400 pervestigate
1631 2342 1793 2392 sedulo,
1825 2343 1984 2384 odora-

136 2407 256 2459 mini,
287 2407 458 2448 lustrate
497 2407 639 2447 omnia
662 2424 670 2447 :
713 2406 939 2458 excludite,
978 2418 1115 2448 arcete
1140 2427 1157 2443 «
1199 2421 1370 2464 rapaces
1404 2406 1538 2463 lupos,
1582 2421 1669 2446 non
1713 2418 1933 2464 parcentes
1962 2429 1976 2443 »

139 2470 430 2512 innocentium
465 2486 671 2528 agnorum
695 2472 825 2529 gregi,
850 2488 911 2522 ac,
943 2473 976 2512 si
999 2487 1083 2528 quo
1109 2471 1217 2513 forte
1253 2472 1511 2528 irrepserint,
1538 2486 1609 2511 eos
1635 2470 1734 2512 inde
1754 2473 1977 2515 extrudite.

137 2535 413 2577 exterminate
437 2536 629 2592 protinus
652 2556 667 2572 «
693 2536 923 2577 secundum
949 2547 1241 2593 protestatem,
1265 2551 1391 2592 quam
1426 2535 1542 2576 dedit
1567 2536 1686 2575 vobis
1706 2536 1913 2578 Dominus
1938 2538 1981 2577 iu

143 2622 160 2637 «
184 2600 546 2642 aedificationem-¹¹.
577 2619 594 2634 »

202 2729 305 2782 Quae
323 2743 422 2770 sane
444 2740 626 2786 potestas
642 2728 706 2769 vel
729 2730 771 2769 in
793 2744 857 2778 ea,
885 2745 976 2785 quae
996 2727 1214 2786 capitalior
1233 2729 1299 2777 sit,
1320 2727 1604 2769 exscindenda
1623 2740 1755 2786 peste,
1773 2729 1980 2771 librorum

137 2793 315 2844 scilicet,
357 2805 404 2834 ut
439 2810 462 2834 a
497 2794 630 2834 Nobis
670 2805 759 2834 tota
791 2805 1083 2852 expromatnr,
1122 2792 1308 2850 postulat
1334 2793 1423 2850 ipsa
1463 2794 1590 2834 etiam
1624 2794 1818 2836 Ecclesiae
1852 2794 1974 2843 salus,

139 2858 394 2916 reipublicae,
429 2859 682 2916 principum,
722 2858 965 2899 mortalium
988 2858 1194 2907 omnium,
1235 2872 1362 2914 quam
1387 2858 1471 2898 vita
1494 2858 1645 2900 Nostra
1677 2859 1811 2900 multo
1841 2859 1978 2900 cario-

137 2939 251 2978 rem,
279 2934 320 2964 et
352 2924 561 2981 potiorem
588 2924 744 2964 habere
782 2923 1001 2964 debemus.
1034 2922 1130 2974 Quo
1165 2922 1218 2963 de
1255 2932 1504 2979 argumento
1539 2924 1709 2981 copiose
1738 2923 1852 2981 apud
1883 2938 1974 2973 vos,

185 3061 217 3093 1.
246 3058 374 3103 EpheS.
393 3070 441 3100 Π,
461 3071 496 3092 v.
521 3059 576 3092 12.

183 3107 214 3139 2.
244 3106 280 3137 II
299 3106 380 3140 Cor.
401 3118 451 3141 xr.

183 3155 216 3187 3.
242 3153 370 3186 Matth.
388 3165 459 3196 κως
477 3153 588 3187 Marc.
609 3164 645 3195 x;
663 3151 749 3186 Luc.
769 3163 870 3187 xvui.

183 3201 216 3233 li.
246 3200 349 3233 Frov.
372 3212 435 3234 xu.

182 3248 216 3282 5,
244 3247 281 3280 II
307 3247 390 3282 Cor.
415 3258 493 3281 xm.
