2135 3442
198 133 273 169 478
700 129 885 163 LETTRE
913 128 1224 174 ENCYCLIQUE
1254 129 1319 163 DE
1348 129 1426 162 PIE
1455 128 1526 164 IX.

203 219 353 275 injusta
371 233 419 258 ac
438 215 624 257 violenta
644 217 858 256 bonorum
877 214 1075 255 Ecclesiae
1105 214 1379 272 depopulatio
1395 246 1407 267 ,
1439 225 1480 255 et
1506 215 1725 267 acerrima,
1755 230 1802 256 ac
1830 215 2030 257 continua

198 294 345 325 contra
365 296 506 323 sacros
535 280 769 330 Ministros,
802 295 850 320 ac
880 279 1188 336 Rehgiosarum
1220 279 1491 320 Familiarum
1516 279 1726 329 alumnos,
1752 278 2031 337 Virginesque

201 350 290 389 Deo
323 347 496 388 devotas
516 344 753 395 insectatio,
792 360 838 385 ac
872 343 1129 385 diabolicum
1159 360 1332 402 prorsus
1360 343 1562 385 adversus
1590 343 1828 394 Christum,
1860 345 2032 401 ejusque

196 411 442 461 Ecclesiam,
471 410 723 460 doctrinam,
750 419 791 449 ct
812 408 922 449 hanc
944 407 1234 465 Apostolicam
1254 408 1406 450 Sedem
1439 407 1601 459 odium,
1636 419 1678 449 et
1700 408 1922 449 innumera
1945 407 2032 450 fere

197 477 291 528 alia,
317 492 410 534 quae
429 477 482 517 ab
503 473 796 518 infensissimis
820 474 880 515 rei
901 473 1115 514 catholicae
1137 473 1328 516 hostibus
1344 484 1582 531 patrantur,
1608 484 1649 515 et
1669 472 1858 530 quotidie
1872 473 2033 514 lamen-

196 542 274 584 tari
305 541 512 600 cogimur,
535 539 730 582 videntur
761 537 1069 595 optatissimum
1089 538 1194 579 illud
1220 538 1471 596 protrahere
1488 553 1536 579 ac
1553 537 1724 580 differre
1742 549 1926 596 tempus,
1946 554 2032 596 quo

196 608 373 666 plenum
391 606 664 648 sanctissimae
688 614 845 645 nostrae
865 602 1099 660 religionis,
1119 603 1305 660 justitiae,
1331 620 1378 645 ac
1400 602 1588 644 veritatis
1608 602 1873 661 triumphum
1888 602 2033 644 videre

195 672 419 732 possimus.
450 670 533 723 Qui
565 670 738 727 quidem
767 667 1007 725 triumphus
1034 668 1177 709 deesse
1207 684 1295 709 non
1323 668 1504 726 poterit,
1534 667 1697 710 etiamsi
1725 667 1860 710 Nobis
1885 667 2034 709 datum

195 753 284 780 non
307 737 357 779 sit
380 751 557 778 noscere
579 746 747 792 tempus
767 732 906 774 eidem
926 732 1147 790 triumpho
1168 734 1222 775 ab
1243 733 1530 791 omnipotenti
1552 735 1643 774 Deo
1664 732 1935 783 destinatum,
1961 730 2034 789 qui

197 803 340 845 onmia
361 800 599 842 admirabili
630 798 771 840 divina
804 813 878 839 sua
907 797 1178 855 providentia
1205 797 1315 856 regit
1346 814 1393 840 ac
1412 798 1677 848 moderatur,
1703 809 1745 840 et
1767 797 1821 840 ad
1840 808 2033 839 nostram

194 867 335 924 dirigit
359 865 601 908 utilitatem.
624 863 711 905 Etsi
737 878 836 904 vero
861 862 1041 904 coelestis
1061 862 1186 904 Pater
1206 863 1438 904 Ecclesiam
1459 879 1579 905 suam
1603 874 1793 905 sanctam
1818 863 1862 904 in
1881 862 2032 904 miser-

194 932 297 973 rima
340 942 381 973 et
414 930 582 972 mortali
619 927 962 987 peregrinatione
996 927 1249 968 militantem
1271 927 1396 969 variis
1425 928 1624 970 aerumnis
1660 940 1701 970 et
1727 927 2034 969 calamitatibus

194 996 324 1054 affligi
348 1007 391 1038 et
408 994 549 1037 vexari
579 994 803 1052 permittit,
828 1004 973 1034 tamen
1004 1008 1101 1034 cum
1131 993 1220 1050 ipsa
1246 1008 1269 1033 a
1295 992 1464 1033 Christo
1500 993 1688 1034 Domino
1722 1008 1848 1050 supra
1878 992 2034 1033 immo—

196 1062 325 1103 bilem
344 1072 385 1102 et
405 1059 690 1101 firmissimam
707 1070 874 1116 petram
895 1057 948 1099 sit
967 1057 1160 1108 fundata,
1185 1073 1273 1098 non
1291 1058 1429 1099 solum
1448 1058 1562 1099 nulla
1577 1057 1632 1107 vi,
1650 1057 1855 1114 nulloque
1874 1055 2032 1114 impetu

195 1126 396 1175 convelli,
428 1136 467 1166 et
497 1122 744 1166 labefactari
772 1138 963 1180 unquam
990 1133 1146 1180 potest,
1174 1138 1323 1164 verum
1352 1124 1479 1163 etiam
1498 1122 1598 1180 ipsis
1627 1143 1643 1158 «
1668 1121 2036 1180 persecutionibus

201 1214 216 1228 «
252 1208 341 1233 non
375 1190 597 1241 minuitur,
622 1189 694 1231 sed
716 1200 911 1246 augetur,
940 1199 982 1229 et
1003 1203 1171 1245 semper
1193 1186 1444 1229 Dominicus
1466 1203 1564 1245 ager
1593 1198 1735 1245 segete
1766 1186 1909 1228 ditiori
1938 1201 2033 1228 ves-

201 1278 218 1291 «
254 1255 371 1305 titur,
407 1255 510 1296 dum
543 1270 690 1313 grana,
724 1270 817 1311 quae
850 1252 1014 1311 singula
1049 1253 1232 1303 cadunt,
1269 1251 1545 1310 multiplicata
1580 1263 1826 1293 nascuntur.
1860 1273 1878 1287 »

252 1457 381 1511 Quod
404 1456 544 1499 dilecti
573 1456 667 1497 Filii
690 1456 834 1498 Nostri
856 1467 897 1497 et
916 1454 1191 1496 Venerabiles
1212 1456 1396 1504 Fratres,
1423 1453 1744 1495 luctuosissimis
1765 1453 1892 1494 etiam
1921 1452 2037 1494 hisce

195 1523 459 1581 temporibus
477 1521 679 1580 singulari
699 1520 780 1562 Dei
801 1520 1009 1563 beneficio
1030 1519 1195 1561 evenire
1215 1518 1514 1576 conspicimus.
1537 1519 1649 1560 Nam
1672 1517 1863 1576 quamvis
1881 1517 2036 1559 imma-

194 1589 332 1631 culata
365 1587 521 1630 Christi
556 1588 718 1645 Sponsa
752 1585 981 1643 impiorum
1018 1585 1241 1626 hominum
1274 1599 1404 1641 opera
1434 1583 1478 1624 in
1510 1583 1734 1641 praesentia
1764 1582 2038 1624 vehementer

195 1653 436 1703 afflictetur,
459 1663 605 1693 tamen
623 1651 675 1693 de
696 1651 779 1692 suis
800 1649 996 1691 hostibus
1014 1649 1100 1706 agit
1120 1648 1402 1706 triumphum.
1429 1649 1656 1690 Enimvero
1672 1647 1761 1705 ipsa
1779 1663 1874 1688 suos
1890 1648 2036 1687 trium-

194 1719 298 1776 phat
317 1718 474 1767 hostes,
496 1727 537 1757 et
556 1715 730 1757 mirifice
751 1713 1007 1773 splendescit
1028 1725 1119 1755 tum
1143 1712 1345 1770 singulari
1362 1712 1516 1763 Vestra,
1541 1723 1583 1753 et
1609 1712 1789 1753 aliorum
1804 1710 2036 1753 Venerabi—

193 1783 297 1824 lium
323 1785 521 1824 Fratrum
549 1781 677 1822 totius
701 1779 898 1822 catholici
929 1778 1046 1819 orbis
1073 1779 1302 1819 Sacrorum
1331 1777 1581 1818 Antistitum
1611 1793 1710 1834 erga
1738 1778 1842 1827 Nos,
1865 1787 1907 1818 et
1928 1776 2037 1817 hanc

192 1847 307 1889 Petri
341 1847 597 1888 Cathedram
629 1845 726 1895 fide,
754 1859 916 1894 amore,
937 1842 1223 1891 observantia,
1255 1852 1298 1884 et
1324 1841 1475 1882 eximia
1497 1842 1735 1883 constantia
1763 1842 1807 1883 in
1831 1840 2038 1884 catholica

192 1913 354 1956 unitate
380 1911 553 1962 tuenda,
575 1922 666 1951 tum
692 1921 757 1950 tot
777 1908 1051 1967 pientissimis
1081 1906 1312 1965 religionis,
1346 1918 1387 1948 et
1411 1906 1652 1948 christianae
1683 1906 1869 1948 caritatis
1895 1904 2037 1963 operi-

193 1980 296 2027 bus,
327 1994 444 2036 quse,
481 1978 571 2017 Deo
602 1974 854 2024 auxiliante,
886 1973 1019 2031 magis
1048 1972 1092 2013 in
1118 1973 1207 2014 dies
1236 1971 1574 2029 multiplicantur
1596 1971 1639 2013 in
1673 1971 1884 2014 catholico
1911 1972 2030 2021 orbe,

192 2056 282 2085 tum
311 2042 584 2085 sanctissimae
613 2040 711 2081 fidei
727 2039 887 2080 lumine
910 2054 994 2095 quo
1017 2037 1153 2095 magis
1176 2037 1220 2078 in
1238 2037 1326 2078 dies
1350 2048 1411 2078 tot
1427 2036 1691 2079 illustrantur
1711 2037 1922 2096 regionsc,
1945 2048 2037 2078 tum

193 2107 367 2165 egregio
385 2106 708 2148 Catholicorum
729 2120 829 2161 erga
847 2103 984 2161 ipsam
1004 2102 1253 2152 Ecclesiam,
1272 2118 1319 2143 ac
1339 2103 1444 2152 Nos,
1469 2113 1511 2143 et
1530 2102 1642 2144 hanc
1662 2103 1861 2145 Sanctam
1881 2102 2038 2144 Sedem

194 2188 340 2213 amore
362 2183 401 2212 et
423 2171 579 2221 studio,
603 2182 695 2211 tum
715 2168 869 2226 insigni
894 2180 936 2210 et
964 2167 1194 2224 immor-tali
1214 2165 1409 2224 martyrii
1440 2166 1589 2223 gloria.
1622 2168 1768 2210 Nostis
1798 2167 1911 2210 enim
1928 2182 2038 2224 quo-

194 2236 325 2278 modo
344 2236 386 2277 in
407 2235 607 2286 Tunkini,
633 2247 674 2277 et
691 2233 990 2276 Cochinchinae
1016 2231 1255 2290 praesertim
1271 2231 1516 2289 regionibus
1538 2232 1759 2290 Episcopi,
1784 2232 2037 2274 Sacerdotes

194 2301 372 2358 laicique
401 2301 476 2342 viri
495 2335 503 2351 ,
528 2317 575 2342 ac
602 2301 664 2342 vel
688 2300 789 2358 ipsae
819 2298 1010 2340 imbelles
1047 2297 1259 2348 mulieres,
1285 2313 1332 2338 ac
1361 2297 1495 2338 teneri
1524 2297 1847 2349 adolescentuli,
1870 2309 1912 2339 et
1931 2296 2035 2338 ado-

197 2366 435 2408 lescentulae
465 2378 655 2407 veterum
678 2375 915 2421 martyrum
935 2362 1127 2420 exempla
1161 2362 1407 2403 aemulantes
1432 2363 1574 2403 animo
1600 2361 1774 2413 invicto,
1803 2374 1845 2405 et
1864 2361 2037 2404 heroica

193 2431 347 2472 virtute
369 2430 678 2471 crudelissimos
712 2444 906 2486 quosque
939 2429 1146 2470 cruciatus
1168 2427 1409 2484 despicere,
1437 2438 1478 2468 et
1498 2427 1739 2469 exhalantes
1759 2444 1838 2485 pro
1869 2425 2035 2468 Christo

194 2497 325 2537 vitam
345 2495 604 2553 profundere
624 2496 897 2537 vehementer
918 2494 1131 2535 laetantur.
1156 2496 1259 2546 Quae
1284 2507 1384 2534 sane
1410 2491 1550 2533 omnia
1571 2508 1657 2533 non
1682 2492 1763 2534 levi
1785 2492 1932 2544 Nobis,
1957 2507 2034 2533 vo-

197 2560 346 2618 bisque
363 2560 643 2601 consolationi
660 2576 748 2602 esse
766 2560 923 2601 debent
942 2558 1052 2600 inter
1072 2558 1291 2608 maximas,
1318 2558 1471 2615 quibus
1494 2557 1742 2614 premimur,
1765 2557 2032 2599 acerbitates.

255 2638 417 2678 Verum
457 2654 551 2679 cuni
595 2637 832 2695 Apostolici
875 2636 1019 2677 Nostri
1065 2635 1287 2677 ministerii
1321 2634 1509 2676 officium
1543 2635 1720 2676 omnino
1755 2635 1958 2693 postulet,
1990 2645 2035 2676 ut

196 2701 390 2743 Ecclesia*
412 2718 578 2742 causam
598 2703 733 2743 Nobis
754 2703 806 2743 ab
830 2701 924 2759 ipso
944 2700 1113 2742 Christo
1128 2700 1314 2741 Domino
1335 2699 1605 2741 commissam
1621 2701 1739 2741 omni
1757 2715 1856 2741 cura
1874 2699 2037 2742 studio-

197 2782 279 2824 que
300 2766 596 2815 defendamus,
626 2766 803 2822 illosque
833 2781 979 2806 omnes
1004 2766 1294 2822 reprobemus,
1319 2763 1392 2820 qui
1415 2764 1648 2806 Ecclesiam
1678 2765 1830 2822 ipsam,
1859 2766 2035 2822 ejusque

197 2848 312 2873 sacra
329 2833 439 2887 jura⁷
458 2830 691 2880 Ministros,
713 2841 753 2870 et
769 2831 876 2870 hanc
893 2829 1185 2887 Apostolicam
1200 2828 1351 2870 Sedem
1366 2844 1613 2887 oppugnare
1630 2841 1673 2871 et
1687 2829 1935 2872 conculcare
1945 2844 2034 2871 non

197 2896 409 2939 dubitant.
442 2895 591 2937 iccirco
619 2895 732 2936 hisce
756 2894 918 2935 Nostris
945 2894 1113 2936 Litteris
1134 2895 1274 2936 denuo
1302 2910 1349 2935 ea
1381 2896 1520 2935 omnia
1545 2906 1586 2936 et
1608 2895 1769 2952 singula
1802 2893 2033 2936 confirma-

196 2977 305 3010 mus,
340 2961 617 3011 declaramus,
644 2975 691 3001 ac
723 2959 989 3007 damnamus,
1016 2975 1106 3015 quae
1136 2959 1179 3000 iu
1200 2959 1394 3016 pluribus
1415 2959 1778 3001 consistorialibus
1797 2958 2034 3000 Allocutio-

196 3027 336 3075 nibus,
362 3026 536 3082 aliisque
557 3024 720 3067 Nostris
746 3023 913 3065 Litteris
934 3039 1028 3064 cum
1050 3024 1210 3081 ingenti
1236 3023 1365 3066 animi
1396 3025 1541 3066 Nostri
1575 3024 1770 3066 molestia
1789 3021 2029 3072 lamentari,

197 3091 424 3143 declarare,
448 3103 490 3133 et
514 3091 714 3133 damnare
738 3088 870 3131 coacti
893 3087 1062 3130 suimus.
