2135 3442
172 150 247 185 368
845 148 1032 183 LETTRE
1062 149 1128 183 DE
1156 148 1234 183 ΡΙΕ
1263 149 1332 185 ΙΧ.

172 250 259 276 11011
283 235 553 283 erubescunt,
576 249 714 291 neque
734 233 1030 284 reformidant,
1056 246 1098 276 ct
1125 235 1227 275 dum
1253 234 1485 276 insolenter
1515 250 1558 276 se
1584 235 1807 287 extollunt,
1833 237 2007 296 propria

171 298 382 356 superbia,
421 314 581 355 suoque
613 310 779 340 tumore
805 298 946 340 caecati
980 299 1169 341 veritatis
1206 300 1349 341 lumen
1384 299 1607 349 amittunt,
1646 299 1774 341 fidem
1795 333 1804 350 ,
1843 301 1896 342 de
1927 319 2009 359 qua

171 363 375 421 scriptum
395 374 474 413 est,
497 363 580 416 Qui
599 379 687 404 non
707 363 934 405 crediderit
951 363 1310 405 condemnabitur
1323 363 1355 413 ⁵,
1382 364 1682 421 superbissime
1709 377 2004 422 aspernantur,

172 428 337 485 sibique
358 427 646 486 praefidentes²
665 428 914 469 diffitentur.
933 428 1017 484 Ipsi
1031 430 1120 470 Deo
1139 429 1191 470 de
1209 444 1252 470 se
1270 428 1531 470 credendum
1548 444 1652 479 esse,
1670 441 1710 470 et
1727 429 1800 480 iis,
1821 446 1913 487 quae
1933 447 2007 473 co-

172 493 352 552 gnitioni
372 504 528 534 nostrae
551 493 603 534 de
629 509 672 534 se
694 493 859 544 tribuit,
886 493 1222 550 obsequendum.
1256 494 1309 535 Hi
1341 504 1451 543 sunt,
1479 494 1633 551 quibus
1663 495 2008 538 constantissime

171 557 365 615 opponit,
392 572 559 613 aequum
579 557 708 606 esse³‚
738 568 785 598 ut
810 557 862 598 de
885 556 1127 614 cognitione
1153 558 1230 599 Dei
1257 557 1335 615 ipsi
1360 559 1450 599 Deo
1474 558 1711 608 credamus,
1748 560 1865 614 cujus
1899 559 2010 600 scili-

171 634 239 664 cet
255 633 392 663 totum
411 633 488 671 cst,
504 621 618 678 quod
640 621 692 662 de
711 637 761 662 eo
782 621 1007 672 credimus,
1030 622 1126 678 quia
1144 623 1289 680 utique
1309 624 1362 664 ab
1384 622 1556 664 homine
1577 624 1709 675 Deus,
1734 623 1798 664 uti
1818 635 2005 680 oportet,

171 686 372 744 cognosci
394 703 481 727 non
506 685 660 743 potuit,
682 686 762 727 nisi
783 687 1009 728 salutarem
1030 687 1093 728 sui
1121 688 1407 746 cognitionem
1431 688 1520 746 ipse
1545 687 1782 729 tribuisset.
1815 688 1869 729 Hi
1893 700 2006 740 sunt,

171 768 277 809 quos
297 751 348 792 ad
369 751 524 792 mentis
544 751 768 793 sanitatem
785 751 900 792 hisce
920 750 1060 792 verbis
1083 768 1286 795 revocare
1306 753 1527 795 contendit
1546 770 1553 792 :
1572 752 1686 806 Quid
1703 754 1834 811 magis
1861 764 2011 795 contra

170 816 394 865 rationem,
420 831 546 872 quam
573 816 739 857 ratione
759 816 968 857 rationem
999 817 1143 858 conari
1167 818 1497 859 transcendere?
1520 829 1561 859 et
1583 817 1686 875 quid
1707 818 1843 875 magis
1861 829 2009 859 contra

170 880 316 933 fidem,
341 897 467 937 quam
488 880 658 922 credere
674 880 788 922 nolle
807 880 1011 938 quidquid
1028 898 1116 923 non
1141 883 1277 939 possis
1297 883 1460 924 ratione
1481 882 1689 939 attingere
1726 883 1743 923 P
1774 885 1919 939 Atque
1940 883 2009 924 his

170 944 382 986 inculcare
398 961 487 986 non
505 944 674 995 desinit,
693 945 821 986 fidem
839 961 927 986 non
947 945 1117 999 rationi,
1140 947 1213 988 sed
1234 948 1475 988 auctoritati
1497 947 1621 988 inniti
1639 948 1673 998 ⁵,
1697 963 1775 990 nec
1797 947 1911 989 enim
1929 947 2007 989 de-

170 1011 309 1061 cebat,
335 1022 379 1051 ut
395 1026 491 1051 cum
508 1012 622 1051 Deus
644 1009 698 1050 ad
718 1010 937 1051 hominem
959 1011 1219 1068 loqueretur,
1243 1013 1500 1070 argumentis
1522 1024 1727 1054 assereret
1751 1028 1846 1054 51135
1864 1028 2005 1062 voces,

169 1085 387 1131 tamquam
409 1075 512 1115 fides
533 1074 569 1115 ei
593 1090 680 1115 non
708 1076 951 1125 haberetur,
982 1076 1054 1117 sed
1080 1088 1127 1117 ut
1154 1077 1357 1134 oportuit,
1389 1089 1452 1118 est
1479 1077 1694 1134 loquutus,
1724 1076 1843 1134 quasi
1865 1092 2010 1118 rerum

171 1140 362 1180 omnium
389 1139 597 1180 maximus
614 1139 768 1194 judex,
798 1142 917 1196 cujus
942 1157 1030 1182 non
1053 1152 1117 1182 est
1139 1141 1440 1199 argumentari,
1478 1141 1552 1183 sed
1579 1141 1859 1200 pronuntiare
1877 1144 1905 1183 ⁶.
1932 1142 2010 1183 His

170 1204 432 1261 apertissime
454 1204 677 1245 denuntiat
696 1220 825 1246 unam
845 1205 1029 1247 hominis
1053 1221 1173 1263 spem
1193 1222 1407 1263 unamque
1434 1206 1613 1247 salutem
1638 1207 1822 1265 positam
1849 1221 1939 1247 esse
1966 1205 2010 1246 in

170 1268 400 1310 christiana
424 1268 522 1320 fide,
555 1285 646 1326 quae
672 1269 893 1311 veritatem
915 1270 1088 1321 docens,
1120 1287 1168 1312 ac
1197 1271 1339 1312 divina
1369 1287 1441 1312 sua
1466 1271 1559 1313 luce
1583 1272 1777 1312 humanae
1803 1270 2010 1328 ignoran-

169 1333 238 1374 tiae
257 1335 454 1375 tenebras
479 1334 707 1375 discutiens
731 1350 810 1392 per
829 1335 1045 1376 caritatem
1072 1347 1290 1393 operatur,
1321 1347 1361 1377 et
1389 1336 1433 1377 in
1454 1335 1662 1377 catholica
1690 1335 1891 1385 Ecclesia,
1918 1350 2010 1392 quae

169 1414 317 1439 verum
333 1399 521 1440 retinens
541 1400 702 1440 cultum
719 1412 782 1440 est
797 1400 976 1441 stabile
967 1400 1098 1458 ipsius
1121 1401 1218 1441 fidei
1241 1401 1516 1450 domicilium,
1541 1412 1582 1442 et
1604 1400 1682 1442 Dei
1707 1399 1913 1458 templum
1935 1415 2010 1441 ex-

170 1474 234 1504 tra
256 1464 388 1520 quod,
410 1463 513 1505 citra
533 1463 816 1505 1111111(11)1115
807 1481 933 1517 1σ1101
935 1477 1058 1506 311111ἱ
1079 1466 1408 1515 excusationem,
1433 1465 1625 1523 quisquis
1647 1465 1787 1515 fuerit,
1810 1475 1873 1506 est
1896 1480 1919 1506 a
1936 1479 2010 1522 spe

168 1527 281 1581 vitae,
313 1539 354 1568 et
385 1528 530 1569 salutis
560 1528 737 1570 alienus.
767 1531 819 1570 Et
846 1530 923 1571 1105
953 1531 1200 1588 gravissime
1229 1542 1393 1581 monet,
1425 1548 1473 1573 ac
1503 1532 1643 1582 docet,
1669 1530 1785 1588 quod
1814 1531 2011 1571 humanae

170 1592 268 1633 artis
289 1592 455 1662 peritia,
478 1592 511 1632 si
533 1594 704 1649 quando
726 1605 763 1633 tr
767 1594 958 1635 letandis
972 1595 1101 1636 sacris
1119 1595 1298 1652 eloquiis
1311 1565 1556 1648 adliibetur,
1578 1612 1666 1637 non
1688 1596 1898 1650 debetjus
1921 1610 2011 1636 ma-

171 1657 331 1714 gisterii
355 1657 435 1697 sibi
456 1673 501 1697 31
505 1668 704 1715 roganter
724 1658 926 1729 atripere,
949 1659 1164 1700 sedveluti
1186 1661 1337 1701 ancilla
1359 1660 1540 1701 domina²
1566 1661 1753 1717 quodam
1779 1660 2010 1701 famulatus

172 1721 377 1778 obsequio
400 1722 653 1771 subservire,
677 1738 730 1763 ne
751 1723 783 1764 si
803 1740 862 1780 p1
855 1724 1003 1765 necedlt
1020 1725 1203 1773 oberret,
1228 1735 1269 1765 et
1292 1716 1391 1766 (111111
1414 1725 1598 1766 exterior
1603 1741 1673 1766 um
1692 1725 1927 1766 verborum
1947 1739 2010 1765 se-

171 1786 318 1843 quitur
341 1787 680 1843 consequentias,
701 1786 860 1828 intimae
885 1787 1048 1829 virtutis
1070 1788 1214 1829 lumen
1242 1789 1424 1839 amittat,
1453 1800 1495 1831 et
1518 1801 1681 1831 rectum
1703 1789 1889 1830 veritatis
1918 1799 2007 1829 tra-

170 1850 318 1892 mitem
350 1850 544 1907 perdat⁷.
579 1852 727 1908 Neque
757 1852 987 1893 existimari
1015 1853 1165 1894 iccirco
1199 1853 1341 1904 debet,
1370 1823 1534 1895 millum
1562 1854 1605 1894 in
1636 1853 1824 1895 Ecclesia
1854 1851 2008 1894 Christi

169 1915 410 1973 profectum
431 1915 578 1956 haberi
599 1916 831 1974 religionis.
857 1919 1049 1958 Habetur
1072 1934 1272 1974 namque,
1300 1917 1498 1975 idemque
1524 1918 1748 1969 maximus,
1773 1917 2009 1959 dummodo

170 1991 313 2021 tamen
330 1995 428 2020 vere
449 1979 663 2039 profectus
684 1980 736 2021 sit
753 1981 867 2033 fidei,
883 1998 968 2022 non
990 1982 1265 2040 permutatio.
1290 1985 1461 2025 Crescat
1480 1982 1608 2041 igitur
1629 1993 1814 2041 oportet,
1840 1993 1881 2023 et
1900 1980 2011 2023 mul-

174 2056 262 2086 tum
280 2044 638 2101 vehementerque
658 2045 851 2103 proficiat
873 2057 961 2088 tam
976 2047 1255 2105 singulorum,
1280 2064 1408 2104 quam
1426 2048 1635 2099 omnium,
1660 2047 1784 2088 unius
1802 2046 2005 2099 hominis,

171 2125 296 2166 quam
320 2109 450 2150 totius
470 2110 665 2152 Ecclesiae
693 2121 880 2163 aetatum,
905 2128 952 2153 ac
977 2112 1227 2153 saeculorum
1258 2112 1462 2170 gradibus
1491 2112 1786 2170 intelligentia,
1819 2111 2006 2161 scientia,

171 2174 390 2232 sapientia,
411 2190 493 2231 qua
514 2174 772 2232 intelligatur
788 2176 993 2218 illustrius
1014 2177 1128 2234 quod
1155 2189 1278 2218 antea
1296 2177 1549 2218 credebatur
1569 2177 1804 2229 obscurius,
1827 2192 1910 2233 qua
1929 2191 2009 2234 po-

171 2238 340 2279 steritas
358 2239 618 2281 intellectum
636 2241 884 2297 gratuletur,
906 2241 1021 2298 quod
1036 2253 1218 2283 vetustas
1236 2258 1323 2283 non
1340 2242 1601 2284 intellectum
1615 2242 1906 2293 venerabatur,
1927 2256 2007 2298 qua

171 2302 367 2360 pretiosae
388 2303 516 2344 divini
535 2304 746 2362 dogmatis
768 2321 944 2363 gemmae
960 2306 1277 2364 exsculpantur,
1302 2306 1483 2348 fideliter
1503 2317 1772 2365 coaptentur,
1799 2305 2009 2347 adornen-

172 2377 242 2408 tur
261 2366 490 2424 sapienter,
523 2379 564 2409 et
590 2369 834 2426 splendore,
863 2370 1012 2428 gratia,
1036 2382 1254 2412 venustate
1282 2371 1489 2413 ditescant
1514 2371 1557 2412 in
1587 2371 1739 2412 eodem
1764 2383 1907 2412 tamen
1928 2385 2006 2428 ge-

172 2447 289 2481 nere,
312 2431 355 2471 in
386 2432 537 2474 eodem
564 2434 721 2476 scilicet
746 2435 960 2493 dogmate,
983 2435 1135 2477 eodem
1162 2452 1301 2487 sensu,
1330 2436 1560 2493 eademque
1590 2436 1813 2487 sententia,
1839 2447 1886 2477 ut
1912 2450 2007 2476 cum

172 2495 367 2537 dicantur
385 2512 509 2546 nove,
535 2513 621 2538 non
643 2498 839 2540 dicantur
855 2515 963 2540 nova
977 2504 1006 2542 ὅ.

227 2559 453 2601 Neminem
479 2562 677 2603 Vestrum
703 2563 847 2604 mirari
869 2564 1139 2615 arbitramur,
1170 2565 1310 2606 dilecti
1335 2565 1428 2606 Filii
1458 2566 1620 2617 Nostri,
1652 2582 1699 2607 ac
1728 2564 2002 2607 Venerabiles

168 2624 351 2674 Fratres,
375 2625 408 2665 si
429 2642 506 2682 pro
527 2627 684 2668 Nostro
705 2627 799 2669 fidei
821 2629 1022 2686 primatu,
1047 2640 1088 2670 et
1104 2629 1369 2687 principatu⁹
1386 2629 1438 2670 de
1456 2630 1778 2672 luctuosissimis
1800 2630 1929 2680 hisce,
1953 2644 2001 2670 ac

168 2687 229 2730 rei
256 2704 352 2729 cum
379 2704 521 2739 sacrae,
551 2702 640 2732 tum
662 2692 840 2749 publicae
866 2693 1234 2751 perniciosissimis
1260 2694 1473 2736 erroribus
1497 2695 1637 2737 denuo
1664 2695 1828 2753 loquuti
1851 2694 1996 2746 simus,

238 2835 249 2846 .
275 2812 386 2846 Marc.
407 2824 479 2852 111,
507 2826 541 2846 v,
562 2816 618 2848 16.

240 2886 247 2893 .
275 2860 310 2894 S.
329 2859 437 2893 Hilar.
460 2859 503 2892 de
523 2860 650 2895 Triuit.
671 2861 732 2895 lib.
758 2866 789 2897 4.

238 2933 245 2939 .
274 2906 408 2940 Casian.
431 2905 474 2939 de
493 2908 665 2940 Incarnat.
695 2908 756 2943 lib.
778 2912 811 2944 4.
827 2922 904 2956 cap.
928 2913 960 2945 2.

240 2980 247 2987 .
276 2953 310 2987 S.
333 2953 499 2987 Bernard.
522 2954 622 2998 epist.
648 2957 725 2989 190.

238 3025 246 3033 .
274 3001 310 3033 S.
328 3000 494 3035 Bernard
516 3000 559 3034 de
579 3001 796 3037 Considerat.
818 3004 880 3037 lib.
902 3006 937 3038 5.
960 3007 1092 3049 cap.3.

238 3072 245 3079 .
274 3048 430 3082 Lactant.
449 3047 559 3083 divin
584 3048 736 3081 Institut.
756 3049 818 3082 lib.
837 3053 869 3085 3.
889 3063 965 3095 cap.
992 3054 1024 3085 1.

237 3119 244 3126 .
272 3094 307 3128 S.
330 3095 420 3129 Pier.
444 3096 544 3128 Dam.
567 3096 725 3140 opuscul.
746 3098 803 3131 36.
823 3109 900 3143 cap.
923 3100 955 3131 5.

271 3141 376 3174 Vinc.
398 3141 510 3177 Li1in.
524 3142 778 3177 Commonitor.

238 3188 307 3223 ..S
326 3189 494 3224 Ambros.
521 3189 564 3224 de
579 3190 753 3226 Incarnat.
774 3202 849 3237 cap.
869 3194 902 3227 4.
924 3203 961 3228 n.
985 3194 1043 3227 32.
1062 3191 1217 3228 Cassian.
1240 3193 1283 3228 de
1293 3195 1467 3231 Incarnat.
1489 3195 1550 3230 lib.
1567 3198 1601 3230 3.
1622 3207 1698 3240 cap.
1725 3196 1781 3229 12.

210 2814 245 3221 ΦῼΟΧΊΦΟΕῆ-*ωωῠ-
