2135 3442
149 172 225 208 256
656 168 843 204 LETTRE
871 168 1185 215 ENCYCLIQUE
1216 168 1280 203 DE
1309 167 1388 202 PIE
1416 165 1486 201 IX.

150 273 234 316 prae
263 271 305 297 se
331 256 483 296 ferant.
509 255 695 296 Caveant
718 254 948 312 praesertim
969 253 1196 311 supradicti
1218 251 1416 293 ordinum
1436 249 1740 300 moderatores,
1770 266 1823 292 ne
1841 251 1912 293 ulli
1933 251 1988 293 ad

150 321 343 378 religiosa
367 319 554 361 instituta
578 318 741 361 aditum
770 320 941 370 faciant,
976 319 1054 359 nisi
1077 320 1194 374 cujus
1218 327 1341 358 antea
1362 314 1505 365 vitam,
1536 330 1675 356 mores
1708 325 1831 372 atque
1862 315 1987 357 indo-

150 386 233 427 lem
251 386 555 427 accuratissime
575 383 874 442 expenderint,
903 398 949 423 ac
985 382 1139 424 deinde
1168 382 1260 423 illos
1288 392 1446 421 tantam
1476 379 1527 420 ad
1557 377 1794 437 religiosam
1823 380 1987 437 profes-

151 450 311 493 sionem
331 450 570 500 admittant,
594 450 664 506 qui
683 448 889 505 tyrocinio
910 448 988 488 rite
1007 447 1143 505 posito
1163 463 1212 488 ea
1232 446 1429 487 dederint
1456 459 1564 485 verae
1595 444 1826 485 vocationis
1853 445 1985 502 signa,

150 516 389 571 utjudicari
406 514 556 556 merito
585 513 729 571 possit,
754 513 865 569 ipsos
894 528 980 553 non
1006 512 1086 553 alia
1119 512 1171 553 de
1198 527 1318 552 causa
1350 509 1588 567 religiosam
1619 508 1749 549 vitam
1778 508 1987 566 amplecti,

152 580 230 622 nisi
249 592 293 621 ut
313 582 404 621 Deo
425 578 547 619 unice
568 578 727 628 vivant,
748 588 788 618 et
805 592 921 617 suam
940 588 1064 633 atque
1088 577 1265 617 aliorum
1290 576 1464 616 salutem
1485 590 1562 632 pro
1587 575 1789 630 cujusque
1812 574 1992 615 instituti

153 647 315 687 ratione
334 658 561 702 procurare
578 642 756 699 possint.
785 642 916 698 Super
945 642 1008 682 his
1042 652 1181 682 autem
1207 640 1488 681 deliberatum
1522 637 1733 694 fixumque
1751 637 1885 679 Nobis
1912 649 1988 692 est,

153 721 199 751 ut
231 726 281 752 ea
316 710 490 750 omnino
525 717 753 755 serventur,
797 721 887 762 quae
928 705 982 746 ad
1020 704 1311 763 religiosarum
1355 704 1607 744 familiarum
1640 703 1802 743 bonum
1840 714 1993 744 statuta

153 775 476 833 praescriptaque
513 782 607 812 sunt
639 770 681 811 in
712 771 888 811 decretis
925 786 947 810 a
983 781 1127 811 nostra
1155 768 1482 827 congregatione
1512 783 1636 826 super
1665 768 1783 808 Statu
1809 767 1993 826 Regula-

153 841 262 881 rium
283 838 352 880 die
378 842 431 880 25
461 836 643 879 Januarii
672 833 878 892 superiori
914 850 1025 875 anuo
1056 834 1192 884 editis,
1228 845 1270 875 et
1303 834 1531 891 apostolica
1566 843 1709 873 nostra
1747 834 1993 875 auctoritate

153 915 333 945 sancius.

212 976 312 1016 Post
331 974 419 1015 hcec
437 972 491 1014 ad
514 971 716 1012 saecularis
746 969 844 1011 cleri
875 969 1087 1010 delectum
1119 979 1316 1010 revocato
1341 985 1550 1020 sermone,
1583 969 1928 1010 commendatam
1953 969 1996 1010 in

152 1040 298 1098 primis
315 1038 508 1080 volumus
530 1035 859 1076 fraternitatibus
875 1034 1022 1074 vestris
1037 1034 1372 1084 instructionem,
1395 1045 1435 1075 et
1461 1033 1754 1075 educationem
1783 1035 1997 1075 minorum

153 1104 423 1155 clericorum,
448 1099 797 1158 quandoquidem
817 1098 962 1139 idonei
983 1096 1175 1138 Ecclesiae
1196 1099 1374 1139 ministri
1391 1099 1459 1139 vix
1481 1099 1598 1140 aliter
1628 1098 1776 1139 haberi
1804 1109 1994 1156 possunt,

154 1186 280 1227 quam
301 1186 351 1210 ex
377 1169 468 1215 illis,
495 1167 565 1222 qui
589 1167 642 1206 ab
661 1164 947 1205 adolescentia
972 1175 1014 1204 et
1041 1164 1175 1220 prima
1196 1164 1283 1220 ipsa
1306 1174 1425 1204 aetate
1455 1164 1509 1204 ad
1539 1179 1653 1204 sacra
1682 1164 1833 1205 eadem
1859 1163 1996 1205 officia

153 1236 231 1277 rite
259 1232 472 1275 informati
498 1232 665 1272 fuerint.
687 1229 853 1286 Pergite
883 1229 1024 1286 igitur,
1044 1229 1153 1269 Ven.
1187 1229 1369 1280 Fratres,
1395 1244 1567 1269 omnem
1591 1228 1839 1284 impendere
1865 1228 1995 1269 indu-

154 1300 296 1340 striam
323 1310 447 1355 atque
468 1312 656 1355 operam,
687 1311 771 1352 quo
804 1309 928 1336 sacrae
952 1294 1112 1334 militiae
1143 1305 1315 1352 tyrones
1339 1310 1359 1334 a
1391 1295 1544 1335 teneris
1579 1292 1714 1343 annis,
1743 1292 1884 1350 quoad
1911 1295 1997 1348 ejus

154 1363 243 1405 fieri
265 1362 433 1421 poterit,
459 1363 501 1402 in
519 1361 805 1402 Ecclesiastica
831 1360 1054 1400 seminaria
1079 1360 1348 1417 recipiantur,
1381 1370 1504 1416 atque
1535 1359 1654 1408 inibi,
1688 1369 1891 1415 tanquam
1919 1374 1998 1399 no-

154 1429 270 1471 vellae
289 1426 572 1486 plantationes
596 1435 903 1466 succrescentes
927 1425 969 1465 in
995 1425 1167 1465 circuitu
1193 1423 1455 1465 tabernaculi
1476 1424 1665 1475 Domini,
1691 1423 1743 1464 ad
1768 1424 1863 1464 vitae
1879 1423 2001 1464 inno-

155 1494 352 1542 centiam,
390 1491 633 1549 religiorum
677 1489 953 1539 modestiam,
993 1500 1035 1530 et
1065 1489 1402 1530 Ecclesiasticum
1440 1489 1631 1546 spiritum
1663 1488 1997 1538 conformentur,

155 1558 362 1614 simulque
393 1557 566 1608 litteras,
594 1565 635 1596 et
661 1554 862 1604 minores,
888 1556 1150 1611 majoresque
1173 1554 1429 1611 disciplinas,
1452 1554 1683 1611 praesertim
1711 1568 1847 1595 sacras
1875 1553 2000 1595 addi-

156 1634 273 1665 scant
298 1638 321 1662 a
343 1619 622 1663 selectissimis
646 1619 871 1677 magistris,
900 1618 970 1676 qui
991 1618 1145 1660 scilicet
1164 1619 1402 1660 doctrinam
1420 1629 1633 1660 sectentur
1652 1618 1703 1659 ab
1724 1618 1842 1659 omni
1861 1619 2002 1674 cujus-

157 1704 238 1746 que
256 1687 408 1730 erroris
429 1685 619 1744 periculo
642 1684 839 1725 alienam.

216 1763 429 1817 Quoniam
462 1777 562 1803 vero
586 1761 701 1802 haud
734 1759 854 1801 facile
886 1760 1009 1801 vobis
1040 1761 1258 1817 continget
1285 1760 1500 1800 minorum
1530 1759 1721 1799 omnium
1749 1758 2001 1800 clericorum

158 1829 440 1875 eruditionem
462 1828 503 1867 in
529 1824 761 1867 seminariis
784 1823 1000 1883 perficere,
1025 1835 1066 1865 et
1086 1835 1248 1865 ceteros
1272 1825 1398 1865 etiam
1416 1839 1468 1864 ex
1490 1823 1695 1864 laicorum
1727 1822 1877 1863 ordine
1900 1823 2004 1864 ado-

158 1894 358 1936 lescentes
380 1893 433 1933 ad
453 1891 708 1949 pastoralem
731 1901 911 1931 vestram
934 1889 1263 1930 sollicitudinem
1281 1890 1491 1946 pertinere
1511 1904 1599 1929 non
1619 1898 1679 1929 est
1704 1887 1898 1938 dubium,
1929 1903 2005 1929 ex-

159 1960 309 2001 cubate
343 1958 528 2014 insuper,
560 1957 666 1998 Ven.
701 1957 884 2005 Fratres,
922 1954 1012 1996 aliis
1039 1956 1236 1996 omnibus
1259 1955 1436 2012 publicis
1478 1953 1731 2011 privatisque
1764 1952 1933 2006 scholis,
1962 1964 2004 1994 et

159 2033 363 2081 quantum
396 2023 436 2062 in
463 2022 582 2062 vobis
611 2032 672 2063 est
695 2019 811 2062 omni
848 2035 927 2077 ope
961 2031 1084 2076 atque
1114 2020 1318 2061 industria
1352 2019 1612 2069 adnitimini,
1646 2028 1692 2058 ut
1723 2028 1812 2058 tota
1847 2018 1891 2057 in
1924 2016 2004 2058 illis

159 2087 396 2129 studiorum
411 2088 517 2127 ratio
540 2085 592 2126 ad
611 2086 824 2127 catholicae
846 2084 1047 2125 doctrinae
1066 2101 1257 2126 normam
1282 2085 1488 2142 exigatur,
1515 2094 1556 2124 et
1577 2081 1830 2124 conveniens
1850 2082 1893 2122 in
1914 2081 2004 2124 illas

156 2155 354 2210 juventus
374 2152 426 2192 ab
448 2150 628 2205 idoneis,
657 2162 697 2192 et
718 2150 931 2208 probitate
955 2165 1002 2190 ac
1031 2149 1226 2207 religiosa
1242 2150 1437 2207 spectatis
1457 2147 1665 2206 magistris
1686 2146 1740 2188 ad
1756 2162 1898 2187 veram
1917 2148 2002 2187 vir-

162 2228 313 2265 tutem,
332 2217 551 2273 bonasque
569 2227 678 2257 artes
697 2231 744 2256 ac
771 2214 1010 2272 disciplinas
1035 2215 1241 2268 instituta,
1268 2215 1513 2272 opportunis
1545 2214 1756 2254 muniatur
1781 2210 2000 2269 praesidiis,

162 2281 315 2339 quibus
331 2292 505 2322 structas
527 2282 604 2322 sibi
626 2281 678 2321 ab
702 2280 841 2337 impiis
860 2278 1031 2320 insidias
1055 2290 1270 2337 agnoscat,
1293 2290 1333 2321 et
1357 2279 1543 2320 exitiales
1572 2276 1819 2319 eorumdem
1844 2291 2005 2318 errores

166 2347 336 2395 devitet,
361 2357 485 2402 atqua
508 2346 565 2386 ita
584 2345 661 2387 sibi
685 2356 725 2386 et
749 2345 985 2385 christianae
1011 2360 1058 2385 ac
1081 2344 1191 2386 civili
1213 2343 1455 2402 reipublicae
1478 2352 1730 2384 ornamento
1762 2351 1802 2382 et
1832 2340 2003 2383 utilitati

164 2426 250 2452 esse
269 2411 414 2468 possit.

223 2487 285 2527 Eo
310 2497 448 2527 autem
476 2484 518 2524 in
546 2500 698 2542 genere
733 2485 990 2543 praecipuam
1020 2485 1156 2533 vobis,
1187 2486 1393 2542 planeque
1426 2484 1603 2525 liberam
1639 2484 1932 2525 auctoritatem
1963 2495 2005 2526 et

165 2566 308 2593 curam
324 2549 593 2590 vindicabitis
614 2565 739 2606 super
756 2549 1060 2607 professoribus
1081 2564 1291 2589 sacrarum
1314 2549 1644 2606 disciplinarum,
1680 2560 1721 2589 et
1754 2548 1796 2589 in
1832 2548 2004 2605 reliquis

166 2614 362 2657 omnibus
379 2630 468 2671 quse
492 2613 723 2670 Religionis
746 2624 858 2663 sunt,
886 2624 960 2654 aut
986 2612 1250 2670 Religionem
1274 2614 1465 2670 proxime
1491 2614 1718 2671 attingunt.
1747 2612 2001 2671 Advigilate,

167 2691 213 2722 ut
232 2681 274 2720 in
295 2690 382 2720 tota
407 2678 576 2736 quidem
602 2678 843 2718 scholarum
865 2677 1046 2729 ratione,
1074 2677 1203 2718 sedin
1224 2678 1288 2718 his
1308 2678 1507 2728 maxime,
1529 2694 1621 2735 quae
1635 2677 1866 2736 Religionis
1889 2689 1999 2728 sunt,

166 2744 262 2786 libri
287 2744 566 2785 adhibeantur
585 2743 638 2783 ab
665 2743 815 2783 erroris
850 2743 1049 2798 cujusque
1078 2741 1313 2799 suspicione
1349 2742 1572 2785 immunes.
1605 2744 1882 2784 commonete
1910 2742 2002 2783 ani-

167 2826 333 2852 marum
352 2819 577 2857 curatores,
601 2818 647 2848 ut
666 2806 799 2848 seduli
816 2807 936 2848 vobis
957 2806 1170 2861 adjutores
1203 2805 1282 2846 sint
1304 2807 1345 2847 in
1380 2807 1443 2856 iis,
1473 2823 1564 2864 quse
1590 2807 1752 2849 scholas
1777 2805 2004 2865 respiciunt

168 2875 392 2916 infantium
411 2885 452 2915 et
467 2875 670 2928 juvenum
693 2872 836 2929 primae
857 2872 988 2912 fetatis
1045 2887 1128 2928 quo
1151 2870 1412 2913 destinentur
1427 2872 1480 2913 ad
1496 2872 1586 2914 illas
1606 2872 1808 2931 magistri,
1840 2882 1882 2913 et
1908 2886 2002 2912 ma-

169 2941 304 2999 gistrae
324 2938 629 2996 probatissima
646 2936 894 2986 honestatis,
918 2946 959 2976 et
979 2936 1022 2976 in
1043 2936 1196 2993 pueriS,
1220 2947 1291 2976 aut
1306 2937 1453 2994 puellis
1473 2937 1527 2978 ad
1547 2937 1779 2979 christianae
1801 2935 1900 2977 fidei
1933 2950 2003 2976 ru-

169 3004 353 3046 dimenta
371 3001 635 3045 instituendis
654 2999 750 3041 libri
775 2999 1055 3040 adhibeantur
1086 3015 1108 3040 a
1139 3000 1289 3041 Sancta
1315 3002 1394 3043 hac
1429 3002 1536 3043 Sede
1560 3001 1743 3060 probati.
1767 3002 1860 3053 Qua
1882 2999 1924 3040 in
1956 3014 2001 3040 re

171 3069 365 3110 dubitare
388 3083 473 3109 non
496 3080 731 3124 possumus,
757 3065 858 3121 quin
883 3064 1054 3121 parochi
1082 3063 1159 3121 ipsi
1183 3065 1375 3122 exemplo
1402 3067 1479 3107 illis
1505 3068 1601 3115 sint,
1628 3077 1669 3107 et
1704 3065 1823 3106 vobis
1855 3061 2001 3104 sedulo

171 3134 435 3185 instantibus,
458 3133 500 3172 in
522 3146 672 3189 pueros
697 3128 749 3170 ad
768 3129 1001 3169 christianae
1023 3127 1224 3169 doctrinae
1246 3129 1478 3187 primordia
1512 3129 1780 3171 instruendos
1812 3127 2002 3185 quotidie

172 3200 302 3257 magis
323 3197 587 3249 incumbant,
614 3209 789 3251 eamque
809 3192 1126 3234 instructionem
1145 3193 1198 3234 ad
1220 3196 1429 3251 graviores
1453 3196 1515 3236 sui
1538 3193 1721 3235 muneris
1744 3203 1882 3250 partes
1905 3207 2000 3233 om-
