2135 3442
205 198 280 234 ⁶268
813 193 1127 230 ALLOCUTION
1155 193 1222 227 DE
1250 192 1329 227 PIE
1359 192 1429 229 IX.

265 280 427 323 Debitae
452 289 591 321 autem
607 278 743 320 laudis
764 290 805 320 et
822 279 998 320 honoris
1017 278 1304 320 testimonium
1319 276 1517 317 omnibus
1537 274 1786 317 eorumdem
1798 275 2040 334 Principum

208 357 249 387 et
277 345 507 387 Nationum
534 343 647 402 apud
667 344 771 393 Nos,
798 355 839 384 et
867 344 978 384 hanc
1000 343 1043 384 S.
1069 342 1223 384 Sedem
1243 341 1502 392 Oratoribus,
1530 351 1653 397 atque
1672 339 1939 381 Administris
1961 339 2039 381 de-

208 411 397 463 ferimus,
423 409 494 467 qui
511 425 591 467 pro
614 425 786 450 suorum
803 408 1048 466 Principum
1071 419 1112 449 et
1128 408 1359 449 Nationum
1377 422 1475 463 erga
1497 406 1584 446 Nos
1600 405 1814 446 voluntate
1829 419 1877 445 ac
1896 405 2040 446 studiis

206 476 438 517 Personam
471 475 670 516 Nostram
693 485 789 514 ante
823 473 1050 514 discessum
1075 474 1196 514 tutati
1220 485 1332 525 sunt,
1356 488 1403 513 ac
1426 471 1515 512 Nos
1536 482 1627 511 tum
1651 471 1694 511 in
1716 468 1861 511 exsilio
1884 479 1972 509 tum
1997 472 2041 511 in

207 540 347 581 reditu
381 555 547 598 semper
577 550 673 580 sunt
697 537 900 580 comitati.
933 539 1016 579 Tot
1034 553 1132 578 vero
1163 537 1367 594 tantisque
1399 535 1619 594 singularis
1647 533 1826 592 pietatiS,
1865 534 2043 591 impensi

208 606 377 658 amoris,
404 604 659 646 devotissimi
679 602 885 660 obsequii,
910 618 956 643 ac
982 602 1221 660 largissima=
1240 601 1498 643 liberalitatis
1517 600 1662 641 officiis
1686 600 1738 640 ab
1758 599 1950 640 universo
1969 613 2041 639 ca-

210 670 366 711 tholico
390 670 492 711 orbe
523 668 660 709 affecti
691 668 859 717 fuimus,
886 678 932 708 ut
946 667 1216 708 vehementer
1235 682 1480 724 cuperemus
1505 666 1548 706 in
1567 666 1651 706 hoc
1667 664 1820 705 Vestro
1844 678 2044 705 consessu

209 750 295 776 non
315 735 451 776 solum
465 734 635 791 singulis
649 733 888 774 civitatibus
908 743 949 772 et
970 731 1150 789 oppidis,
1175 731 1248 773 sed
1265 731 1488 789 unicuique
1504 731 1631 772 etiam
1648 729 1872 770 hominum
1892 728 2043 769 iterum

208 798 372 840 debitas
403 816 480 857 pro
514 799 596 840 suis
622 814 719 856 erga
747 798 834 838 Nos
861 796 1022 838 meritis
1055 797 1289 854 persolvere
1317 797 1470 855 gratias
1494 811 1540 836 ac
1571 796 1756 836 tribuere
1781 792 1944 844 laudes,
1966 793 2044 834 nisi

206 862 371 922 longius
405 880 532 921 quam
570 880 646 921 par
677 874 739 904 est
771 863 859 903 11100
892 862 1045 902 Nostra
1082 877 1300 902 excurrere
1342 861 1514 902 deberet
1549 861 1700 901 oratio.
1740 860 2043 900 Verumtamen

209 928 375 970 silentio
403 928 611 986 praeterire
643 943 729 968 non
752 942 976 984 possumus
996 925 1170 966 illustria
1198 942 1297 967 sane
1329 937 1371 967 et
1389 926 1495 967 mira
1517 925 1629 976 fidei,
1663 923 1842 982 pietatis,
1871 923 2039 976 amoris,

207 1004 248 1035 et
263 992 523 1034 liberalitatis
536 993 790 1042 testimonia,
808 993 959 1048 quibus
972 991 1060 1032 Nos
1079 990 1323 1048 prosequuti
1341 1001 1436 1031 sunt
1448 990 1718 1031 Venerabiles
1734 990 1899 1029 Fratres
1917 989 2045 1029 totius

207 1060 400 1100 catholici
433 1059 546 1099 orbis
580 1058 815 1107 Antistites,
853 1058 925 1113 qui
959 1056 1151 1097 maximae
1187 1055 1322 1096 Nobis
1344 1054 1495 1096 laetitiae
1519 1055 1703 1096 fuerunt.
1729 1054 1921 1110 Namque
1947 1053 2041 1110 ipsi,

205 1124 392 1180 quamvis
415 1122 458 1163 in
479 1122 728 1180 gravissimis
749 1121 947 1179 angustiis
970 1135 1017 1161 ac
1040 1119 1354 1161 difficultatibus
1378 1121 1607 1170 constituti,
1636 1118 1884 1161 sacerdotali
1903 1129 2045 1158 tamen

206 1187 452 1229 fortitudine
473 1198 515 1228 et
543 1187 634 1228 zelo
653 1186 933 1228 ministerium
958 1200 1080 1226 suum
1100 1185 1292 1242 implere,
1316 1196 1357 1225 et
1376 1186 1540 1225 bonum
1559 1194 1770 1225 certamen
1792 1193 1970 1232 certare,
2004 1193 2045 1223 et

207 1263 294 1293 tum
316 1267 435 1305 voce,
465 1262 556 1292 tum
591 1251 842 1292 salutaribus
875 1249 1055 1308 scriptis,
1089 1261 1180 1290 tum
1207 1249 1518 1307 episcopalibus
1551 1248 1829 1290 conventibus
1850 1248 2044 1289 Ecclesia»

207 1334 391 1368 causam,
420 1319 528 1373 jura,
559 1317 798 1358 libertatem
820 1314 1032 1373 impavide
1064 1314 1310 1363 defendere,
1342 1325 1384 1355 et
1409 1314 1619 1355 commissi
1648 1313 1727 1354 sibi
1759 1312 1895 1371 gregis
1924 1312 2046 1353 saluti

207 1383 447 1440 prospicere
477 1398 710 1438 numquam
741 1392 970 1423 cessarunt.
998 1382 1137 1437 Atque
1159 1379 1275 1421 haud
1300 1395 1518 1437 possumus
1537 1380 1639 1436 quin
1661 1376 1881 1436 gratissimi
1901 1375 2045 1417 Nostri

209 1447 338 1487 animi
371 1463 511 1488 sensus
533 1448 652 1488 vobis
676 1462 844 1504 quoque
870 1445 1160 1504 profiteamur,
1183 1444 1457 1486 Venerabiles
1486 1445 1649 1484 Fratres
1674 1442 1716 1483 S.
1744 1443 1793 1483 E.
1819 1442 1873 1482 R.
1896 1440 2046 1482 Cardi-

208 1511 339 1563 nales,
366 1513 438 1568 qui
467 1528 674 1553 summam
694 1523 807 1553 certe
833 1510 1168 1552 consolationem
1194 1520 1234 1550 et
1267 1509 1459 1550 solatium
1480 1507 1614 1549 Nobis
1633 1507 1838 1558 attulistis,
1858 1505 2050 1563 quando-

209 1576 381 1633 quidem
412 1578 660 1618 Nostrarum
697 1577 983 1618 calamitatum
1019 1575 1120 1616 socii
1153 1585 1276 1631 atquc
1307 1575 1551 1631 participes,
1584 1573 1740 1614 invicto
1772 1573 1914 1613 animo
1944 1571 2048 1612 dura

207 1640 407 1698 perpessi,
448 1653 488 1683 et
521 1643 711 1699 graviora
741 1656 916 1698 quaeque
947 1656 1025 1698 pro
1054 1639 1239 1681 Ecclesia
1275 1639 1353 1679 Dei
1381 1639 1522 1680 subire
1554 1638 1687 1695 parati
1727 1635 2045 1693 amplissimum,

211 1721 339 1762 quem
358 1707 401 1746 in
421 1706 555 1747 aedem
577 1706 770 1747 Ecclesiae
794 1705 1007 1753 obtinetis,
1036 1703 1214 1761 gradum
1241 1703 1359 1744 omni
1391 1704 1543 1744 virtute
1571 1702 1789 1751 sustinere,
1812 1700 1982 1756 Nosque
2005 1700 2048 1740 in

210 1780 328 1811 tanto
351 1786 491 1811 rerum
520 1771 747 1811 certamine
773 1780 814 1810 et
844 1768 1086 1809 discrimine
1118 1767 1261 1807 vestris
1292 1767 1485 1815 consiliis,
1518 1777 1639 1822 atque
1667 1764 1883 1805 laboribus
1902 1766 2047 1818 juvare

210 1850 444 1892 numquam
468 1834 675 1875 omisistis.
703 1836 813 1874 Cum
836 1833 963 1891 igitur
996 1831 1182 1873 maximo
1206 1830 1284 1872 Dei
1313 1830 1519 1871 beneficio
1551 1846 1615 1871 res
1644 1831 1702 1870 ita
1725 1843 1934 1870 conversae
1954 1828 2048 1870 fue-

210 1900 309 1949 rint,
334 1910 380 1940 ut
413 1899 457 1939 in
494 1900 605 1940 hanc
638 1898 927 1956 Apostolicam
963 1897 1117 1938 Sedem
1155 1896 1263 1937 inter
1288 1911 1471 1937 summas
1502 1911 1588 1936 non
1620 1894 1758 1935 solum
1786 1894 1910 1948 hujus
1932 1893 2049 1934 alma¹

211 1964 353 2014 Urbis,
379 1963 453 2005 sed
481 1965 672 2004 omnium
696 1964 821 2004 etiam
856 1962 1156 2020 populorum
1148 1961 1449 2011 matulationes
1477 1960 1614 2001 redire
1646 1957 1922 2017 potuerimus,
1945 1958 2050 1998 nihil

213 2041 326 2071 celte
350 2029 484 2071 Nobis
503 2029 698 2070 omnibus
719 2030 857 2087 potius
880 2043 966 2069 esse
988 2027 1116 2068 debet
1143 2042 1269 2096 quam
1296 2025 1340 2066 in
1361 2024 1599 2066 humilitate
1619 2024 1756 2065 cordis
1779 2023 1921 2064 Nostri
1943 2024 2046 2064 assi-

214 2093 318 2134 duas
340 2106 464 2151 atque
484 2093 771 2134 immortales
762 2109 838 2150 ipsi
853 2091 1181 2134 clementissimo
1198 2090 1517 2132 miserationum
1535 2089 1720 2130 Domino
1738 2102 1858 2146 agere
1877 2086 2046 2145 gratias,

216 2157 286 2214 qui
317 2159 413 2199 fecit
436 2158 668 2199 Nobiscum
694 2156 1027 2199 misericordiam
1053 2172 1186 2207 suam,
1220 2155 1405 2211 itemque
1435 2154 1712 2195 Sanctissimae
1741 2152 1818 2193 Dei
1847 2151 2047 2193 Genitrici

215 2223 495 2264 Immaculata¹
526 2222 688 2281 Virgini
719 2222 880 2272 Mariae,
912 2223 1028 2277 cujus
1052 2220 1345 2278 potentissimo
1385 2219 1622 2277 patrocinio
1649 2218 1824 2259 salutem
1852 2217 2048 2258 Nostram

216 2299 428 2346 acceptam
449 2287 683 2329 referimus.

274 2462 502 2511 Hactenus,
525 2460 796 2502 Venerabiles
814 2461 994 2511 Fratres,
1021 2474 1074 2499 cn
1097 2457 1248 2516 raptim
1272 2454 1692 2498 commemoravimus
1713 2470 1802 2512 quae
1826 2454 1959 2496 Nobis
1977 2456 2048 2509 ju-

218 2525 422 2567 cunditati
444 2525 632 2578 fuerunt,
655 2541 765 2566 nunc
796 2540 896 2566 vero
920 2540 997 2582 pro
1029 2522 1211 2581 supremi
1235 2521 1379 2563 Nostri
1403 2520 1635 2578 Apostolici
1659 2519 1879 2561 ministerii
1906 2519 2050 2561 debito

218 2590 332 2632 haud
351 2606 568 2647 possumus
589 2589 690 2646 quin
709 2589 760 2630 de
783 2589 831 2630 iis
850 2589 1089 2645 loquamur,
1112 2603 1203 2643 qua*
1220 2602 1292 2627 cor
1315 2587 1518 2627 Nostrum
1542 2584 1688 2626 intime
1707 2583 1947 2634 sollicitant,
1974 2599 2050 2624 an-

220 2666 325 2713 gunt
345 2666 385 2695 et
406 2666 616 2711 premunt.
651 2654 830 2695 Noscitis
859 2653 990 2704 enim,
1017 2651 1289 2693 Venerabiles
1310 2652 1489 2702 Fratres,
1520 2650 1784 2691 teterrimum
1806 2663 1903 2690 sane
1928 2659 2050 2705 atque

218 2719 478 2761 inexorabile
499 2719 656 2760 bellum
677 2718 901 2760 excitatum
924 2717 1032 2758 inter
1055 2717 1191 2757 lucem
1214 2726 1254 2756 et
1274 2716 1484 2766 tenebras,
1509 2715 1616 2756 inter
1633 2713 1854 2756 veritatem
1871 2723 1913 2754 et
1930 2728 2051 2754 erro-

220 2800 325 2836 rem,
346 2785 455 2825 inter
476 2783 625 2824 vitium
641 2794 682 2824 et
700 2783 909 2832 virtutem,
932 2782 1040 2823 inter
1061 2780 1189 2822 Belial
1213 2791 1253 2821 et
1275 2779 1504 2832 Christum,
1526 2796 1664 2850 neque
1683 2777 1885 2837 ignoratis
1903 2777 2052 2834 quibus

219 2849 388 2891 nefariis
414 2849 571 2890 artibus
609 2859 648 2888 et
676 2847 964 2888 molitionibus
997 2845 1155 2887 inimici
1186 2845 1380 2886 homines
1411 2857 1451 2886 et
1478 2844 1745 2886 sanctissimae
1768 2854 1917 2885 nostrae
1940 2840 2054 2882 Reli-

221 2913 357 2973 gionis
384 2930 449 2955 res
473 2913 630 2970 ubique
655 2912 854 2970 affligere,
882 2927 929 2952 ac
955 2923 1164 2968 prostiare
1197 2921 1238 2951 et
1270 2911 1463 2951 omnium
1496 2910 1825 2951 Christianarum
1851 2908 2052 2948 virtutum

220 2994 394 3037 germen
432 2977 630 3019 ladicitus
667 2976 860 3028 evellere,
898 2986 940 3016 et
977 2975 1222 3016 eflrenatam
1252 2975 1510 3032 impiamque
1546 2973 1768 3033 opinandi,
1801 2970 2052 3026 vivendique

221 3043 434 3085 licentiam
460 3057 768 3101 quaquaxelsus
788 3055 1040 3098 propagare,
1070 3051 1109 3080 et
1133 3039 1335 3096 imperit}
1360 3040 1589 3097 prasertim
1608 3036 1903 3084 multitudinis,
1929 3045 2052 3089 atque

223 3108 468 3166 improxida‘
496 3105 724 3163 juventutis
757 3105 918 3146 animos
942 3115 1184 3176 mentesque
1215 3104 1467 3162 omnigenis,
1496 3103 1695 3162 perxersis
1728 3099 2054 3160 pelniciosisque

223 3173 432 3215 erroribus
459 3172 639 3223 inficere,
678 3185 963 3227 corrumpere,
995 3180 1035 3209 et
1056 3170 1150 3224 jura
1176 3168 1319 3209 omnia
1351 3169 1492 3210 divina
1522 3180 1563 3210 et
1585 3169 1768 3209 humana
1793 3165 2049 3211 subvertere,

224 3249 280 3288 et,
302 3237 333 3279 si
353 3238 441 3280 fieri
462 3252 660 3294 umquam
678 3246 832 3293 posset,
861 3233 1110 3275 catholicam
1136 3233 1366 3275 Ecclesiam
1392 3234 1580 3275 funditus
1598 3232 1752 3281 delere,
1777 3230 2054 3284 Sanctamque
