2135 3442
176 300 250 336 1⁴02
884 301 1011 336 BREF
1040 301 1106 335 DE
1135 301 1215 336 PIE
1243 301 1310 337 ΥΙ.

170 403 218 428 ac
245 384 507 435 fidelitatem,
539 400 635 426 cum
660 401 803 427 revera
831 386 1109 429 abolitionem
1139 386 1360 444 pontificiae
1389 386 1648 428 auctoritatis
1675 387 1926 442 includeret,
1957 391 2015 432 ita

172 467 282 492 mmo
307 450 537 509 praevalens
559 449 743 492 Gallicus
763 452 1006 493 Conventus
1038 452 1256 510 praefigens
1288 468 1362 493 suo
1399 451 1458 493 illi
1493 451 1662 493 decreto
1693 452 1861 493 titulum
1890 470 2016 512 super

169 517 289 557 civili
321 521 616 556 constitutione
647 516 773 566 cleri,
803 532 946 557 revera
977 532 1149 557 omnem
1189 516 1333 574 capitis
1364 517 1560 558 Ecclesia‘
1594 527 1846 574 potestatem
1883 518 2014 562 abro-

167 580 300 638 gavit,
332 579 566 638 prohibens
595 580 828 638 Episcopis,
867 597 919 622 ne
954 581 1055 622 alias
1077 580 1312 622 Nobiscum
1343 593 1482 640 partes
1510 592 1778 639 peragerent,
1805 598 1933 639 quam
1970 595 2017 626 ut

167 646 254 686 Nos
287 660 450 693 corum,
477 661 567 702 quse
597 647 686 700 jam
710 645 798 686 sine
822 646 956 687 Nobis
991 657 1098 696 acta,
1137 644 1383 704 expletaque
1409 657 1561 698 essent,
1587 646 1773 687 facerent
1797 646 2014 690 certiores.

167 710 271 762 Quis
284 708 353 750 illa
365 711 604 750 Conventus
615 710 805 750 membra
824 710 865 750 in
879 710 1021 751 animo
1034 721 1123 751 tum
1134 710 1330 753 habuisse
1342 728 1430 753 non
1445 711 1669 762 existimet,
1682 710 1846 768 sibique
1861 727 2020 770 propo-

169 773 299 815 suisse
324 774 566 831 adoptanda
594 773 636 814 in
661 790 734 815 sua
753 775 1061 817 Constitutione
1079 773 1242 833 Anglia‘
1260 792 1407 834 regum
1429 776 1602 817 secundi
1625 787 1665 817 et
1686 775 1820 817 octavi
1846 775 2016 818 Henrici

168 837 359 879 decreta⁰
384 839 510 880 Secus
527 838 640 879 enim
658 855 739 896 qua
758 839 920 881 ratione
940 855 1179 897 exp1essam
1203 840 1356 883 horum
1374 842 1557 912 formam
1580 839 1741 913 assequi
1761 840 2019 913 potuissent?

171 967 355 1008 deterim
358 984 396 1009 a.

234 1032 318 1074 Sed
349 1048 445 1073 cum
476 1034 566 1088 jam
599 1034 712 1074 inter
746 1048 788 1074 se
822 1033 1128 1077 contulerimus
1163 1036 1349 1078 duorum
1382 1035 1693 1085 Henricorum,
1725 1045 1766 1075 et
1794 1034 2020 1076 nationalis

171 1099 415 1139 Convventis
448 1109 556 1147 ¹icta,
585 1097 911 1156 progrediamur
933 1114 1048 1140 nunc
1074 1100 1127 1141 ad
1157 1100 1315 1157 pariter
1344 1100 1525 1140 invicem
1556 1099 1893 1156 comparandum
1917 1101 2018 1158 Epi-

168 1177 341 1220 scopum
379 1162 808 1219 Augustodunensem
847 1178 944 1203 cum
986 1164 1077 1205 aliis
1119 1165 1292 1223 collegis
1327 1165 1432 1217 suis3
1478 1175 1518 1204 et
1555 1179 1608 1204 ne
1640 1161 1839 1205 minutim
1877 1166 2020 1206 omnia

166 1197 472 1284 persequendot>
506 1227 787 1282 delasscmur,
831 1227 927 1268 satis
970 1227 1050 1269 erit
1095 1245 1181 1286 prae
1223 1229 1355 1272 oculis
1398 1228 1559 1269 habere
1608 1229 1746 1285 ipsum
1791 1240 2022 1270 conventus

168 1290 406 1341 decretum,
442 1292 484 1332 in
522 1294 640 1348 cujus
670 1292 740 1332 ille
773 1261 903 1333 {verba
932 1291 1020 1333 sine
1055 1293 1138 1334 ulla
1171 1293 1419 1352 exceptione
1447 1293 1627 1348 juravit,
1660 1294 1717 1333 ita
1752 1295 1868 1334 enim
1900 1294 2022 1335 facile

163 1354 446 1410 judicabimus
470 1356 522 1397 de
547 1356 709 1397 diversa
731 1356 935 1412 ejusdem,
964 1368 1005 1398 et
1027 1368 1265 1399 ceterorum
1283 1357 1589 1416 Episcoporum
1612 1357 1815 1399 credendi
1837 1357 2018 1399 ratione.

168 1420 223 1459 Hi
259 1420 434 1476 quidem
470 1420 739 1462 immaculate
777 1422 1043 1463 ambulantes
1081 1424 1125 1463 in
1159 1423 1250 1481 lege
1284 1422 1459 1464 Domini
1504 1438 1702 1479 magnam
1744 1422 2024 1480 praetulerunt

174 1483 303 1524 animi
324 1486 607 1526 constantiam
624 1486 667 1526 in
686 1487 893 1527 servando
916 1487 1130 1545 dogmate,
1149 1487 1428 1544 doctrinaque
1449 1503 1619 1528 suorum
1641 1486 2020 1544 praedecessorum,

170 1549 416 1590 inhaerendo
440 1549 588 1606 primae
614 1551 731 1590 Petri
756 1550 995 1602 Cathedrae,
1023 1553 1067 1592 in
1092 1551 1174 1594 suis
1197 1551 1460 1602 exercendis,
1484 1552 1741 1608 tuendisque
1762 1552 1951 1607 juribus,
1979 1551 2023 1593 in

169 1613 432 1655 adversando
477 1614 759 1667 novitatibus,
796 1616 840 1655 in
879 1627 1075 1657 nostrum
1117 1616 1381 1674 expectando
1418 1632 1697 1674 responsum,
1736 1615 1874 1666 unde,
1920 1616 2024 1674 quid

169 1679 383 1736 agendum
405 1678 484 1719 sibi
505 1690 626 1730 esset,
650 1691 926 1737 agnoscerent
949 1698 957 1721 :
985 1696 1069 1721 una
1087 1697 1234 1722 eorum
1253 1680 1445 1723 omnium
1463 1696 1545 1721 vox
1566 1681 1660 1733 fuit,
1685 1696 1771 1722 una
1792 1681 2022 1734 confessio,

169 1745 274 1785 sieut
303 1760 387 1785 una
412 1744 517 1784 fides
543 1755 625 1795 est,
660 1759 829 1800 unaque
859 1745 1049 1799 traditio,
1080 1757 1122 1787 et
1150 1746 1389 1803 disciplina.
1422 1746 1497 1786 His
1530 1745 1749 1802 exemplis,
1782 1760 1831 1785 ac
1859 1746 2022 1803 episco-

167 1823 319 1865 porum
348 1807 609 1858 rationibus,
643 1809 999 1864 obstupescimus,
1032 1825 1130 1850 cum
1165 1810 1384 1851 videamus
1431 1810 1868 1866 Augustodunensem
1901 1826 2023 1852 com-

168 1883 332 1913 motum
374 1888 462 1913 non
506 1872 645 1913 fuisse.
701 1873 835 1913 Simili
885 1874 1203 1932 comparatione
1246 1885 1343 1915 ante
1381 1874 1471 1914 Nos
1516 1889 1613 1914 usus
1658 1885 1747 1915 erat
1786 1874 2024 1933 Episcopus

168 1936 396 1977 Meldensis
421 1937 660 1978 Bossuetius
688 1937 798 1995 apud
833 1954 908 1979 vos
936 1939 1255 1990 celeberrimus,
1281 1950 1321 1980 et
1351 1955 1438 1979 non
1458 1950 1674 1996 suspectus
1702 1940 1893 1991 auct0r1,
1912 1940 2025 1981 inter

170 2000 302 2052 duos,
340 2002 553 2041 Thomam
592 2002 941 2043 Cantuariensem
980 2019 1140 2054 unum,
1183 2014 1224 2044 et
1256 2004 1473 2044 Thomam
1506 2004 1786 2044 Cranmerum
1823 2004 2020 2054 alterum,

171 2081 297 2122 quam
318 2065 388 2105 hic
416 2066 688 2107 inserendam
709 2066 915 2118 ducimus,
940 2080 987 2108 ut
1008 2068 1079 2125 qui
1112 2068 1202 2109 hsec
1232 2070 1398 2127 legent,
1427 2084 1557 2125 quam
1582 2068 1674 2108 haec
1699 2080 1857 2110 nostrae
1881 2068 2025 2110 similis

172 2130 223 2171 sit
239 2129 575 2171 animadvertant
599 2149 607 2171 ε
625 2152 642 2167 «
667 2133 709 2173 S.
734 2133 919 2173 Thomas
938 2134 1250 2175 Cantuariensis
1270 2133 1441 2191 regibus
1458 2132 1609 2190 iniquis
1629 2132 1783 2174 restitit
1802 2148 1812 2187 3
1833 2133 2023 2176 Thomas

179 2216 196 2230 «
220 2195 470 2235 Cranmerus
499 2195 599 2252 ipsis
631 2211 750 2237 suam
773 2198 1075 2238 conscientiam
1105 2197 1336 2256 prostituit,
1360 2198 1616 2254 illorumque
1638 2198 1776 2254 pravis
1802 2196 2025 2240 affectibus

189 2283 193 2291 ι
221 2258 414 2300 adulatus
433 2271 511 2300 est.
539 2260 613 2301 Ille
629 2272 744 2301 actus
760 2261 804 2301 in
826 2261 1015 2312 exilium,
1035 2263 1162 2303 bonis
1180 2263 1263 2304 suis
1283 2262 1503 2320 spoliatus,
1524 2262 1863 2319 persecutionem
1877 2278 2026 2320 passus

183 2346 194 2358 ἰ
226 2335 312 2364 tam
331 2322 375 2364 in
399 2325 498 2376 suis,
526 2340 653 2381 quam
679 2327 722 2366 in
741 2328 915 2384 piopria
932 2343 1138 2385 persona,
1165 2340 1206 2370 et
1229 2328 1426 2369 omnibus
1445 2327 1582 2368 modis
1603 2325 1803 2377 afflictus,
1834 2327 2023 2370 dicendae

181 2410 195 2423 ·‹
224 2387 423 2439 xeritatis,
441 2400 488 2429 ut
507 2390 563 2429 ill
555 2406 619 2430 im
640 2390 854 2442 credebat,
877 2392 1105 2448 gloriosam
1126 2394 1228 2435 emit
1242 2392 1614 2443 libe1tatem‚vita‚
1635 2391 1809 2448 ejusque
1836 2409 2026 2435 commo-

182 2476 197 2488 «
228 2453 427 2493 ditatibus
457 2453 623 2495 sortitel
653 2457 921 2513 contemptis.
952 2457 1054 2509 Hic,
1085 2469 1133 2498 ut
1165 2474 1240 2498 suo
1271 2458 1452 2515 principi
1475 2455 1673 2513 placeret,
1698 2457 1828 2497 vitam
1851 2473 2025 2500 omnem

182 2538 198 2552 «
225 2533 344 2558 suam
378 2519 421 2557 in
457 2519 567 2575 turpi
598 2518 930 2562 dissimulatione
954 2490 1106 2579 exegit,
1138 2521 1242 2563 etin
1272 2521 1438 2580 agendo
1466 2536 1550 2561 suae
1573 2519 1672 2561 fidei
1703 2523 1914 2564 contraire
1937 2539 2023 2565 non

183 2603 198 2616 «ι
227 2581 399 2623 destitit.
423 2583 543 2623 Unus
568 2599 698 2639 usque
718 2584 771 2625 ad
801 2587 1048 2643 sanguinem
1074 2587 1291 2644 pugnavit,
1316 2596 1362 2627 ut
1380 2585 1555 2626 minima
1574 2585 1771 2627 Ecclesiae
1787 2589 1883 2642 jura
1909 2603 2023 2630 asse-

186 2667 200 2683 u
229 2657 363 2697 reret,
395 2658 436 2688 et
463 2646 563 2688 dum
592 2647 700 2688 illius
721 2648 912 2689 defendit
928 2651 1244 2708 praerogativas,
1272 2661 1360 2690 tam
1379 2666 1448 2691 eas
1472 2666 1573 2707 quas
1600 2651 1677 2708 ipsi
1696 2651 1814 2693 Jesus
1838 2653 2024 2694 Christus

184 2733 199 2746 «
227 2727 304 2752 suo
322 2713 523 2769 sanguine
538 2711 830 2768 acquisiverat,
852 2729 981 2770 quam
999 2730 1086 2764 eas,
1105 2731 1197 2771 quae
1215 2714 1291 2772 ipsi
1307 2730 1329 2755 a
1343 2715 1421 2771 piis
1432 2715 1599 2772 regibus
1617 2731 1824 2757 concessae
1840 2716 2021 2769 fuerant,

184 2797 199 2810 «
226 2777 315 2832 ipsa
340 2787 494 2817 sanctae
514 2777 691 2817 civitatis
705 2779 915 2819 exteriora
931 2778 1062 2820 tuitus
1082 2790 1155 2820 est.
1179 2779 1297 2820 Alter
1307 2790 1429 2820 terrae
1444 2779 1614 2838 regibus
1632 2781 1814 2822 maxime
1825 2781 2024 2823 intimum

187 2862 202 2875 «
230 2840 338 2881 illius
355 2840 593 2897 depositum
612 2841 800 2894 tradidit,
822 2842 1167 2899 praedicationem
1190 2859 1358 2900 nempe,
1386 2844 1561 2896 cultum,
1579 2856 1855 2896 sacramenta,
1869 2845 2020 2899 claves,

187 2927 202 2941 -ε
230 2905 539 2956 auctoritatem,
566 2921 776 2956 censuras,
802 2907 1018 2965 ipsamque
1036 2907 1182 2959 fidem;
1207 2908 1388 2964 denique
1405 2908 1506 2950 nihil
1532 2921 1607 2960 est,
1634 2909 1749 2967 quod
1779 2911 2023 2969 subjugum

185 2993 200 3006 ιι
230 2986 316 3010 non
340 2969 545 3021 mittatur,
580 2971 779 3027 omnique
810 2982 1017 3028 potestate
1056 2972 1336 3014 ecclesiastica
1361 2973 1492 3030 regali
1524 2975 1680 3016 throno
1705 2975 1834 3017 semel
1856 2975 2023 3017 manci-

185 3057 200 3069 «
230 3046 339 3092 pata,
373 3034 569 3075 Ecclesiae
603 3034 735 3087 nulla,
762 3035 841 3076 nisi
876 3049 1081 3093 quantum
1113 3037 1265 3079 saeculo
1295 3038 1516 3094 placuerit,
1550 3040 1609 3080 vis
1637 3052 1872 3097 permanet.
1901 3040 2024 3081 Prior

187 3120 202 3135 «
234 3098 434 3156 denique,
458 3114 623 3156 semper
640 3099 889 3157 intrepidus,
917 3112 957 3141 et
974 3101 1174 3158 quamdiu
1200 3101 1316 3152 vixit,
1343 3118 1510 3160 semper
1526 3103 1635 3161 pius,
1654 3106 1860 3159 majorem
1883 3103 2023 3145 adhuc

189 3186 203 3198 «
234 3163 521 3221 intrepiditate
540 3179 633 3205 mac
651 3165 853 3222 pietatem
873 3167 1000 3207 morti
1013 3169 1229 3224 proximus
1250 3167 1455 3209 exhibuit.
1482 3169 1695 3210 Posterior
1709 3184 1874 3226 semper
1887 3167 2020 3225 pusil-

231 3311 709 3394 1.12{i520÷red15‘ariations
736 3313 790 3347 des
811 3310 937 3360 Eglises
962 3322 1203 3360 protestanlaes,
1229 3315 1292 3349 lib.
1320 3315 1406 3356 XII
1436 3324 1477 3348 11⁰
1508 3319 1595 3357 114,
1620 3323 1705 3349 tom.
1738 3315 1792 3350 III
1816 3327 1915 3362 oper.
1936 3314 2020 3349 edit.

185 3357 209 3389 P
211 3358 288 3391 iris.
331 3362 348 3393 7
