2135 3442
169 157 242 193 138
619 154 807 190 LETTRE
835 154 1183 199 APOSTOLIQUE
1212 154 1279 188 DE
1306 140 1437 187 L13'30N
1467 151 1560 188 XII.

168 262 187 277 1(

225 241 397 291 factent,
421 251 464 282 et
485 250 691 283 evertant.
712 240 843 294 Quod
865 251 914 282 ut
933 239 1092 281 facilius
1107 248 1443 296 assequerentur,
1460 252 1609 278 eorum
1625 237 1816 295 plerique
1832 239 2018 282 occultos

170 327 187 341 «
225 316 370 362 coetus,
407 304 772 363 clandestinasque
803 316 934 346 sectas
967 314 1213 362 coegerunt,
1242 318 1294 344 ex
1329 302 1481 360 quibus
1510 302 1701 343 futurum
1723 304 1949 360 sperabant
1973 317 2020 346 ut

168 392 186 405 «
223 370 428 428 plurimos
452 371 495 411 in
513 386 599 412 suae
617 369 920 426 conjurationis
939 380 980 410 et
996 368 1161 410 sceleris
1181 367 1429 408 societatem
1451 366 1627 409 liberius
1649 369 1956 425 pertraherent.

231 456 246 470 «
284 434 548 493 Iampridem
581 447 725 477 sancta
757 437 849 476 haec
875 433 1002 475 Sedes
1027 433 1092 474 his
1117 432 1239 474 sectis
1273 431 1448 474 detectis
1477 447 1633 490 magna
1670 431 1885 490 liberaque
1914 449 2019 476 voce

172 522 185 535 «
224 511 372 541 contra
390 516 460 542 eas
485 500 697 550 clamavit,
725 511 767 541 et
793 498 981 550 consilia,
1003 514 1095 555 quae
1119 498 1227 538 clam
1245 497 1298 538 ab
1320 496 1368 538 iis
1392 508 1528 538 essent
1552 496 1653 538 inita
1678 508 1825 538 contra
1847 497 2018 557 religio-

171 586 187 599 «
224 580 339 618 nem,
353 564 440 606 imo
455 576 496 606 et
509 576 658 606 contra
674 564 839 606 civilem
851 563 1095 604 societatem
1110 561 1324 619 patefecit.
1340 561 1360 602 J
1364 561 1603 619 ampridem
1617 560 1811 602 omnium
1827 561 2022 604 excitavit

172 651 187 664 «
226 628 506 687 diligentiam,
536 641 580 670 ut
601 640 814 680 caverent,
835 644 888 668 ne
911 626 975 668 his
1000 626 1122 668 sectis
1142 625 1186 668 id
1216 625 1362 667 conari
1382 625 1542 679 liceret,
1563 625 1681 684 quod
1708 625 1866 668 nefarie
1885 627 2023 669 medi-

171 716 186 729 «
225 695 441 736 tabantur.
459 695 622 737 Verum
641 693 877 736 dolendum
898 703 958 733 est
976 691 1042 733 his
1065 691 1184 734 Sedis
1203 690 1461 750 Apostolicae
1478 691 1624 734 studiis
1640 708 1726 733 non
1748 708 1846 734 eum
1861 692 2022 734 exitum

169 779 186 793 «
223 759 509 816 respondisse,
525 775 652 817 quem
675 759 765 817 ipsa
783 756 1015 815 spectabat,
1034 768 1075 798 et
1097 757 1296 798 scelestos
1317 756 1512 798 homines
1532 772 1767 814 numquam
1788 773 1812 798 a
1830 767 2022 815 suscepto

169 845 187 859 «
224 823 404 865 consilio
437 823 664 878 destitisse,
691 822 806 864 unde
832 832 1061 863 consecuta
1086 821 1262 863 tandem
1297 836 1346 862 ea
1369 820 1481 862 mala
1509 832 1629 874 sunt,
1655 837 1749 879 quae
1778 820 2023 879 nosmetipsi

170 909 186 923 «
223 889 534 946 perspeximu53
562 888 649 930 imo
666 887 877 937 homines,
902 901 1086 944 quorum
1108 886 1303 945 superbia
1327 885 1518 928 ascendit
1536 902 1717 945 semper,
1739 902 1871 928 novas
1892 885 2023 928 etiam

171 973 187 986 κ
225 964 404 994 secretas
425 964 650 995 societates
670 968 778 993 mire
797 968 887 993 ausi
911 961 1024 993 sunt.

229 1036 247 1052 «
283 1017 620 1059 Commemorari
653 1019 736 1058 hoc
763 1017 860 1058 loco
891 1016 1020 1058 debet
1050 1015 1231 1057 societas
1255 1031 1392 1074 nuper
1421 1027 1514 1058 orta
1544 1027 1586 1057 et
1618 1016 1746 1075 longe
1773 1016 1941 1073 lateque
1980 1016 2022 1059 in

170 1102 187 1116 «
223 1082 359 1135 Italia,
383 1083 557 1140 aliisque
581 1083 624 1123 in
647 1082 892 1141 regionibus
911 1093 1162 1140 propagata,
1190 1097 1281 1139 quae
1298 1081 1398 1123 licet
1415 1081 1457 1122 in
1481 1081 1625 1139 plures
1643 1093 1779 1124 sectas
1797 1080 1928 1122 divisa
1954 1081 2021 1134 sit,

169 1166 186 1180 «
225 1162 273 1187 ac
295 1163 372 1205 pro
392 1163 536 1188 earum
555 1146 756 1188 varietate
782 1146 948 1188 diversa
973 1162 1020 1188 ac
1049 1145 1245 1188 distincta
1260 1145 1369 1187 inter
1392 1162 1434 1188 se
1458 1146 1633 1188 nomina
1659 1145 1889 1204 aliquando
1913 1161 2027 1187 assu-

169 1296 187 1311 ((

223 1223 325 1262 mat,
354 1228 399 1253 re
418 1223 576 1263 tamen,
604 1212 923 1265 sententiarum,
948 1223 990 1254 et
1006 1212 1246 1253 facinorum
1260 1213 1582 1264 communione,
1604 1224 1645 1254 et
1659 1212 1818 1254 foedere
1835 1211 2024 1269 quodam

223 1275 328 1317 inito
356 1293 442 1317 una
475 1288 551 1328 est,
580 1288 620 1318 et
651 1277 1015 1319 Carbonariorum
1048 1278 1299 1335 plerumque
1330 1277 1437 1318 solet
1468 1277 1687 1336 appellari.
1722 1276 1933 1318 Simulant
1965 1275 2025 1317 illi

172 1362 188 1376 «
225 1340 398 1397 quidem
420 1342 677 1400 singularem
697 1343 1009 1384 observantiam
1030 1354 1072 1384 et
1094 1342 1320 1384 mirificum
1346 1341 1566 1400 quoddam
1591 1341 1780 1384 studium
1802 1342 1846 1382 in
1874 1341 2026 1382 catho-

172 1425 187 1441 (t

171 1489 187 1505 ((

221 1404 348 1446 licam
376 1406 646 1464 religionem,
682 1418 723 1450 et
755 1408 798 1448 in
824 1409 921 1449 Jesu
951 1407 1106 1449 Christi
1135 1407 1359 1449 servatoris
1386 1407 1518 1448 nostri
1541 1422 1771 1465 personam
1800 1417 1843 1447 et
1863 1405 2023 1447 doctri—

223 1485 340 1521 nam,
374 1487 502 1527 quem
533 1473 659 1514 etiam
688 1473 897 1514 societatis
931 1489 1014 1514 suae
1044 1484 1254 1514 rectorem
1289 1484 1332 1514 et
1360 1488 1564 1531 magnum
1588 1473 1839 1530 magistrum
1866 1470 2027 1512 nefarie

170 1555 187 1569 «
225 1534 456 1591 aliquando
480 1537 639 1578 audent
673 1537 904 1595 appellare,
931 1539 1093 1579 Verum
1116 1553 1335 1579 sermones
1359 1538 1418 1590 hi,
1444 1538 1517 1594 qui
1550 1552 1676 1594 super
1702 1536 1846 1578 oleum
1874 1534 2027 1576 molliti

171 1620 187 1634 «
224 1598 438 1650 videntur,
464 1601 567 1641 nihil
586 1601 699 1644 aliud
722 1614 817 1643 sunt
837 1618 964 1660 quam
978 1603 1115 1658 jacula
1138 1602 1191 1643 ad
1214 1603 1345 1643 tutius
1364 1601 1649 1643 vulnerandos
1678 1601 1818 1642 minus
1842 1610 1988 1641 cautos
2004 1615 2027 1640 a

173 1685 189 1699 «
225 1663 384 1705 callidis
412 1666 658 1708 hominibus
685 1667 892 1718 adhibita,
931 1668 1001 1725 qui
1024 1667 1202 1709 veniunt
1232 1666 1275 1707 in
1297 1666 1560 1739 vestimentis
1587 1666 1746 1719 ovium,
1779 1667 2027 1706 intrinsecus

224 1740 368 1769 autem
391 1742 488 1770 sunt
508 1731 602 1802 lupi
622 1748 812 1788 rapaces.

237 1792 393 1834 <Sane
416 1795 727 1835 severissimum
744 1793 1169 1849 illudjusjurandum,
1190 1806 1444 1848 quoveteres
1462 1794 1796 1832 priscillianistas
1809 1807 1962 1848 magna
1974 1808 2026 1833 ex

170 1878 187 1892 «
223 1868 344 1913 palte
362 1857 574 1899 imitantes
591 1859 844 1916 pollicentui
863 1874 906 1899 se
930 1857 1047 1898 nullo
1068 1871 1274 1913 umquam
1293 1867 1502 1913 tempoie,
1516 1854 1659 1896 11111101
1664 1871 1685 1895 c
1704 1870 1801 1896 casu
1820 1854 1887 1895 vel
1911 1866 2028 1912 pate-

171 1943 188 1957 «
226 1921 408 1963 facturos
429 1922 704 1964 hominibus
694 1940 738 1963 111
761 1923 1007 1964 societatem
1032 1938 1121 1962 non
1139 1920 1361 1993 adseliptis
1382 1920 1617 1977 quidquam
1635 1919 1753 1976 quod
1775 1934 1868 1959 eam
1890 1921 2026 1961 socie-

172 2006 188 2020 «
226 1997 355 2027 tatem
382 1988 593 2045 respiciat,
621 1989 685 2029 vel
718 1987 1106 2029 communicaturos
1139 2002 1236 2027 cum
1270 1985 1334 2034 iis,
1361 1986 1432 2042 qui
1455 1984 1500 2026 in
1530 1984 1730 2043 gradibus
1754 1984 2027 2027 inferioribus

224 2063 442 2092 versantur
462 2052 622 2109 aliquid
638 2053 755 2110 quod
773 2053 827 2094 ad
848 2052 1005 2110 gradus
1026 2051 1235 2110 pertineat
1259 2050 1513 2108 supe1i01·,es
1538 2048 1799 2091 clandestina
1824 2048 1894 2089 illa
1915 2065 2025 2106 prae-

172 2135 190 2149 «
228 2125 341 2156 terea
370 2128 413 2158 et
441 2117 658 2175 illegitima
691 2117 1001 2168 conventicula,
1034 2132 1126 2174 quae
1160 2131 1280 2156 more
1312 2132 1334 2155 a
1362 2083 1554 2173 pluribils
1583 2112 1792 2155 haereticis
1819 2125 2023 2170 usurpato

173 2200 190 2214 «
226 2180 305 2236 ipsi
324 2181 500 2234 habent,
523 2193 566 2223 et
588 2183 804 2240 cooptatio
829 2181 1051 2222 hominum
1076 2182 1378 2237 cujuscumque
1401 2179 1619 2236 religionis
1643 2189 1686 2220 et
1704 2189 1827 2219 sectae
1845 2177 1890 2217 in
1906 2193 2024 2220 suam

228 2244 489 2300 societatem,
512 2247 591 2288 etsi
616 2257 767 2288 caetera
788 2246 995 2297 deessent,
1020 2246 1118 2287 satis
1137 2244 1397 2303 persuadent
1419 2244 1582 2285 nullam
1603 2242 1848 2285 memoratis
1875 2257 2024 2285 eorum

230 2307 352 2350 dictis
369 2309 498 2350 fidem
515 2311 665 2352 haberi
688 2322 901 2369 oportere.

235 2393 253 2408 «
288 2373 449 2415 Verum
477 2375 727 2429 conjecturis
759 2387 801 2417 et
834 2376 1091 2434 argumentis
1117 2391 1224 2433 opus
1251 2390 1341 2415 non
1365 2386 1442 2428 est,
1474 2385 1522 2414 ut
1552 2373 1610 2413 ita
1640 2371 1693 2414 de
1724 2387 1873 2413 eorum
1903 2371 2023 2414 dictis

176 2458 193 2473 «
226 2437 454 2492 judicetur,
483 2440 845 2495 quemadmodum
870 2440 1056 2498 superius
1080 2439 1313 2481 indicatum
1335 2449 1413 2480 est.
1442 2437 1556 2479 Libri
1577 2437 1629 2478 ab
1650 2436 1748 2495 ipsis
1768 2437 1879 2496 typis
1902 2437 2020 2489 editi,

177 2523 193 2537 «
231 2502 384 2559 quibus
397 2505 504 2544 ratio
522 2503 787 2555 describitur,
812 2521 902 2563 quae
923 2506 965 2545 in
987 2504 1265 2547 conventibus
1283 2503 1548 2561 superiorum
1566 2503 1795 2559 praesertim
1812 2501 2023 2560 graduum

231 2567 426 2609 adhiberi
450 2568 575 2621 solet,
604 2584 750 2610 eorum
772 2569 1030 2618 catechismi,
1057 2582 1098 2612 et
1120 2580 1289 2620 statuta,
1313 2567 1476 2625 aliaque
1495 2567 1736 2609 authentica
1756 2579 1799 2609 et
1818 2567 1870 2609 ad
1893 2566 2023 2609 fidem

177 2653 193 2666 «
231 2631 469 2674 faciendam
492 2633 731 2691 gravissima
754 2635 1027 2687 documenta,
1050 2651 1128 2676 nec
1149 2650 1237 2675 non
1257 2649 1405 2675 eorum
1428 2632 1686 2684 testimonia,
1713 2633 1785 2689 qui
1808 2647 1907 2673 cum
1930 2648 2022 2674 eam

177 2718 196 2732 «
232 2696 476 2738 societatem
501 2698 794 2749 deseruissent,
820 2700 886 2740 cui
908 2711 1031 2741 antea
1054 2699 1334 2751 adhaeseraut,
1357 2699 1447 2754 ejus
1471 2713 1632 2739 errores
1662 2709 1705 2739 et
1732 2697 1901 2739 fraudes
1922 2697 2024 2755 legi—

232 2760 343 2802 timis
373 2762 586 2817 judicibus
624 2764 1112 2822 patefeceiunt,ape1te
1148 2764 1378 2815 declarant,
1413 2763 1697 2804 Ca1b0na1ios
1730 2763 1774 2804 id
1811 2761 2022 2833 piaecipue

178 2847 195 2861 «ι
232 2837 418 2884 spectare
439 2838 487 2867 ut
508 2843 709 2885 magnam
734 2828 948 2870 licentiam
966 2829 1117 2886 cuique
1136 2828 1238 2869 dent
1257 2828 1519 2885 religionem,
1546 2844 1673 2885 quam
1697 2828 1826 2879 colat,
1846 2827 2021 2885 proprio

179 2913 196 2927 «
234 2890 421 2948 ingenio,
446 2903 487 2933 et
509 2908 561 2934 ex
582 2892 664 2934 suis
686 2893 960 2951 opinionibus
984 2894 1063 2935 sibi
1082 2891 1287 2951 fingendi,
1315 2892 1631 2935 indifferentia
1622 2909 1666 2934 111
1688 2893 1938 2951 religionem
1955 2889 2021 2931 in-

179 2977 196 2991 «
236 2955 376 3006 ducta,
401 2972 485 3014 qua
507 2957 576 2999 vix
593 2958 827 3015 quidquam
848 2960 1078 3016 excogitari
1096 2969 1235 3016 potest
1253 2957 1543 3016 perniciosius,
1567 2969 1615 2999 ut
1637 2960 1735 3000 Jesu
1755 2957 1904 2998 Christi
1925 2971 2016 3013 pas-

180 3041 196 3055 «
233 3021 396 3062 sionem
427 3038 504 3079 per
523 3023 704 3064 nefarias
736 3023 940 3081 quasdam
964 3039 1058 3064 suas
1088 3023 1361 3065 caeremonias
1389 3023 1630 3081 profanent,
1667 3038 1715 3064 ac
1740 3020 1945 3080 polluant,
1977 3031 2022 3061 ut

181 3105 198 3119 «
234 3085 430 3127 Ecclesiae
459 3099 719 3129 sacramenta
752 3087 923 3145 (quibus
949 3104 1059 3129 nova
1097 3088 1177 3129 alia
1212 3104 1235 3128 a
1267 3103 1308 3129 se
1343 3104 1416 3145 per
1445 3103 1657 3129 summum
1689 3086 1820 3128 scelus
1850 3086 2019 3125 inventa

184 3169 200 3186 «
236 3150 490 3193 substituere
521 3152 731 3209 videntur)
770 3164 810 3193 et
843 3153 929 3210 ipsa
966 3151 1179 3211 religionis
1219 3151 1437 3193 catholicae
1477 3154 1678 3210 mysteria
1717 3160 2015 3199 contemnant,

183 3233 202 3250 «
237 3226 365 3272 utque
387 3217 539 3259 Sedem
557 3218 667 3259 hanc
683 3217 970 3276 Apostolicam
995 3229 1197 3268 evertant,
1218 3218 1261 3258 in
1279 3232 1407 3274 quam
1419 3217 1620 3273 quoniam
1644 3217 1689 3257 in
1713 3232 1762 3257 ea
1782 3214 2019 3273 apostolicae
