2135 3442
192 138 239 174 64
898 137 1024 171 BREF
1056 136 1119 170 DE
1146 136 1224 171 PIE
1255 136 1317 170 VI.

195 244 211 259 «
237 224 375 273 annis,
408 222 557 264 saltem
582 223 625 263 in
647 223 860 280 paschate,
888 222 938 263 ad
968 221 1372 263 communicandum
1388 222 1508 276 juxta
1532 231 1789 278 praeceptum
1810 222 1853 264 S.
1889 222 2037 264 Matris

194 311 210 325 «
234 287 443 329 Ecclesiae.
469 308 484 322 »
508 288 557 327 In
576 303 654 328 can
677 292 718 339 7,
740 303 838 329 sess.
868 293 939 338 22,
968 288 1020 328 cle
1038 286 1267 342 Sacrificio
1291 286 1452 336 Missoe,
1479 284 1730 342 supponitur
1753 287 2034 336 anathemati,

190 354 260 409 qui
279 352 437 393 diceret
465 372 481 386 «
511 351 786 402 ceremonias,
812 363 944 393 vestes
963 363 1004 393 et
1027 362 1199 392 externa
1219 351 1352 407 signa,
1377 349 1528 406 quibus
1551 349 1594 390 in
1614 349 1837 390 missarum
1855 351 2039 392 celebra-

197 439 213 452 «
243 417 357 457 tione
380 415 562 456 Ecclesia
583 415 791 457 catholica
812 417 956 465 utitur,
984 414 1198 456 irritabula
1222 413 1446 470 impietatis
1469 429 1573 463 esse,
1588 413 1721 471 magis
1742 429 1871 470 quam
1901 414 2038 456 officia

197 504 212 518 «
238 480 417 539 pietatis.
444 502 459 516 »
491 482 539 520 In
562 496 655 521 can.
679 485 722 532 9,
748 497 847 521 sess.
875 480 1040 533 eadem,
1079 481 1179 519 item
1209 478 1469 520 anathemati
1493 479 1704 534 subjectus
1724 488 1801 529 est,
1827 480 1898 535 qui
1925 495 2038 522 asse-

192 557 301 586 reret
320 567 336 581 «
354 544 546 586 Ecclesiae
571 546 773 585 Romana:
786 546 929 594 ritum,
948 560 1031 601 quo
1043 542 1249 584 submissa
1267 558 1372 584 voce
1390 558 1486 600 pars
1502 543 1702 593 Canonis,
1724 553 1766 584 et
1781 543 1913 584 verba
1931 559 2037 585 con-

195 631 212 645 «
236 610 477 651 secrationis
496 609 783 666 proferuntur,
811 607 1101 650 damnandum
1122 622 1224 657 esse,
1251 618 1323 648 aut
1345 607 1487 665 lingua
1502 618 1666 649 tantum
1683 607 1846 665 vulgari
1868 607 2039 650 missam

195 695 213 709 κ
239 674 443 715 celebrari
462 674 632 714 debere.
659 694 674 708 »
706 675 752 713 In
775 690 869 714 can.
892 676 933 722 4,
961 688 1062 713 sess.
1089 675 1158 722 24,
1184 672 1236 712 cle
1261 673 1536 713 Scecramento
1557 672 2038 725 Mat1·imonii,anathe—

194 750 304 779 mate
329 738 570 796 plectuntur
594 737 669 789 illi,
690 739 761 794 qui
781 738 968 779 dicerent
987 758 1002 771 «
1026 736 1255 778 Ecclesiam
1275 753 1363 778 non
1379 738 1564 795 potuisse
1582 737 1838 778 constituere
1858 737 2039 794 impedi—

199 825 213 838 «
239 814 381 844 menta
402 802 722 844 matrimonium
747 802 1003 852 dirimentia,
1034 802 1100 843 vel
1131 801 1172 842 in
1201 801 1509 844 constituendis
1539 818 1716 852 errasse.
1755 822 1770 838 »
1800 803 1848 842 In
1873 817 1969 843 can.
1993 807 2038 852 9,

193 882 291 909 sess.
327 879 368 909 et
396 867 461 909 tit.
495 867 608 917 iisd„
648 866 793 908 itidem
820 868 863 908 in
892 867 1119 908 anathema
1150 868 1328 909 incurrit
1357 867 1502 910 dicens
1534 883 1543 908 :
1579 889 1594 903 «
1634 867 1808 908 clericos
1838 867 1882 907 in
1914 866 2041 908 sacris

197 953 213 966 «
243 931 467 973 ordinibus
492 931 754 982 constitutos,
790 931 854 972 vel
880 931 1093 989 regulares
1126 933 1363 973 castitatem
1386 932 1632 973 solemniter
1655 931 1890 989 professos,
1915 947 2040 988 posse

199 1017 213 1032 «ι
242 995 557 1037 matrimonium
591 997 854 1049 contrahere,
878 1006 1227 1053 contractumque
1263 996 1449 1038 validum
1478 1012 1581 1050 esse,
1615 1011 1705 1037 non
1725 995 1920 1037 obstante
1949 997 2041 1054 lege

198 1083 213 1097 «
244 1061 535 1110 ecclesiastica,
559 1060 622 1101 vel
636 1072 753 1111 voto,
771 1072 810 1102 et
832 1063 1073 1119 oppositum
1097 1061 1155 1102 nil
1176 1062 1290 1103 aliud
1314 1077 1417 1111 esse,
1445 1077 1573 1119 quam
1589 1059 1801 1102 damnare
1819 1061 2042 1102 matrimo-

199 1148 213 1159 (ι
240 1126 372 1175 nium,
406 1141 610 1182 posseque
634 1141 780 1166 omnes
810 1127 1060 1167 contrahere
1095 1126 1430 1177 matrimonium,
1461 1126 1640 1184 quinon
1669 1127 1854 1167 sentiunt
1883 1141 1925 1167 se
1957 1141 2043 1167 cas-

199 1210 213 1224 «
244 1189 386 1241 tit-atis,
410 1190 570 1230 etiamsi
592 1205 685 1230 eam
707 1191 913 1241 voverint,
934 1191 1090 1232 habere
1110 1191 1288 1233 donum.
1311 1212 1328 1226 »
1351 1191 1399 1231 In
1421 1207 1515 1233 can.
1546 1197 1616 1241 11,
1645 1205 1742 1231 sess.
1768 1190 1862 1232 ead.
1889 1201 1930 1231 et
1953 1191 2038 1238 tit.‚

193 1253 598 1294 anathematizantur
623 1254 779 1311 pariter
804 1255 875 1310 qui
903 1254 1091 1296 dicerent
1119 1273 1127 1296 ε
1157 1276 1171 1291 «
1203 1255 1539 1313 prohibitionem
1570 1254 1849 1296 solemnitatis
1874 1255 2041 1313 nuptia-

198 1339 214 1353 «
242 1333 335 1358 rum
367 1318 489 1358 certis
519 1317 617 1359 anni
651 1319 914 1376 temporibus
947 1321 1289 1378 superstitionem
1309 1337 1396 1362 esse
1418 1319 1682 1378 tyrannicam
1701 1320 1754 1360 ab
1777 1320 2043 1361 ethnicorum

198 1403 214 1416 κ
244 1381 539 1438 superstitione
572 1383 831 1439 profectam,
864 1395 937 1424 aut
970 1385 1313 1436 benedictiones,
1353 1396 1395 1426 et
1430 1385 1532 1427 alias
1565 1382 1852 1435 ceremonias,
1890 1384 2044 1441 quibus

199 1467 214 1480 «
244 1445 428 1487 Ecclesia
461 1445 505 1486 in
531 1445 611 1487 illis
636 1447 782 1497 utitur,
814 1447 1122 1489 damnaverint.
1157 1470 1172 1486 »
1203 1451 1251 1490 In
1281 1466 1375 1491 can.
1404 1455 1471 1503 12,
1503 1448 1599 1490 ead.
1625 1463 1726 1490 sess.
1755 1459 1796 1489 et
1819 1447 1884 1490 tit.
1911 1448 2046 1506 impo-

196 1509 308 1550 nitur
339 1512 561 1551 anathema
588 1510 825 1552 dicentibus
850 1530 858 1552 :
887 1534 903 1547 «
935 1528 1078 1554 causas
1100 1514 1430 1555 matrimoniales
1456 1531 1545 1555 non
1574 1524 1763 1572 spectare
1796 1513 1851 1554 ad
1880 1513 2045 1568 judices

199 1595 216 1609 ιι
243 1574 556 1616 ecclesiasticos.
599 1595 615 1609 »
655 1577 721 1616 Ab
750 1576 995 1618 Alexandro
1032 1578 1110 1619 VII
1140 1578 1295 1619 deinde
1324 1578 1562 1636 proscripta
1593 1577 1673 1618 suit
1704 1577 1770 1619 die
1805 1583 1829 1619 7
1865 1579 2044 1632 januarii

195 1649 236 1679 et
283 1645 306 1680 7
339 1639 539 1679 februarii
572 1643 699 1689 1661,
733 1641 809 1681 sub
840 1643 1275 1684 excommunicatione
1308 1644 1403 1684 latae
1437 1642 1668 1693 sententiae,
1696 1642 1831 1684 versio
1862 1643 2046 1685 Missalis

195 1703 358 1742 romani
392 1702 435 1743 in
457 1703 647 1761 linguam
675 1704 881 1761 gallicam,
914 1717 1113 1763 tanquam
1147 1708 1311 1748 novitas
1330 1707 1523 1765 perpetui
1552 1706 1749 1748 Ecclesiae
1768 1706 1936 1749 decoris
1966 1707 2042 1749 de-

194 1767 426 1818 formatrix,
459 1767 778 1819 inobedientiae,
816 1770 1086 1821 temeritatis,
1134 1772 1334 1824 audaciae,
1365 1772 1597 1822 seditionis,
1646 1772 1894 1822 schismatis,
1933 1772 2040 1814 alio-

192 1847 368 1887 rumque
387 1832 570 1889 plurium
590 1833 799 1874 malorum
824 1835 945 1876 facile
967 1836 1229 1892 productrix.
1253 1838 1320 1877 Ab
1344 1837 1575 1878 indictione
1592 1837 1874 1878 anathematis
1894 1848 2042 1879 contra

193 1895 459 1937 adversantes
492 1897 682 1954 pluribus
704 1898 911 1955 capitibus
942 1899 1188 1956 disciplinae,
1222 1901 1346 1958 plane
1367 1901 1630 1958 assequimur
1649 1901 1764 1942 illam
1784 1901 1837 1942 ab
1855 1902 2042 1943 Ecclesia

192 1960 380 2000 habitam
412 1960 537 2002 fuisse
559 1972 758 2018 tanquam
790 1963 979 2021 dogmati
1002 1980 1255 2019 connexam,
1281 1982 1358 2007 nec
1389 1967 1544 2008 debere
1571 1966 1945 2024 quandocumque,
1966 1983 2043 2009 nec

193 2040 213 2064 a
245 2040 509 2081 quocumque
532 2026 700 2075 variari,
730 2027 804 2068 sed
828 2043 850 2067 a
875 2028 963 2069 sola
985 2028 1261 2071 ecclesiastica
1285 2042 1507 2087 potestate,
1545 2031 1611 2072 cui
1637 2042 1816 2082 constet,
1843 2031 1908 2072 vel
1942 2047 2040 2090 per-

192 2103 339 2145 peram
378 2088 534 2128 sactum
564 2089 702 2141 fuisse,
742 2091 856 2146 quod
885 2092 1086 2134 hactenus
1115 2105 1321 2135 servatum
1353 2107 1430 2148 est,
1468 2095 1532 2137 vel
1567 2111 1718 2154 urgere
1751 2096 2039 2154 consequendi

193 2153 363 2206 majoris
384 2152 486 2193 boni
511 2153 817 2196 necessitatem.

259 2915 382 2956 Nunc
400 2927 444 2957 ut
462 2915 675 2959 videamus
691 2931 896 2971 remanet,
925 2937 1053 2977 quam
1073 2937 1148 2963 nec
1174 2921 1311 2973 utiles,
1333 2938 1409 2964 nec
1425 2922 1634 2967 diuturnae
1652 2926 1811 2969 fuerint
1833 2926 2031 2968 variatio-

200 2994 290 3029 nes,
318 2995 419 3036 quas
438 2981 642 3038 proficuas
664 2982 821 3025 futuras
841 2986 1103 3042 sperabatur.
1130 2986 1257 3038 Quod
1276 2986 1394 3029 facile
1415 2988 1533 3030 vobis
1551 2991 1725 3047 patebit,
1751 2991 1786 3033 si
1805 2991 1848 3032 in
1869 3007 2034 3033 memo-

202 3043 307 3084 riam
332 3046 623 3087 revocaveritis
655 3049 895 3106 exemplum
927 3066 1051 3108 super
1082 3049 1220 3091 calicis
1251 3067 1343 3101 usu,
1380 3069 1505 3109 quem
1536 3054 1631 3096 Pius
1659 3056 1733 3106 IV,
1759 3055 2032 3098 vehementer

202 3108 512 3165 postulantibus
531 3112 563 3152 F
566 3112 802 3154 erdinando
825 3113 1091 3172 imperatore,
1119 3126 1160 3156 et
1184 3115 1358 3157 Alberto
1381 3118 1562 3159 Bavariae
1582 3120 1704 3171 duce,
1731 3120 1904 3161 tandem
1922 3136 2030 3162 con—

204 3172 349 3215 cedere
367 3174 558 3218 inductus
578 3176 669 3229 fuit,
689 3177 886 3219 nimirum
913 3190 955 3220 ut
975 3179 1101 3236 aliqui
1129 3191 1298 3237 possent
1321 3181 1515 3241 Episcopi
1536 3183 1734 3227 dioeceses
1751 3185 1957 3228 habentes
1987 3185 2028 3226 in
