2135 3442
141 157 217 194 542
743 155 900 191 BULLE
929 155 995 190 DE
1023 155 1300 191 RATOEICATI
1306 155 1370 191 ΟΝ

139 246 255 292 ditur,
277 252 415 281 cuncta
435 252 617 293 regantur
633 242 673 280 in
695 245 854 290 mundo,
872 242 1007 294 pietati
1029 257 1256 294 congruum,
1283 252 1320 280 et
1342 242 1507 294 publicae
1524 256 1642 293 quam
1662 252 1846 294 optamus
1866 244 1992 283 felici-

140 305 207 342 tati
228 303 485 341 necessarium
500 301 771 354 judicavimus,
794 311 833 339 ut
851 302 898 339 ad
917 301 1118 339 utilitatem
1138 302 1377 352 salutemque
1394 301 1611 339 Galliarum
1627 303 1793 354 publicis
1811 303 1994 354 precibus

140 363 311 400 divinum
332 361 518 398 auxilium
550 361 790 412 imploretur.
820 360 969 398 Idcirco
998 360 1041 398 in
1066 360 1244 398 omnibus
1272 359 1425 413 templis
1443 360 1725 398 catholicorum
1745 374 1830 412 quae
1851 363 1992 400 suntin

139 421 279 468 Gallia,
298 429 385 473 post
401 420 529 458 divina
543 420 666 458 officia
685 420 744 458 his
761 420 890 458 verbis
906 419 1086 457 orabitur
1111 435 1119 459 :

631 538 648 554 a
671 520 858 566 Domine,
882 520 1024 557 salvam
1043 520 1099 556 fac
1116 519 1436 571 Rempublicam3

626 596 645 614 ι
667 580 850 626 Domine,
873 579 995 616 salvos
1017 579 1073 615 fac
1094 579 1293 616 Consules.
1318 596 1336 613 ι»

194 675 418 714 Constitutis
442 675 669 713 dioecesibus
683 705 692 722 ,
715 689 803 712 cum
824 674 981 711 omnino
1001 687 1155 712 necesse
1174 673 1223 711 sit
1239 673 1380 711 limites
1400 673 1514 711 etiam
1535 673 1793 725 paroeciarum
1816 673 1996 711 constitui

140 747 273 772 earum
309 734 705 786 circumscriptionem
738 733 785 771 ab
810 732 1010 784 Episcopis
1046 732 1128 770 fieri
1160 732 1372 770 volumus:
1407 746 1492 783 quae
1524 741 1652 770 tamen
1689 732 1996 784 circumscriptio

140 807 250 831 suum
268 807 346 831 non
364 793 546 831 sortietur
563 793 758 841 effectum,
781 792 854 830 nisi
875 800 1083 844 postquam
1103 791 1291 829 Gubernii
1314 805 1524 829 consensus
1544 791 1762 829 accesserit.

193 917 260 951 Jus
280 912 503 950 nominandi
524 911 714 963 parochos
735 910 781 948 ad
802 910 1012 962 Episcopos
1034 909 1259 961 pertinebit,
1281 909 1347 960 qui
1370 918 1497 947 tamen
1525 923 1710 960 personas
1730 922 1808 946 non
1837 908 1997 959 seligent

140 970 215 1009 nisi
241 971 289 1009 iis
311 971 462 1009 dotibus
478 971 696 1020 instructas,
722 983 816 1020 quas
836 969 1014 1007 Ecclesiae
1033 982 1206 1006 canones
1225 968 1443 1019 requirunt,
1467 966 1580 1019 atque
1598 968 1656 1022 (ut
1673 967 1930 1019 tranquillitas
1950 981 1995 1006 eo

141 1031 262 1082 magis
278 1030 317 1067 in
336 1039 417 1068 tuto
438 1029 500 1077 sit)
521 1029 719 1067 Gubernio
741 1037 933 1080 acceptas.

195 1150 290 1186 Cum
314 1161 420 1194 vero,
449 1155 529 1184 tum
547 1146 776 1184 clericorum
792 1146 1038 1191 institutioni,
1063 1155 1144 1183 tum
1164 1146 1446 1198 Episcoporum
1466 1145 1626 1183 consilio
1648 1160 1801 1198 suaeque
1819 1146 1996 1184 Ecclesiae

142 1205 465 1244 administrationi
486 1206 687 1244 consulere
715 1219 869 1243 necesse
898 1205 960 1253 sit,
987 1205 1084 1242 illud
1122 1220 1200 1242 non
1227 1204 1442 1252 omisimus,
1465 1214 1507 1242 ut
1532 1205 1648 1242 iidem
1667 1205 1849 1257 Episcopi
1876 1218 1995 1242 unum

140 1266 307 1304 habeant
324 1266 363 1302 in
380 1265 590 1302 cathedrali
605 1265 763 1302 ecclesia
782 1264 1008 1316 capitulum,
1029 1278 1225 1315 unumque
1244 1263 1489 1301 seminarium
1510 1264 1549 1301 in
1570 1278 1637 1301 sua
1655 1264 1793 1315 cuique
1814 1263 1995 1310 Dioecesi,

140 1324 315 1376 quamvis
337 1324 579 1362 Gubernium
597 1325 645 1361 ad
667 1322 873 1361 dotationis
891 1323 1164 1374 obligationem
1185 1337 1264 1361 non
1285 1337 1324 1361 se
1342 1322 1577 1373 adstringat.

195 1445 376 1492 Quamvis
403 1443 570 1481 maxime
589 1442 872 1481 desideraretur
894 1457 915 1479 a
935 1442 1054 1479 Nobis
1075 1451 1118 1479 ut
1137 1442 1279 1493 templa
1302 1441 1431 1481 omnia
1454 1440 1596 1478 iterum
1624 1440 1743 1479 sacris
1773 1440 1999 1478 ministeriis

142 1504 367 1542 exercendis
388 1501 586 1541 catholicis
616 1503 884 1549 redderentur,
907 1515 994 1539 cum
1025 1510 1154 1539 tamen
1180 1500 1220 1537 id
1252 1500 1385 1551 perfici
1413 1514 1492 1537 non
1515 1513 1627 1551 posse
1658 1499 1874 1546 videamus,
1909 1498 1999 1536 satis

142 1563 344 1601 habuimus
377 1563 480 1613 quod
510 1561 638 1599 omnia
666 1562 809 1613 templa
835 1561 1148 1612 metropolitana,
1174 1559 1424 1606 cathedralia,
1457 1559 1710 1609 parochialia,
1739 1558 1890 1609 aliaque
1919 1571 1998 1595 non

143 1623 319 1670 alienata,
342 1621 461 1659 cultui
481 1621 694 1658 necessaria
709 1619 991 1672 Episcoporum
1012 1618 1253 1670 dispositioni
1271 1618 1490 1656 tradantur.

197 1801 419 1835 Constantes
438 1796 477 1832 in
499 1795 699 1846 proposito
723 1795 772 1831 ad
796 1793 925 1831 omnia
944 1791 1129 1829 sacrificia
1155 1806 1227 1843 pro
1255 1793 1358 1829 bono
1380 1791 1535 1829 unitatis
1556 1789 1827 1833 descendendi,
1848 1789 1895 1826 ad
1914 1803 1998 1839 quae

143 1857 248 1895 Salva
270 1855 456 1907 religione
477 1853 655 1891 descendi
681 1861 822 1904 potest,
843 1861 885 1889 ut
908 1851 1022 1889 etiam
1054 1864 1128 1902 pro
1157 1850 1306 1887 viribus
1328 1850 1467 1887 nostris
1497 1847 1765 1900 tranquillitati
1785 1847 1996 1885 Galliarum

142 1929 410 1968 cooperemur,
431 1927 516 1965 quae
533 1914 660 1950 denuo
678 1921 767 1949 totae
787 1912 1050 1957 turbarentur,
1077 1910 1107 1947 si
1128 1910 1230 1947 bona
1251 1909 1510 1947 ecclesiastica
1529 1907 1696 1945 alienata
1715 1907 1854 1944 iterum
1874 1915 1998 1944 essent

144 1976 368 2026 repetenda,
391 1983 428 2011 et
445 1981 488 2010 ut
505 1972 623 2023 (quod
643 1969 883 2023 potissimum
904 1970 974 2021 est)
996 1968 1086 2006 felix
1112 1967 1311 2006 catholicae
1342 1966 1541 2017 religionis
1568 1965 1759 2003 restitutio
1786 1965 1872 2012 fiat,
1890 1967 1998 2002 Prae-

142 2035 386 2072 decessorum
403 2040 623 2069 nostrorum
638 2029 815 2081 exempla
834 2037 1021 2066 sectantes
1040 2027 1298 2074 declaramus,
1324 2040 1404 2073 eos,
1429 2026 1495 2076 qui
1516 2025 1619 2062 bona
1634 2023 1813 2061 Ecclesiae
1833 2023 1997 2061 alienata

142 2093 440 2144 acquisiverunt,
462 2090 673 2128 molestiam
688 2089 831 2126 null-am
846 2087 1047 2125 habituros
1058 2100 1182 2136 neque
1199 2100 1219 2123 a
1234 2085 1366 2133 Nobis,
1381 2098 1506 2135 neque
1521 2099 1541 2121 a
1554 2082 1736 2121 Romanis
1751 2082 1998 2120 Pontificibus

142 2150 424 2189 successoribus
450 2150 619 2197 nostris,
649 2163 692 2185 ac
713 2155 998 2198 consequenter
1021 2145 1241 2198 proprietas
1272 2145 1498 2182 eorumdem
1522 2144 1728 2190 bonorum,
1754 2142 1937 2189 redditus,
1961 2150 1998 2179 et

136 2211 226 2263 jura
244 2210 288 2247 iis
305 2209 529 2247 inhaerentia
547 2207 799 2246 immutabilia
814 2220 934 2258 penes
950 2206 1054 2258 ipsos
1075 2213 1188 2242 erunt
1208 2213 1324 2255 atque
1342 2204 1389 2241 ab
1412 2203 1503 2255 ipsis
1522 2216 1676 2240 causam
1696 2201 1898 2239 habentes.

196 2330 270 2366 Sed
293 2328 475 2379 quoniam
507 2326 718 2365 Galliarum
735 2325 913 2363 Ecclesiis
938 2323 1060 2362 veteri
1088 2338 1156 2361 suo
1182 2321 1418 2374 patrimonio
1447 2320 1610 2373 privatis
1637 2317 1868 2356 invenienda
1899 2317 1997 2355 ratio

142 2387 269 2438 aliqua
289 2396 345 2424 est
361 2386 435 2437 qua
452 2386 623 2438 suppleri
642 2385 922 2436 Episcoporum
948 2398 991 2422 ac
1010 2384 1275 2435 parochorum
1296 2380 1565 2419 sustentationi
1589 2394 1632 2417 ac
1657 2378 1842 2416 decentiae
1859 2377 1993 2429 possit,

142 2445 353 2484 Galliarum
383 2445 622 2483 Gubernium
654 2444 695 2481 in
727 2457 766 2481 se
797 2443 934 2495 recipit
960 2451 1040 2480 tum
1072 2441 1366 2493 Episcoporum,
1401 2449 1481 2477 tum
1518 2438 1795 2490 parochorum,
1831 2449 1995 2486 quorum

141 2505 321 2542 dioeceses
355 2513 468 2554 atque
501 2504 701 2555 parochias
737 2516 839 2540 nova
863 2500 1171 2552 circumscriptio
1210 2499 1503 2551 complectitur,
1543 2495 1881 2540 sustentationem,
1911 2508 1996 2545 quae

142 2566 326 2614 cujusque
348 2572 487 2600 statum
507 2563 661 2602 deceat.

194 2622 316 2659 Simili
335 2622 449 2659 modo
463 2630 644 2658 statutum
663 2629 718 2658 est
735 2619 937 2658 Gallicanae
955 2617 1192 2669 Reipublicae
1212 2616 1455 2655 Gubernium
1475 2624 1718 2661 curaturum,
1734 2622 1776 2651 ut
1798 2611 1994 2650 catholicis

141 2681 181 2718 in
199 2681 319 2720 Gallia
337 2681 502 2718 liberum
521 2681 580 2726 sit,
604 2679 634 2717 si
649 2679 816 2726 libuerit,
840 2678 1017 2716 Ecclesiis
1040 2678 1240 2715 consulere
1261 2675 1375 2713 novis
1394 2673 1699 2712 fundationibus.

194 2743 358 2778 Demum
386 2738 663 2777 declaravinnls
698 2751 973 2788 recognoscere
1005 2740 1081 2775 Nos
1108 2737 1149 2774 in
1179 2736 1310 2787 primo
1337 2735 1500 2772 Consule
1528 2733 1737 2771 Gallicanae
1759 2730 1994 2782 Reipublicae

141 2800 275 2838 eadem
293 2800 379 2848 jura
396 2812 439 2836 ac
458 2796 661 2849 privilegia
675 2797 813 2847 quibus
829 2798 932 2849 apud
950 2799 1126 2834 Sanctam
1145 2796 1281 2833 Sedem
1304 2795 1337 2831 fr
1347 2794 1513 2831 uebatur
1533 2794 1734 2842 antiquum
1752 2790 1940 2841 regimen.

196 2920 309 2967 Quod
332 2917 362 2955 si
382 2918 478 2954 forte
496 2914 658 2962 eveniat,
677 2924 718 2951 ut
734 2914 869 2964 aliquis
881 2929 929 2952 ex
947 2913 1228 2952 successoribus
1244 2912 1423 2950 hodierni
1442 2911 1562 2963 primi
1579 2910 1753 2948 Consulis
1766 2909 1991 2946 catholicam

143 2978 369 3028 religionem
389 2989 468 3013 non
488 2975 746 3026 profiteretur,
767 2987 812 3010 eo
832 2987 938 3021 casu,
962 2987 1077 3024 super
1097 2972 1246 3020 juribus
1267 2980 1303 3008 et
1324 2970 1537 3023 privilegiis
1564 2968 1738 3021 superius
1757 2967 1990 3014 memoratis,

142 3051 291 3075 necnon
311 3049 426 3087 super
452 3034 713 3072 nominatione
737 3032 786 3069 ad
813 3031 1166 3083 archiepiscopatus
1191 3040 1227 3068 et
1251 3030 1509 3082 episcopatus,
1532 3035 1711 3080 respectu
1736 3025 1869 3078 ipsius,
1892 3039 1990 3063 nova

146 3095 351 3133 conventio
373 3096 450 3132 fiet.

200 3156 293 3192 Cum
309 3153 436 3203 itaque
456 3152 584 3189 omnia
610 3160 647 3188 et
671 3150 818 3200 singula
839 3148 1018 3200 superius
1044 3148 1230 3185 recensita
1258 3162 1303 3185 ex
1329 3156 1437 3198 parte
1459 3146 1614 3197 quidem
1634 3153 1777 3191 nostra,
1798 3156 1839 3179 ac
1859 3150 1988 3179 nostro

145 3221 183 3250 et
195 3212 302 3251 Sedis
319 3211 546 3263 Apostolicae
566 3208 735 3257 nomine,
750 3222 770 3246 a
790 3208 933 3245 dilecto
951 3208 990 3245 in
1011 3207 1160 3245 Christo
1182 3207 1258 3244 filio
1273 3215 1404 3244 nostro
1420 3205 1587 3243 Hercule
1607 3211 1745 3241 sanctae
1767 3201 1922 3252 Agathae
1940 3199 1985 3235 ad
