2135 3442
195 156 241 190 [λδ
898 150 1022 186 BREF
1050 150 1116 184 DE
1144 149 1223 184 PIE
1251 148 1314 182 VI.

191 255 337 281 corum
363 238 558 279 distantia
578 239 663 279 Nos
678 237 870 287 laterent,
897 252 949 276 ne
967 235 1009 276 in
1031 234 1161 275 ullam
1180 231 1448 274 conscientiae
1465 241 1618 272 nostrae
1636 231 1779 274 labem
1802 248 2024 291 possemus

193 307 420 345 incu1r.ere
450 302 653 345 Nondum
675 302 848 359 quidem
869 300 923 342 ad
946 301 1034 341 Nos
1058 299 1156 339 inde
1185 297 1373 355 pervenit
1406 295 1490 336 ulla
1510 306 1650 336 vestra
1680 297 1925 351 hujusmodi
1949 314 2024 357 ge-

193 368 420 410 1endarum
443 383 583 409 rerum
603 366 845 424 explicati03
871 374 1153 423 pervenerunt
1174 373 1313 402 tamen
1338 359 1577 416 aliquorum
1595 359 1901 418 Episcoporum
1919 363 2031 421 typis

192 432 396 490 evulgatae
419 430 647 489 pastorales
669 430 833 481 litterae,
861 443 1078 470 sermones
1103 438 1145 468 et
1170 425 1329 467 monita
1355 424 1598 482 evangelico
1620 423 1766 482 spiritu
1787 425 1929 482 plena,
1955 426 2031 468 sed

191 513 239 538 ca
259 497 555 555 singularitera
574 496 656 537 suis
668 495 909 536 auctoribus
927 491 1171 550 perscripta,
1196 504 1332 547 neque
1351 489 1575 541 rationem,
1593 489 1694 546 quid
1709 504 1731 529 a
1745 490 1866 530 nobis
1881 506 2031 563 geren-

193 562 294 604 dum
314 562 543 611 videretur,
562 559 807 611 indicantia,
829 573 955 615 quam
974 558 1062 598 haec
1083 566 1200 597 tanta
1219 569 1363 595 rerum
1381 555 1622 604 necessitas,
1650 569 1962 611 summumque,
1987 556 2030 596 in

192 642 275 684 quo
295 626 534 676 versamini,
562 625 786 666 discrimen
808 632 1072 693 exposceret.

250 692 408 733 Verum
453 690 506 731 ad
553 690 640 730 Nos
686 704 772 729 non
818 687 874 728 ita
922 685 1086 744 pridem
1126 683 1317 741 pervenit
1357 683 1645 755 manuscripta
1694 683 1902 740 expositio
1955 698 2030 725 ve·-

191 767 275 797 stra
295 771 421 813 super
440 754 654 812 principiis
677 751 988 795 constitutionis
1015 750 1128 802 cleri,
1162 763 1288 805 quam
1320 758 1361 788 et
1395 748 1504 805 typis
1533 758 1680 805 postea
1704 748 1958 805 accepimus,
1988 746 2031 788 in

192 822 308 876 cujus
350 818 526 860 exordio
572 818 842 876 perleguntur
894 825 1079 858 extracta
1128 812 1352 854 nationalis
1405 823 1636 854 conventus
1686 812 1807 870 plura
1846 811 2030 863 decreta,

192 900 325 941 eaque
362 882 502 924 multis
545 884 767 938 conjuncta
812 877 1248 921 animadveisionibus
1294 892 1420 934 super
1465 876 1714 918 eorumdem
1755 887 1797 918 et
1834 875 2031 918 invalidi-

191 960 274 990 tate
298 981 307 998 ,
347 959 389 989 et
421 948 638 1005 pravitate.
684 946 847 987 Eodem
882 961 923 1002 p
913 960 957 985 u
960 955 1038 984 1te1
1075 953 1268 998 tempore
1310 941 1484 982 redditae
1526 941 1658 983 Nobis
1695 952 1793 982 sunt
1839 951 2031 983 recentes

191 1012 319 1070 ipsius
341 1013 448 1069 regis
471 1012 630 1061 litterae,
653 1011 696 1050 in
720 1010 871 1066 quibus
892 1008 1246 1066 approbationem
1271 1021 1293 1046 a
1312 1005 1444 1046 Nobis
1464 1006 1651 1063 postulat
1673 1006 1726 1047 ad
1741 1006 1915 1064 aliquod
1931 1017 2034 1048 tem-

192 1093 268 1134 pus
290 1077 509 1117 valituram
530 1086 691 1132 septem
713 1074 987 1115 articulorum
1008 1070 1231 1113 nationalis
1249 1081 1499 1123 conventus,
1523 1087 1620 1112 cum
1636 1072 1781 1129 primis
1801 1071 1881 1112 illis
1905 1072 2028 1129 quin-

192 1156 272 1198 que
293 1140 346 1181 ad
360 1141 446 1181 Nos
469 1150 643 1196 augusto
664 1154 808 1180 mense
831 1137 1081 1178 transmissis
1102 1151 1210 1193 pene
1230 1134 1598 1187 consentientium,
1618 1152 1786 1194 unaque
1807 1136 2029 1194 significat,

192 1219 234 1246 se
254 1205 297 1245 in
321 1205 531 1261 angustias
551 1202 684 1260 redigi
701 1218 779 1260 pro
802 1200 1110 1260 interponenda
1125 1201 1342 1242 sanctione
1362 1216 1475 1241 novo
1494 1201 1761 1242 executoriali
1785 1200 1954 1242 decreto
1967 1200 2035 1242 dje

193 1273 248 1311 27
268 1267 507 1310 novembris
523 1266 659 1321 edito,
681 1269 795 1322 cujus
813 1269 927 1322 jussu
944 1265 1159 1324 Episcopi,
1178 1264 1349 1315 Viearii,
1371 1265 1566 1317 parochi,
1584 1264 1908 1306 seminariorum
1921 1265 2035 1306 Prae-

194 1332 305 1382 fecti,
330 1332 482 1388 aliique
512 1330 797 1373 ecclesiasticis
823 1331 1046 1389 fungentes
1073 1330 1235 1382 officiis,
1265 1345 1408 1370 coram
1433 1329 1625 1387 generali
1651 1328 2033 1387 municipalitatum

192 1396 383 1446 consilio,
418 1397 529 1436 intra
558 1397 849 1453 praescriptum
885 1406 1049 1452 tempus
1068 1397 1250 1451 juratam
1282 1405 1479 1452 praestent
1502 1395 1797 1436 constitutioni
1819 1394 2031 1435 servandae

193 1460 335 1511 fidem,
364 1470 405 1501 et
427 1460 470 1500 ni
494 1459 664 1513 faciant,
688 1460 938 1518 gravissimis
965 1461 1048 1500 sint
1068 1458 1203 1516 poenis
1231 1458 1452 1516 puniendi.
1483 1460 1645 1501 Verum
1669 1457 2031 1516 quemadmodum

189 1527 277 1580 jam
300 1535 423 1565 antea
446 1524 747 1565 declaravimus
767 1539 1037 1581 nequaquam
1055 1524 1142 1565 Nos
1165 1523 1270 1564 velle
1295 1534 1488 1564 nostrum
1510 1538 1761 1581 expromere
1781 1539 1906 1580 super
1926 1524 2040 1565 hisce

195 1588 378 1630 articulis
398 1587 617 1642 judicium,
643 1589 722 1629 nisi
739 1590 851 1646 prius
869 1604 892 1629 a
911 1589 1060 1643 majori
1081 1588 1227 1629 saltem
1251 1588 1559 1645 Episcoporum
1583 1598 1702 1645 parte
1722 1588 1942 1646 perspicue
1969 1586 2036 1628 di-

196 1655 425 1709 stincteque
449 1652 582 1693 Nobis
614 1653 793 1694 relatum
816 1664 936 1703 esset,
972 1651 1075 1709 quid
1093 1653 1172 1710 ipsi
1196 1652 1413 1702 sentirent,
1440 1652 1484 1693 id
1505 1667 1618 1693 nunc
1646 1653 1773 1693 etiam
1793 1662 2036 1693 constanter

197 1718 439 1775 repetimus,
458 1727 500 1756 et
525 1716 839 1758 confirmamus.

254 1851 365 1891 Dum
387 1866 460 1891 rex
474 1850 563 1907 ipse
586 1847 767 1905 postulat
786 1862 807 1887 a
831 1845 965 1887 Nobis
985 1847 1094 1886 inter
1104 1856 1266 1894 caetera,
1295 1855 1340 1885 ut
1360 1845 1600 1885 hortatione
1628 1856 1768 1886 nostra
1791 1845 2042 1903 Metropoli-

198 1926 333 1969 tanos,
354 1926 394 1956 et
410 1914 639 1972 Episcopos
662 1911 910 1952 inducamus
931 1910 984 1951 ad
1006 1909 1357 1951 consentiendum
1375 1908 1659 1950 Ecclesiarum
1682 1909 2037 1969 metropolitana-

197 1995 306 2030 rum,
330 1990 371 2020 et
392 1980 711 2036 episcopatuum
732 1974 941 2024 divisioni,
970 1986 1011 2015 et
1037 1975 1335 2031 suppressioni,
1359 1989 1436 2015 nec
1470 1989 1552 2014 non
1579 1984 1626 2015 ut
1646 1974 1920 2032 provisionali
1945 1975 2036 2016 sal-

200 2056 285 2084 tem
304 2042 434 2084 modo
454 2041 760 2099 indulgeamus,
783 2056 866 2096 quo
887 2039 1044 2081 scilicet
1067 2039 1213 2079 formae
1241 2039 1452 2079 canonicae
1473 2040 1526 2079 ab
1548 2038 1735 2081 Ecclesia
1759 2040 1803 2080 in
1827 2055 2038 2081 novorum

199 2109 515 2165 episcopatuum
534 2104 814 2146 erectionibus
833 2105 1036 2145 hactenus
1059 2114 1244 2153 servatae,
1262 2118 1375 2144 nune
1401 2118 1451 2144 ex
1471 2103 1916 2161 Metropolitanorum,
1939 2103 2039 2161 Epi-

201 2187 506 2229 scoporumque
531 2170 776 2211 auctoritate
799 2168 915 2219 fiant,
953 2179 994 2210 et
1012 2167 1269 2225 praesentatis
1294 2167 1346 2207 ad
1369 2179 1565 2209 vacantes
1586 2183 1719 2218 curas,
1742 2170 1859 2223 juxta
1882 2183 2037 2210 novam

202 2237 454 2279 electionum
480 2234 746 2285 methodum,
767 2233 896 2275 iidem
918 2232 976 2273 illi
997 2232 1304 2274 institutionem
1323 2232 1557 2290 praebeant,
1590 2232 1824 2274 dummodo
1847 2247 2032 2284 morum,

202 2300 486 2357 doctrinaeque
507 2298 798 2356 eligendorum
824 2299 931 2338 ratio
962 2313 1049 2338 non
1074 2299 1210 2339 obstet
1232 2317 1240 2350 3
1267 2313 1316 2338 ex
1338 2297 1417 2338 hac
1443 2297 1632 2354 profecto
1656 2297 1766 2354 regis
1793 2297 1931 2339 delata
1959 2313 2036 2356 po-

201 2365 423 2406 stulatione
459 2363 577 2404 facile
602 2362 868 2420 perspicitur,
896 2363 948 2402 ab
971 2378 1021 2403 eo
1048 2363 1139 2419 ipso
1163 2361 1361 2403 nimirum
1392 2362 1562 2418 agnosci
1583 2362 1863 2418 exquirendos
1884 2377 1970 2403 esse
1992 2363 2036 2403 in

200 2428 440 2485 hujusmodi
461 2427 622 2468 casibus
644 2428 949 2485 Episcoporum
987 2442 1143 2478 sensus,
1170 2441 1418 2484 aequumque
1440 2426 1566 2482 plane
1584 2441 1691 2477 esse,
1719 2441 1772 2468 ne
1794 2427 1883 2468 Nos
1905 2426 2034 2484 quid·

203 2509 346 2551 quam,
365 2492 442 2533 nisi
461 2493 592 2549 ipsis
581 2490 748 2541 auditis,
782 2502 1027 2532 statuamus.
1055 2492 1204 2533 Vestra
1235 2490 1361 2548 igitur
1387 2490 1574 2541 consilia,
1598 2501 1752 2532 vestras
1771 2492 2036 2549 singulariter

203 2559 412 2615 expositas
439 2556 708 2598 consiliorum
728 2555 910 2597 lationes
931 2572 953 2596 a
970 2554 1089 2596 nobis
1120 2556 1186 2597 vel
1216 2555 1314 2596 univ
1318 2554 1432 2604 ersis,
1462 2554 1527 2596 vel
1554 2555 1761 2612 plerisque
1779 2558 2032 2615 subscriptas

203 2633 464 2680 exoptamus,
494 2631 616 2678 atque
656 2622 932 2677 agnoscimus,
963 2636 1047 2677 quo
1084 2631 1338 2677 tanquamn
1317 2620 1554 2660 oraxissimo
1590 2632 1871 2663 monumento
1897 2620 2031 2662 innixi

205 2685 528 2728 consultationes
565 2695 727 2725 nostras
760 2684 1239 2743 legere‚mode1arique
1266 2685 1488 2741 possimus,
1520 2695 1566 2725 ut
1588 2686 1645 2725 ita
1669 2685 1788 2726 vobis
1816 2701 2032 2744 regnoque

207 2749 548 2793 christianissimo
578 2749 770 2800 salutare,
801 2765 848 2790 ac
871 2765 1104 2806 congruum
1130 2765 1153 2789 a
1182 2747 1536 2803 Nobisjudicium
1566 2750 1818 2806 proferatur.
1847 2752 1958 2792 Dum
1987 2749 2033 2790 in

207 2815 286 2856 hac
307 2814 358 2856 de
372 2815 491 2855 vohis
516 2815 805 2871 expectatione
833 2829 988 2863 sumus,
1022 2812 1187 2854 interim
1214 2812 1283 2853 illa
1316 2828 1406 2869 quae
1424 2811 1470 2853 in
1490 2815 1635 2855 vestris
1654 2826 1923 2872 exponuntur
1962 2814 2030 2855 lit-

205 2880 318 2929 teris,
341 2878 558 2920 sublevant
579 2879 666 2919 Nos
690 2877 826 2934 aliqua
850 2894 901 2919 ex
921 2889 1040 2935 parte
1062 2878 1103 2918 in
1121 2876 1364 2935 peragendo
1385 2879 1579 2920 examine
1601 2881 1791 2921 omnium
1809 2877 2033 2921 nationalis

205 2944 517 2986 constitutionis
538 2942 824 2983 articulorum.

264 3075 307 3116 Si
328 3074 465 3131 primo
492 3073 759 3130 perlegantur
784 3072 1030 3114 assertiones
1057 3072 1231 3113 Concilii
1252 3073 1506 3113 Senonensis
1533 3073 1718 3115 inchoati
1750 3088 1862 3114 anno
1902 3075 2029 3122 1527,

204 3150 352 3180 contra
368 3139 704 3179 Lutheranorum
726 3139 918 3189 haereses,
945 3137 1049 3178 illud
1068 3137 1258 3195 profecto
1278 3137 1392 3194 quod
1415 3138 1524 3179 basis
1553 3150 1628 3189 est,
1654 3149 1694 3180 et
1712 3137 2033 3178 fundamentum

207 3202 363 3244 decreti
387 3202 608 3244 nationalis
628 3202 679 3244 de
700 3218 784 3259 quo
802 3202 952 3260 agitur,
968 3218 1118 3259 expers
1137 3217 1224 3244 esse
1243 3203 1296 3244 ab
1317 3203 1482 3245 haeresis
1505 3214 1606 3245 nota
1626 3201 1758 3244 videri
1774 3218 1862 3243 non
1877 3211 2029 3259 potest.
