2135 3442
162 163 211 199 76
869 163 994 198 BREF
1025 163 1089 198 DE
1122 162 1197 197 PIE
1226 162 1293 198 VI.

163 266 321 316 civiles,
343 264 647 321 quijudicaturi
659 278 781 308 erunt
800 281 926 323 super
942 267 1035 324 ipso
1051 263 1498 322 Metropolitanorum,
1513 262 1579 303 vel
1603 263 1910 321 Episcoporum
1929 280 2007 307 ex-

164 328 424 372 cludentium
444 329 622 386 judicic,
656 346 786 387 penes
818 346 924 388 quos
956 345 1110 386 nempe
1143 328 1299 370 residet
1319 327 1371 368 de
1394 326 1585 368 moribus
1610 338 1651 367 et
1673 327 1866 370 doctrina
1889 329 2006 384 judi-

165 394 289 435 candi
322 405 524 451 potestas,
551 405 593 435 et
611 396 699 450 qui,
719 406 765 436 ut
789 394 933 436 scribit
951 394 993 435 S.
1013 390 1343 449 Hieronymus’,
1371 390 1587 432 constituti
1604 390 1789 446 suerunt,
1810 404 1856 433 ut
1871 409 2008 452 popu-

166 459 253 500 lum
273 469 498 500 coerceant
531 459 583 499 ab
608 474 764 501 errore.
788 460 947 500 Verum
969 469 1014 499 ut
1044 458 1175 514 magis
1205 466 1363 513 pateat,
1396 470 1523 512 quam
1543 454 1760 513 illegitima
1790 457 1843 497 sit
1869 472 1916 499 ac
1939 457 2006 498 in—

165 535 412 580 competens
430 524 573 564 istliscc
599 522 650 563 ad
673 523 800 564 laicos
820 522 1060 580 appellatio,
1088 519 1374 562 revocandum
1394 520 1438 560 in
1459 521 1711 561 memoriam
1734 531 1795 562 est
1815 521 2006 563 celeber-

165 589 321 629 rimum
342 588 447 629 illud
468 588 737 629 Constantini
762 588 1026 645 imperatoris
1046 585 1305 643 exemplum.
1331 585 1438 625 Cum
1461 585 1572 625 enim
1599 585 1721 626 multi
1742 585 2009 628 advenissent

164 653 351 694 Nicaeam
381 653 435 694 ad
453 652 757 694 celebrandum
778 651 1013 694 Concilium
1031 650 1245 708 Episcopi,
1275 660 1562 706 opportunum
1582 665 1672 691 esse
1691 650 1936 701 censebant,
1965 662 2012 692 ut

165 717 279 759 idem
302 719 527 759 interesset
550 719 796 774 imperator,
821 717 874 758 ad
895 732 1019 773 quein
1040 725 1181 772 posset
1200 714 1456 755 Arianorum
1475 730 1632 756 nomen
1653 714 1825 757 deferri.
1852 717 1910 756 At
1929 716 2011 756 im-

164 794 333 839 perator
351 781 534 839 acceptis
557 781 708 822 libellis
734 781 805 838 qui
826 781 905 839 ipsi
927 790 1046 821 erant
1069 778 1200 820 oblati
1228 795 1236 820 :
1269 800 1285 814 «
1310 778 1432 826 Mihi,
1460 778 1611 836 inquit,
1643 795 1740 820 cum
1759 781 1890 821 homo
1913 779 2008 833 sim,

169 867 187 883 «
224 848 341 889 nefas
362 858 424 888 cst
448 846 694 903 hujusmodi
717 862 860 888 rerum
877 844 1165 903 cognitionem
1185 858 1401 901 arrogare,
1428 859 1526 885 cum
1555 855 1597 886 et
1617 845 1688 901 qui
1718 856 1932 894 accusant,
1971 854 2011 885 et

172 933 188 946 «t
226 913 297 968 qui
318 923 581 963 accusantur,
616 911 854 952 sacerdotes
887 910 1015 952 sint².
1044 930 1060 944 »
1097 909 1192 949 Alia
1217 908 1318 949 item
1351 908 1483 950 multa
1503 908 1657 950 adduci
1688 920 1861 966 possent
1886 910 2012 963 hujus

165 977 331 1033 generis
365 976 572 1033 exempla,
611 975 685 1016 scd
720 975 840 1016 nimii
866 976 907 1015 in
935 991 980 1016 re
1006 973 1229 1015 manifesta
1269 989 1357 1014 esse
1384 974 1596 1016 nolumus.
1633 974 1762 1027 Quod
1791 974 1824 1015 si
1864 985 2011 1016 contra

165 1039 366 1081 afferatur
383 1041 471 1095 ejus
489 1040 595 1081 filius
619 1039 905 1091 Constantius,
922 1039 1140 1080 catholicae
1166 1047 1276 1079 certe
1292 1038 1498 1079 Ecclesioe
1519 1039 1666 1096 hospis,
1685 1038 1757 1096 qui
1777 1038 1855 1080 sibi
1871 1050 2013 1079 aucto-

164 1104 332 1145 ritatem
354 1105 593 1162 arrogabat,
622 1120 749 1161 quam
783 1104 913 1161 ipsius
943 1115 1065 1161 pater
1089 1119 1132 1144 se
1158 1118 1247 1143 non
1276 1103 1433 1144 habere
1461 1103 1678 1144 confessus
1709 1102 1860 1157 fuerat,
1891 1103 2012 1144 facile

164 1179 228 1210 est
246 1184 295 1210 ex
321 1171 392 1210 SS.
419 1168 663 1210 Atlianasii'
692 1180 732 1210 et
763 1167 1041 1226 Hieronymi*
1074 1167 1238 1226 scriptis
1273 1183 1501 1225 agnoscere
1533 1179 1792 1226 quantopere
1824 1169 1895 1209 illa
1931 1169 2014 1209 sint

165 1233 273 1275 facta
292 1234 499 1275 detestati.

222 1301 406 1340 Demum
428 1298 528 1356 quid
547 1297 661 1339 aliud
679 1298 792 1339 hisce
825 1298 1004 1339 decretis
1028 1298 1194 1339 efficere
1217 1308 1450 1339 conventus
1470 1297 1617 1348 voluit,
1645 1313 1774 1354 quam
1807 1308 2007 1347 evertere,

164 1374 205 1405 et
225 1363 278 1405 ad
302 1363 478 1404 nihilum
500 1363 693 1421 redigere
711 1364 1001 1420 episcopatum
1021 1362 1174 1420 ipsum,
1201 1362 1321 1419 quasi
1345 1362 1390 1402 in
1405 1361 1515 1403 illius
1536 1362 1699 1414 odium,
1725 1364 1839 1417 cujus
1864 1360 2012 1402 minis-

163 1428 214 1469 tri
239 1440 336 1469 sunt
359 1429 580 1486 Episcopi,
609 1427 759 1485 quibus
782 1439 985 1485 praeterea
1008 1443 1266 1485 permanens
1299 1427 1544 1468 decernitur
1578 1426 1806 1468 concilium
1835 1426 2014 1483 presby-

164 1504 375 1547 terorum,
401 1494 471 1550 qui
504 1491 649 1533 vicarii
678 1491 953 1549 nuncupandi
988 1503 1101 1545 sunt,
1134 1504 1257 1548 atque
1285 1491 1345 1542 hi,
1389 1503 1436 1532 ut
1467 1491 1680 1534 sexdecim
1711 1506 1892 1532 numero
1925 1505 2012 1531 esse

165 1557 351 1599 debeant
381 1559 424 1598 in
452 1557 691 1599 civitatibus
726 1556 874 1598 decem
905 1556 1036 1597 millia
1059 1558 1246 1615 capitum
1282 1555 1617 1609 continentibus,
1656 1555 1884 1597 duodecim
1911 1569 2011 1596 vero

164 1622 237 1662 ubi
260 1623 400 1663 minor
435 1633 542 1663 esset
574 1637 775 1662 numerus
799 1621 1106 1662 incolentium?
1138 1622 1256 1663 Alios
1286 1621 1390 1662 item
1422 1620 1652 1662 adsciscere
1686 1619 1765 1661 sibi
1802 1631 2011 1677 coguntur

164 1686 486 1744 Episcopi,illos
508 1686 709 1727 nimirum
731 1685 801 1742 qui
827 1687 1435 1743 suppressaruniparoeciarum
1446 1696 1566 1727 erant
1579 1684 1770 1742 parochi,
1794 1684 1922 1741 hique
1945 1685 2010 1724 vi-

165 1751 525 1807 cariiplem‘stcrI's
550 1750 832 1808 appellantur,
859 1752 976 1805 cujus
995 1750 1035 1791 vi
1051 1752 1174 1806 juris,
1198 1750 1403 1808 episcopis
1425 1750 1579 1807 quibus
1607 1748 1765 1790 addicti
1790 1760 1905 1800 sunt,
1926 1750 2009 1790 mi-

165 1815 280 1856 nime
301 1817 475 1857 obnoxii
498 1831 601 1867 esse,
625 1814 885 1871 subjectique
907 1815 1108 1856 debeant.
1130 1814 1257 1868 Quod
1278 1815 1327 1855 ad
1346 1815 1506 1872 primos
1526 1815 1724 1872 pertinet,
1749 1824 1790 1854 et
1810 1814 1843 1854 si
1865 1829 2014 1855 eorum

167 1880 491 1938 deligendorum
519 1879 741 1937 Episcopis
776 1879 1041 1935 relinquatur
1075 1879 1312 1932 arbitrium,
1342 1880 1386 1920 hi
1408 1878 1484 1936 ipsi
1518 1889 1661 1918 tamen
1685 1878 1931 1919 inhibentur
1960 1878 2015 1919 ad

169 1944 303 1985 ullum
318 1944 622 2000 jurisdictionis
644 1955 785 1984 actum
806 1945 893 1984 sinc
911 1943 1085 1985 illorum
1103 1955 1225 1994 nutu,
1249 1944 1548 2000 (praeterquam
1569 1941 1922 2000 provisioualiter)
1943 1942 2016 1984 de-

169 2009 326 2060 venire,
350 2021 391 2050 et
417 2025 564 2050 eorum
586 2008 827 2065 quempiam
845 2024 867 2048 a
883 2023 958 2049 suo
978 2009 1174 2059 concilio,
1200 2008 1279 2049 nisi
1304 2024 1354 2049 ex
1374 2008 1567 2066 pluribus
1586 2007 1714 2064 ipsius
1739 2007 1906 2049 concilii
1923 2008 2012 2049 suf-

169 2072 312 2130 fragiis
333 2088 542 2114 amovere.
570 2072 684 2125 Quid
703 2074 785 2113 hoc
806 2072 921 2113 aliud
945 2085 1009 2114 est
1028 2073 1197 2127 scilicet=
1222 2089 1347 2130 quam
1367 2073 1488 2122 velle,
1510 2083 1556 2113 ut
1571 2087 1835 2129 unaquaeque
1856 2072 2012 2114 dioece-

169 2136 223 2177 sis
240 2148 409 2195 regatur
426 2153 448 2178 a
466 2136 741 2195 presbyteris,
764 2138 835 2193 qui
855 2137 1055 2195 Episcopi
1069 2137 1413 2193 jurisdictionem
1433 2137 1647 2179 obruant?
1664 2137 1819 2179 Nonne
1842 2138 1957 2179 hunc
1971 2137 2016 2179 in

169 2202 347 2242 moduni
368 2202 425 2242 illi
446 2201 745 2243 contradicitur
765 2201 985 2252 doctrinae,
1010 2218 1103 2259 quae
1122 2203 1165 2243 in
1192 2204 1306 2244 Actis
1325 2202 1630 2261 Apostolorum
1652 2201 1823 2259 legitur⁵
1841 2220 1849 2242 :
1871 2219 1893 2241 <r
1913 2202 2009 2259 Spi-

175 2287 192 2301 «
228 2266 332 2307 ritus
356 2279 521 2308 sanctus
556 2267 695 2324 posuit
713 2265 944 2324 Episcopos
963 2282 1107 2325 regere
1138 2267 1369 2308 Ecclesiam
1398 2268 1492 2319 Dei,
1526 2282 1655 2324 quam
1676 2266 1892 2322 acquisivit
1921 2283 2013 2308 san-

178 2351 195 2366 «
231 2331 355 2389 guine
405 2347 481 2372 suo
511 2347 521 2384 ·,
574 2353 591 2368 »
644 2332 869 2387 omnisque
918 2347 1045 2372 sacrae
1095 2332 1344 2374 hierarchiae
1396 2331 1502 2373 ordo
1556 2330 1775 2372 invertitur
1840 2347 2013 2389 prorsus

172 2409 220 2435 ac
247 2396 546 2453 perturbatur?
595 2395 833 2452 AEquantur
872 2412 1024 2454 nempe
1054 2397 1274 2454 Episcopis
1305 2396 1560 2454 presbyteri,
1598 2395 1714 2453 quod
1740 2395 1924 2453 primum
1945 2413 2015 2438 as-

171 2460 299 2500 seruit
322 2463 479 2500 Aoi-lus
497 2460 734 2517 presbyter,
764 2461 1011 2517 le’cleplzus
1030 2477 1158 2519 porro
1179 2473 1220 2502 et
1244 2462 1474 2502 lllarsilz'us
1496 2461 1547 2501 (le
1573 2461 1746 2511 Padusa,
1770 2472 1810 2502 et
1830 2461 2016 2504 ιῙοαηηεε

172 2523 224 2563 de
259 2523 474 2576 Jamluno,
512 2539 614 2581 quos
652 2523 825 2565 demum
857 2537 1106 2566 consecutus
1134 2537 1195 2566 est
1225 2525 1447 2575 Calvinus,
1467 2527 1587 2580 juxta
1616 2524 1791 2566 collecta
1821 2541 1844 2567 a
1875 2528 2014 2568 Bene-

173 2586 287 2628 dicto
307 2589 408 2629 XIV
429 2589 471 2628 in
496 2589 585 2643 ejus
605 2604 722 2645 oper.
749 2589 801 2630 de
821 2589 983 2646 Synod.
1008 2589 1260 2630 dioecesan⁶.

231 2653 323 2692 Imo
342 2652 439 2709 ipsis
452 2651 666 2709 Episcopis
683 2664 1000 2710 anteponuntur
1010 2653 1259 2711 presbyteri,
1280 2668 1378 2694 cum
1395 2652 1454 2693 illi
1473 2665 1687 2710 nequeant
1702 2656 1856 2696 horum
1870 2670 2017 2713 quem-

173 2731 254 2773 que
271 2732 292 2756 e
313 2716 492 2757 concilio
512 2732 747 2767 removere,
772 2729 841 2758 aut
862 2717 1093 2774 quidquam
1110 2718 1354 2767 decernere,
1380 2717 1458 2757 nisi
1481 2733 1532 2758 ex
1554 2717 1745 2775 pluribus
1764 2719 2016 2761 vicariorum

176 2780 516 2833 deliberantium,
537 2793 583 2822 ut
604 2781 800 2833 diximus,
822 2780 1044 2840 suffragiis.
1065 2783 1120 2823 Et
1139 2793 1280 2823 tamen
1301 2781 1509 2832 canonici,
1540 2781 1611 2838 qui
1632 2783 1813 2841 capitula
1830 2784 2014 2842 legitime

175 2845 351 2886 fundata
369 2856 645 2903 componunt,
671 2847 826 2903 quique
846 2846 1132 2888 Ecclesiarum
1156 2857 1350 2888 senatum
1377 2845 1656 2901 constituunt,
1680 2863 1768 2889 non
1795 2848 1889 2900 alia,
1918 2862 2015 2889 cum

250 3004 258 3012 .
286 2979 433 3015 Advers.
453 2979 665 3021 Luciferian,
684 2989 724 3012 110
740 2983 775 3022 5,
798 2990 882 3013 tom.
902 2980 949 3022 ΙΙ,
970 2993 1067 3025 oper.
1089 2980 1174 3013 edit.
1195 2981 1344 3023 Vallum,
1365 2993 1445 3027 pag.
1471 2984 1549 3017 176.

251 3053 258 3060 .
286 3027 471 3060 Sozomen.
494 3027 625 3061 Histor.
649 3027 796 3068 Eccles.,
818 3028 880 3060 lib.
904 3027 934 3068 I,
954 3040 1030 3072 cap.
1053 3040 1144 3068 xvxi,
1167 3031 1280 3062 n025.

252 3101 257 3107 .
286 3074 416 3108 Histor.
439 3074 556 3107 Arian.
578 3073 622 3107 ad
640 3075 820 3115 monach.,
841 3082 882 3106 n0
903 3077 960 3115 52,
979 3084 1064 3108 tom.
1086 3075 1116 3115 I,
1135 3087 1234 3120 oper.
1254 3074 1338 3109 edit.
1359 3075 1530 3117 Maurin„
1549 3088 1628 3122 pag.
1651 3080 1733 3113 376.

251 3148 258 3154 .
286 3120 432 3154 Advers.
453 3121 681 3163 Luciferian.,
701 3130 740 3153 11⁰
763 3124 820 3162 19,
842 3130 926 3155 toni.
946 3122 996 3162 ΙΙ,
1019 3133 1117 3166 oper.
1139 3121 1223 3156 edit.
1243 3122 1393 3163 Vallars,
1412 3135 1491 3168 pag.
1516 3126 1595 3159 191.

251 3194 259 3202 .
287 3169 373 3213 Cap.
396 3180 457 3209 xx,
478 3180 567 3202 vei-s,
590 3171 646 3203 28.

253 3241 258 3247 .
286 3215 366 3249 Lib.
388 3215 492 3257 XIII,
514 3227 592 3261 cap.
615 3227 643 3256 1,
663 3223 702 3247 110
719 3217 753 3249 2.

223 2983 245 3249 ΦΨνῑ-’ωῐῦῌ
