2135 3442
154 162 230 198 538
762 162 924 197 BULLE
951 161 1017 196 DE
1043 159 1396 197 RATIFICATION

204 365 263 403 Ad
283 379 380 416 quos
399 365 602 416 diligenter
629 367 905 418 expendendos
925 380 995 403 nos
1016 365 1121 403 omni
1147 368 1276 405 studio
1303 367 1474 404 animum
1507 366 1744 419 adjicientes,
1775 369 2002 408 sententiam

152 424 265 462 etiam
281 425 413 462 audire
424 425 614 463 voluimus
624 425 936 476 congregationis
947 425 1233 463 Venerabilium
1243 429 1422 463 Fratrum
1435 435 1657 463 nostrorum
1671 435 1810 464 sanctae
1818 431 2002 467 Romanae

154 483 332 521 Ecclesiae
360 483 634 531 Cardinalium,
676 485 742 536 qui
763 485 810 521 ad
848 493 1016 521 mentem
1061 498 1168 521 suam
1206 486 1253 523 de
1295 494 1373 522 tota
1409 485 1482 523 hac
1520 499 1632 523 causa
1668 485 1778 523 nobis
1817 487 2000 538 aperien-

152 544 240 580 dam
279 556 378 593 saepe
417 557 548 580 coram
581 543 692 581 nobis
730 543 969 593 congregati,
1000 551 1038 581 et
1074 558 1167 581 voce
1197 553 1234 582 et
1275 544 1423 595 scripto
1456 543 1549 594 quid
1587 544 1775 583 sentirent
1814 546 1926 584 nobis
1954 546 2004 584 si-

153 601 447 651 gnificaverunt.

206 662 302 698 Cum
322 669 448 698 autem
472 660 512 697 in
529 674 570 698 re
591 661 689 699 tanti
706 662 904 709 momenti,
923 661 1021 699 illud
1041 662 1247 713 praecipue‚
1270 670 1313 699 ut
1331 661 1508 710 decebat,
1525 663 1740 700 curandum
1758 662 2003 702 existimave-

153 719 286 763 rimus,
318 729 357 757 ut
383 720 539 770 vestigia
561 721 788 758 Pontificum
819 721 1153 772 praedecessorum
1183 729 1402 757 nostrorum
1427 734 1690 770 sequeremur,
1711 730 1913 773 propterea
1938 735 2003 760 re-

153 788 324 830 petentes
341 779 528 817 memoria
547 794 606 828 ea,
622 794 708 831 qnae
729 781 774 817 ab
794 780 931 818 iisdem
950 782 1049 818 facta
1065 781 1215 817 fuerant
1236 780 1276 816 in
1290 780 1604 817 extraordinariis
1624 789 1839 832 tempomm
1850 780 2003 819 difficil-

151 839 329 876 limorum
375 839 526 876 casibus
546 869 555 887 ‚
603 853 691 876 cum
729 839 969 889 gravissimae
1017 839 1251 891 populorum
1298 839 1608 889 perturbationes
1640 849 1782 877 exortae
1817 839 2004 878 intestinis

151 898 318 935 motibus
336 898 523 935 maximas
543 898 718 935 nationes
743 898 953 949 agitaruut,
976 899 1103 949 plura,
1123 897 1253 948 gravia
1274 906 1309 934 et
1337 898 1509 934 luctuosa
1529 898 1711 935 accidisse
1728 899 2004 950 comperimus,

150 970 236 1006 quae
255 965 342 994 ante
364 958 496 994 oculos
516 965 667 994 nostros
692 957 834 1009 posita,
859 970 938 1008 qua
960 956 1101 1007 agendi
1128 956 1278 993 ratione
1301 956 1356 992 uti
1374 969 1571 1008 possemus
1592 956 1704 994 nobis
1725 957 1854 1007 aliquo
1888 958 2002 994 modo

151 1015 380 1053 indicarent.
930 1054 933 1056 .

206 1073 327 1124 Igitur
352 1074 553 1112 antedictae
574 1074 896 1125 Congregationis
916 1073 1205 1112 Venerabilium
1220 1076 1398 1111 Fratrum
1419 1082 1638 1111 nostrorum
1660 1082 1799 1111 sanctae
1819 1077 2002 1111 Romanae

152 1133 330 1170 Ecclesiae
351 1132 613 1171 Cardinalium
631 1133 819 1171 sententia
839 1134 1008 1185 cognita,
1023 1141 1110 1184 post
1126 1132 1299 1170 sedulam
1316 1132 1895 1185 considerationem,propositae
1907 1146 2004 1170 con-

150 1191 339 1239 ventioni,
362 1206 438 1242 qua
463 1192 612 1230 ratione
632 1192 845 1244 potuimus,
866 1193 1049 1230 duximus
1071 1193 1334 1241 annuendum,
1359 1200 1474 1242 atque
1498 1191 1748 1243 apostolicam
1774 1200 2003 1243 potestatem

152 1251 200 1287 ad
221 1264 264 1288 ea
284 1252 414 1287 onmia
434 1252 610 1302 proferre
629 1265 714 1302 quae
735 1251 1054 1289 extraordinariae
1078 1259 1296 1302 temporum
1318 1249 1487 1288 rationes
1517 1259 1630 1301 atque
1650 1250 1795 1287 honum
1831 1250 1941 1302 pacis
1967 1258 2005 1288 et

153 1309 306 1346 unitatis
327 1309 504 1347 Ecclesiae
519 1324 539 1347 a
557 1310 669 1348 nobis
689 1311 998 1362 postulaverunt.

206 1368 404 1415 Quinimo,
427 1369 524 1406 adeo
544 1369 693 1419 ingenti
717 1370 929 1408 exarsimus
946 1369 1140 1407 desiderio
1161 1369 1295 1407 Galliae
1315 1370 1363 1406 ad
1385 1368 1571 1406 unitatem
1592 1378 1731 1407 sanctae
1750 1369 1858 1408 Sedis
1883 1368 2005 1406 felici·

151 1436 210 1465 ter
231 1430 473 1475 revocandae,
497 1437 538 1466 ut
555 1443 643 1466 cum
660 1430 817 1467 allatum
838 1431 887 1466 ad
910 1443 979 1467 nos
1000 1438 1112 1476 esset,
1139 1428 1347 1466 nonnullas
1375 1429 1517 1465 formas
1542 1427 1750 1479 propositae
1775 1427 2005 1465 conventio-

151 1487 208 1524 nis
219 1501 335 1537 quam
356 1488 405 1524 ad
424 1488 695 1525 Venerabilem
718 1491 892 1526 Fratrem
911 1488 1263 1539 Archiepiscopum
1277 1486 1450 1525 Corinthi
1468 1487 1697 1535 remisimus,
1709 1501 1753 1524 ea
1769 1487 2005 1538 interpreta-

152 1546 254 1583 tione
292 1545 479 1597 explicari
512 1555 554 1583 ut
587 1547 742 1584 Gallicae
774 1548 1013 1598 Reipublicae
1053 1545 1349 1584 circumstantiis
1382 1559 1460 1583 non
1503 1555 1601 1597 aptae
1636 1546 1858 1583 viderentur
1892 1554 2007 1596 atque

152 1614 341 1656 exoptatae
361 1605 496 1642 unioni
516 1619 665 1643 moram
686 1607 853 1656 aliquam
867 1615 1026 1657 possent
1040 1607 1201 1653 inferre,
1226 1604 1494 1642 molestissime
1515 1605 1644 1642 animo
1667 1614 1798 1642 nostro
1818 1604 1858 1642 id
1882 1605 2006 1642 feren-

153 1673 220 1711 tes,
244 1663 412 1701 Lutetias
434 1663 587 1701 mittere
610 1665 809 1702 statuimus
828 1665 1010 1702 dilectum
1036 1664 1076 1701 in
1095 1666 1247 1702 Christo
1272 1664 1411 1701 Filium
1433 1673 1607 1700 nostrum
1635 1664 1841 1700 Herculem
1867 1671 2006 1700 sanctae

151 1722 309 1772 Agatlue
330 1723 379 1759 ad
400 1722 610 1760 Suburram
630 1724 846 1761 Diaconum
872 1723 1119 1761 Cardinalem
1142 1723 1343 1769 Consalvi,
1358 1732 1474 1772 atque
1499 1737 1520 1759 a
1548 1723 1703 1759 secretis
1724 1721 1845 1759 nostri
1862 1725 2002 1768 Status,

151 1780 219 1831 qui
238 1781 387 1831 (utpote
416 1795 514 1818 unus
537 1795 581 1819 ex
610 1795 743 1819 eorum
769 1795 946 1829 numero,
968 1796 1064 1833 quos
1087 1784 1137 1820 ad
1156 1783 1256 1819 ‘nanc
1279 1796 1360 1819 rem
1381 1790 1635 1831 congregatos
1658 1781 1698 1818 in
1719 1780 1918 1817 consilium
1937 1781 2007 1818 ad-

149 1839 361 1887 liibuimtis,
377 1841 519 1890 quique
541 1841 651 1878 lateri
675 1850 808 1878 nostro
829 1842 1014 1878 continuo
1034 1842 1072 1878 in
1091 1855 1165 1878 suo
1186 1854 1345 1878 munere
1365 1841 1578 1888 adhaerens)
1599 1841 1743 1890 optime
1770 1838 1944 1876 omnium
1969 1847 2006 1876 et

152 1899 413 1949 expositarum
433 1913 564 1936 rerum
580 1899 890 1949 intelligentiam,
908 1909 945 1937 et
965 1913 1075 1938 veros
1095 1901 1213 1937 animi
1233 1899 1354 1937 nostri
1377 1913 1508 1936 sensus
1525 1907 1677 1949 poterat
1691 1898 1901 1949 explicare,
1921 1911 2007 1935 eam

153 1957 266 1995 etiam
285 1957 342 1994 illi
364 1958 582 1995 facultatem
611 1958 892 2010 impertientes,
933 1959 999 1995 ubi
1028 1960 1234 1996 necessitas
1267 1958 1496 2010 postularet,
1528 1958 1568 1994 in
1595 1966 1705 1994 antea
1738 1957 1848 1994 dictis
1874 1957 2007 1994 formis

154 2030 215 2054 eas
234 2019 465 2055 mutationes
485 2017 669 2055 inducere
691 2031 775 2068 quae
797 2018 1042 2055 definitarum
1070 2032 1091 2054 a
1113 2017 1224 2054 nobis
1251 2031 1381 2054 rerum
1402 2016 1657 2054 substantiam
1689 2015 1880 2066 integram
1911 2015 2006 2053 reti-

153 2085 302 2123 nentes,
324 2075 477 2113 illarum
499 2077 782 2123 executionem,
804 2091 918 2127 quam
937 2076 1182 2114 celerrimam
1199 2078 1420 2123 redderent,
1447 2084 1484 2113 et
1504 2075 1715 2113 faciliorem
1735 2076 1836 2112 viam
1856 2084 2007 2113 sterne-

155 2143 240 2171 rent
261 2144 520 2174 conventioni.

209 2196 315 2243 Quae,
342 2208 429 2230 cum
455 2208 475 2231 a
501 2194 619 2231 Nobis
642 2194 844 2231 commissa
868 2194 1044 2241 feliciter,
1068 2197 1152 2232 Deo
1177 2195 1341 2245 favente,
1369 2193 1442 2231 sint
1470 2202 1641 2246 peracta,
1672 2194 1840 2244 indeque
1871 2193 1919 2230 ab
1942 2207 2004 2240 eo,

154 2265 231 2289 una
250 2266 335 2289 cum
356 2253 574 2291 Venerabili
589 2256 720 2291 Fratre
742 2263 873 2291 nostro
895 2254 1202 2305 Archiepiscopo
1216 2253 1405 2297 Corinthi,
1422 2267 1466 2291 ac
1488 2253 1628 2291 dilec=o
1644 2252 1720 2290 filio
1737 2253 1855 2289 fratre
1874 2261 2006 2290 nostro

155 2311 291 2348 Carolo
323 2312 459 2349 Caselli
495 2312 642 2350 ordinis
669 2316 879 2351 Servorum
904 2313 1034 2350 Mariae
1055 2313 1304 2364 eit—generali,
1329 2327 1376 2350 ex
1396 2322 1526 2350 nostra
1553 2321 1685 2364 parte3
1724 2320 1761 2350 et
1790 2312 1937 2350 dilectis
1965 2311 2007 2349 in

156 2369 304 2407 Christo
321 2371 404 2407 filiis
421 2372 589 2423 Josepho
607 2375 822 2423 Bonaparte
841 2381 878 2410 et
895 2373 1144 2409 Emmanuele
1163 2375 1290 2410 Cretet
1309 2372 1538 2409 consiliariis
1550 2376 1690 2419 Status,
1703 2385 1856 2409 necnon
1867 2371 2006 2408 dilecto

155 2428 196 2465 in
216 2428 365 2465 Christo
384 2429 460 2466 filio
483 2430 711 2481 presbytero
733 2432 927 2482 Stephano
954 2431 1129 2479 Bernier,
1153 2431 1324 2482 parocho
1345 2431 1467 2468 sancti
1492 2431 1615 2468 Laudi
1633 2429 1935 2480 Andegax'ensis‚
1958 2443 2005 2467 ex

157 2496 266 2539 parte
284 2488 468 2526 Gallicani
490 2489 698 2540 regiminis,
721 2490 925 2528 conventio
954 2490 1055 2528 inter
1083 2504 1152 2528 nos
1174 2490 1379 2541 ipsumque
1410 2489 1623 2527 Galliarum
1651 2488 1824 2539 regimen
1853 2487 2007 2526 Parisiis

157 2547 304 2598 signata
324 2547 385 2595 sit,
404 2548 484 2585 haec
502 2562 522 2585 a
540 2549 672 2596 NobiS,
690 2549 870 2587 adhibitis
883 2549 922 2586 in
936 2549 1142 2587 consilium
1152 2548 1444 2587 Venerabilihus
1458 2548 1655 2585 Fratribus
1675 2556 1812 2585 sancta:
1823 2549 2008 2584 Romanae

159 2605 333 2643 Ecclesiae
362 2607 640 2654 Cardinalibus,
673 2617 915 2659 perscrutata
943 2608 1151 2658 diligenter
1173 2618 1286 2659 atque
1304 2607 1471 2645 examini
1491 2606 1702 2658 supposita,
1725 2620 1811 2644 cum
1837 2605 1921 2643 talis
1941 2619 2007 2644 re-

158 2673 267 2716 perta
287 2664 350 2711 sit,
372 2674 415 2702 ut
428 2675 558 2703 nostra
575 2667 854 2717 approbatione
881 2667 1102 2704 confirmari
1124 2667 1262 2719 possit3
1286 2681 1355 2704 nos
1375 2666 1480 2703 nulla
1505 2665 1670 2717 amplius
1691 2679 1799 2703 mora
1829 2665 2007 2716 interpo-

159 2724 244 2771 sita,
274 2737 344 2774 per
362 2724 590 2774 apostolicas
616 2725 683 2762 has
703 2726 866 2764 Litteras
886 2736 978 2764 nota
1000 2726 1163 2764 facimus
1184 2740 1227 2764 ea
1245 2725 1373 2764 omnia
1391 2739 1475 2776 quae
1495 2739 1516 2762 a
1534 2726 1644 2763 nobis
1667 2724 1886 2769 constituta,
1909 2738 2006 2761 con-

158 2795 338 2832 cessaque
358 2791 445 2819 sunt
471 2784 518 2819 ad
545 2783 738 2833 religionis
768 2785 927 2833 bonum,
950 2785 1111 2823 internae
1135 2785 1346 2822 Galliarum
1365 2784 1651 2835 tranquillitatis
1677 2782 2006 2821 conservationem

158 2841 479 2891 consequendam,
504 2850 618 2891 atque
635 2843 684 2878 ad
708 2845 995 2894 properandam
1017 2845 1123 2881 illam
1144 2843 1278 2881 tandiu
1295 2852 1461 2895 optatam
1485 2857 1619 2894 pacem
1637 2857 1681 2880 ac
1703 2841 1911 2889 unitatem,
1930 2854 2006 2892 qua
2060 2895 2063 2899 ι

160 2899 328 2936 Ecclesia
344 2908 472 2937 sancta
495 2899 534 2936 in
555 2900 722 2937 Domino
743 2903 908 2950 gaudeat
925 2911 1038 2952 atque
1058 2903 1222 2941 laetetur.

214 2961 339 3008 Atque
359 2958 424 2994 illa
458 2959 648 3009 imprimis
668 2972 689 2995 a
723 2959 920 2997 Gallicano
954 2962 1140 3012 regimine
1170 2961 1350 2998 solemnis
1376 2962 1473 2998 facta
1496 2969 1552 2998 est
1571 2959 1792 3006 declaratio,
1823 2958 2004 2996 nimirum

161 3029 436 3066 recognoscere
461 3030 500 3054 se
525 3017 751 3068 religionem
778 3018 1007 3055 catholicam
1037 3021 1287 3071 apostolicam
1306 3024 1520 3057 Romanam
1549 3032 1631 3056 eam
1669 3032 1749 3056 esse
1780 3018 2004 3068 religionem

161 3088 276 3124 quam
297 3075 408 3125 longe
424 3077 588 3113 maxima
609 3075 808 3113 Gallorum
828 3075 970 3113 civium
987 3092 1075 3128 pars
1096 3080 1314 3129 profitetur.
1342 3082 1475 3129 Neque
1495 3091 1587 3116 vero
1609 3086 1674 3114 aut
1696 3076 1870 3114 dissimili
1887 3075 2003 3113 modo

161 3146 230 3169 nos
276 3132 349 3184 ipsi
385 3134 681 3183 recognovimus
719 3148 767 3172 ex
794 3134 983 3172 catholico
1010 3137 1115 3173 cultu
1147 3138 1187 3173 in
1216 3137 1339 3175 Gallia
1367 3137 1587 3184 constituto,
1615 3150 1764 3174 necnon
1795 3149 1842 3172 ex
1878 3134 2002 3186 parti-

162 3191 280 3228 culari
324 3191 405 3243 ejus
442 3193 678 3244 professione
717 3207 832 3244 quam
872 3194 1014 3231 faciunt
1047 3195 1282 3246 Reipublicae
1318 3195 1499 3234 Consules
1515 3224 1525 3241 ,
1566 3196 1737 3233 eamdem
1777 3193 2001 3243 religionem
