2135 3442
189 213 263 248 546
791 208 951 244 BULLE
979 208 1044 243 DE
1071 208 1418 245 RATIFICATION

184 299 386 347 concessis,
412 296 643 335 confirmatis
664 305 701 334 et
720 296 923 343 innovatis,
953 296 1175 347 caeterisque
1201 295 1405 334 contrariis
1430 295 1752 347 quibuscumque.
1775 299 1923 346 Quibus
1944 313 2030 339 om-

184 359 298 397 nibus
318 366 356 395 et
370 356 544 407 singulis,
564 356 719 393 illorum
749 364 901 393 tenores
926 369 999 407 pro
1020 356 1211 407 expressis
1228 365 1265 395 et
1291 357 1340 393 ad
1358 355 1452 392 verb
1461 369 1523 393 um
1541 355 1696 393 insertis
1726 357 1928 404 habentes,
1960 359 2034 398 illis

185 418 275 456 alias
304 418 345 455 in
367 430 436 454 suo
468 416 608 454 robore
641 415 920 466 permansuris,
952 415 999 452 ad
1023 416 1306 466 praemissorum
1337 414 1519 452 effectum
1541 415 1727 452 duntaxat
1757 416 1974 467 specialiter
1997 426 2035 455 et

185 477 363 529 expresse
372 477 615 527 derogamus.
629 477 833 521 Praeterea,
850 473 939 524 quia
952 473 1106 511 difficile
1122 474 1219 511 foret
1232 481 1437 525 praesentes
1448 474 1611 511 Litteras
1624 474 1671 510 ad
1682 474 1828 525 singula
1840 475 1879 512 in
1896 476 2035 526 quibus

185 538 232 574 de
252 535 304 573 eis
325 536 419 573 fides
440 534 613 572 facienda
639 533 753 571 fuerit
778 533 864 569 loca
883 532 1042 579 deferri,
1065 534 1201 571 eadem
1231 533 1442 585 apostolica
1468 532 1699 571 auctoritate
1728 533 1971 573 decernimus
1998 545 2036 573 et

188 596 427 642 mandamus,
449 602 492 631 ut
513 607 644 631 earum
666 591 916 643 transumptis
947 590 1059 629 etiam
1088 591 1300 643 impressis,
1325 606 1441 630 manu
1462 600 1587 629 tamen
1610 592 1756 643 publici
1783 593 1922 630 notarii
1946 593 2035 631 sub-

186 654 336 706 scriptis
354 662 391 691 et
411 653 536 703 sigillo
559 651 719 699 alicujus
739 664 914 703 personae
937 651 976 688 in
995 651 1181 700 dignitate
1207 650 1463 689 ecclesiastica
1489 652 1706 688 constitutae
1731 651 1899 699 munitis,
1924 652 2036 703 plena

186 714 330 765 ubique
352 713 445 749 fides
478 710 720 758 adhibeatur,
752 709 917 762 perinde
946 723 989 748 ac
1017 709 1047 747 si
1073 709 1182 747 dictae
1207 719 1414 761 praesentes
1445 709 1583 748 litterae
1616 710 1742 748 forent
1771 711 1950 748 exhibitae
1975 711 2033 749 vel

187 782 361 811 ostensae.
385 773 431 808 Et
451 771 607 821 insuper
632 769 784 806 irritum
808 782 978 821 quoque,
1003 777 1040 806 et
1063 768 1176 805 inane
1196 769 1454 816 decernimus,
1479 768 1509 805 si
1540 782 1646 806 secus
1672 782 1788 820 super
1815 769 1874 807 his
1896 783 1918 807 a
1939 783 2036 820 quo-

187 845 315 883 quam,
348 830 479 881 quavis
506 827 756 876 auctoritate,
785 827 966 876 scienter,
997 827 1059 865 vel
1091 826 1316 877 ignoranter
1345 827 1550 878 contigerit
1579 828 1774 866 attentari.
1808 829 1911 866 Nulli
1942 842 2035 879 ergo

186 890 342 928 omnino
362 888 561 926 hominum
591 888 702 924 liceat
729 887 830 924 hanc
859 886 1042 938 paginam
1071 894 1211 924 nostrae
1230 886 1504 933 concessionis,
1526 887 1835 938 approbationis,
1865 887 2035 924 ratifica-

186 949 313 996 tionis,
336 947 584 999 acceptionis,
613 947 890 997 derogationiS,
913 945 1076 994 decreti,
1098 945 1247 995 statuti,
1271 946 1439 983 mandati
1462 955 1499 984 et
1518 946 1728 984 voluntatis
1744 946 1956 996 infringere
1974 945 2033 983 vel

184 1009 220 1048 ei
252 1023 343 1047 ausu
376 1007 580 1045 temerario
600 1015 735 1045 contra
766 1006 838 1044 ire.
862 1006 900 1043 Si
932 1006 1017 1056 quis
1048 1014 1179 1043 autem
1207 1005 1282 1043 hoc
1311 1013 1496 1043 attentare
1516 1004 1822 1057 praesumpserit,
1852 1004 2032 1056 indigna-

183 1069 328 1107 tionem
358 1066 631 1118 omnipotentis
660 1066 731 1104 Dei
761 1080 804 1103 ac
833 1065 1035 1103 beatorum
1064 1064 1168 1102 Petri
1196 1073 1234 1103 et
1265 1063 1374 1102 Pauli
1402 1065 1668 1116 apostolorum
1692 1065 1773 1112 ejus
1805 1077 1845 1102 se
1880 1064 2031 1102 noverit

184 1139 448 1165 mcursurum.

236 1305 379 1338 Datum
398 1303 544 1347 Romae,
565 1299 670 1351 apud
687 1307 857 1337 sanctam
876 1298 1034 1335 Mariam
1051 1297 1252 1350 Majorem,
1269 1311 1370 1335 anno
1386 1296 1668 1334 Incarnationis
1684 1296 1895 1334 Dominicae
1911 1295 2037 1334 mille-

185 1361 279 1398 simo
304 1359 620 1410 octingentesimo
651 1357 793 1410 primo,
820 1357 970 1396 decimo
1000 1366 1135 1396 octavo
1154 1357 1349 1396 Kalendas
1372 1355 1615 1408 septembris,
1639 1354 1889 1393 Pontificatus
1913 1355 2035 1393 nostri

186 1433 286 1457 anno
303 1419 490 1458 secundo.

237 1500 286 1534 A.
309 1496 422 1534 Card.
445 1498 643 1534 Pno-DAT.

1220 1556 1267 1592 R.
1293 1553 1407 1590 Card.
1432 1554 1639 1589 BnAscums
1657 1565 1704 1587 DE
1724 1553 1926 1588 HONEsris.

240 1619 330 1652 Visa
344 1617 391 1651 de
409 1614 541 1660 Curia,
556 1616 593 1654 J.
614 1614 814 1649 MANAssm.

944 1674 1037 1707 Loco
1055 1668 1090 1722 †
1102 1670 1265 1719 plumbi.

1586 1730 1630 1765 F.
1653 1730 1925 1767 Liv1zzinms.

235 1789 439 1840 Reliquum
456 1803 558 1826 nunc
573 1787 669 1826 illud
685 1797 756 1836 est,
778 1796 819 1825 ut
842 1801 908 1824 vos
925 1790 1006 1825 Deo
1028 1788 1183 1839 Optimo
1200 1787 1388 1836 Maximo,
1410 1786 1505 1824 tanti
1528 1785 1707 1824 beneficii
1726 1785 1890 1833 auctori,
1915 1784 2032 1822 debi-

187 1859 240 1887 tas
266 1858 390 1899 grates
405 1849 672 1900 rependentes,
691 1856 728 1885 et
743 1846 927 1897 singulari
941 1847 1067 1884 studio
1084 1847 1158 1884 illis
1178 1845 1364 1898 devincti7
1388 1860 1458 1898 per
1478 1859 1576 1896 quos
1596 1854 1652 1883 est
1672 1845 1769 1882 illud
1797 1845 1838 1882 in
1857 1858 1922 1881 vos
1942 1857 2034 1895 pro-

185 1910 340 1956 fectum,
364 1910 501 1944 unitati
517 1909 673 1956 spiritus
692 1909 730 1944 in
754 1909 895 1943 vinculo
907 1911 1032 1956 pacis,
1055 1906 1296 1958 publicaeque
1317 1905 1592 1956 tranquillitati
1611 1905 1806 1942 servandae
1827 1903 2027 1941 sollicitam

183 1980 338 2019 operam
357 1966 578 2004 collocetis.

236 2030 376 2064 Datum
389 2024 559 2076 Parisiis,
578 2038 625 2063 ex
639 2024 798 2063 AEdibus
818 2027 965 2062 Nostrae
986 2023 1230 2071 Residentiae,
1249 2023 1322 2061 hac
1344 2023 1407 2061 die
1430 2026 1452 2061 9
1476 2023 1622 2075 Aprilis
1645 2024 1765 2061 1802.

1039 2101 1292 2154 J0.-Baptista
1305 2100 1519 2140 Cardinalis
1540 2104 1726 2150 Civium,
1747 2104 1926 2151 Legatus.

942 2165 962 2199 J
969 2190 979 2200 .
1002 2166 1049 2201 A.
1074 2163 1185 2212 Sim,
1205 2160 1434 2213 Apostolicae
1459 2160 1677 2212 Legationis
1700 2159 1952 2200 secretarius.
