2135 3442
169 139 246 173 322
780 139 1092 176 ALLOCUTION
1122 141 1186 176 DE
1216 142 1295 177 PIE
1324 142 1398 178 IX.

168 225 247 266 lari
278 235 462 281 paterna*
504 236 656 266 nostra*
685 226 867 267 caritatis
905 227 1044 268 studio
1080 239 1322 285 opportuna
1356 228 1559 270 vellemus
1597 230 1800 273 adhibere
1829 233 2015 276 remedia

170 289 226 331 ad
253 289 461 330 sanandas
492 290 552 330 ibi
589 290 862 332 contritiones
893 292 1036 341 Israel,
1062 292 1280 333 lamentati
1315 308 1457 334 sumus
1489 294 1761 336 vehementer
1790 296 2015 354 deploran-

171 355 270 396 dam
306 355 609 406 conditionem,
643 356 687 396 111
722 372 803 413 qua
833 357 1078 398 versabatur
1106 357 1307 399 Ecclesia.
1334 359 1483 415 Neque
1508 360 1846 415 praetermisimus
1868 361 2015 404 iisdem

170 419 338 461 Litteris
372 420 481 461 inter
517 420 596 461 alia
626 436 894 478 summopere
928 421 1129 478 conqueri
1161 422 1214 464 de
1247 423 1357 463 binis
1389 423 1467 464 illis
1496 423 1724 480 praesertim
1751 426 1839 479 jam
1867 441 2019 469 conce-

169 486 251 542 ptis
280 483 475 537 decretis,
499 501 679 542 quorum
712 486 843 526 altero
866 487 1200 543 proponebatur,
1229 499 1290 539 ut,
1315 488 1393 528 1130
1428 488 1677 544 Apostolica
1706 489 1816 531 Sede
1844 491 2017 533 minime

170 550 374 599 consulta,
412 550 584 592 decima·
613 550 889 604 tollerentur,
926 550 1058 592 altero
1096 563 1254 604 autem,
1280 563 1326 593 ut
1361 553 1606 594 hominibus
1642 552 1740 595 illuc
1772 555 2018 613 immigran-

169 615 282 656 tibus
313 615 458 656 liceret
497 615 716 673 publicum
754 616 914 672 proprii
954 617 1156 673 cujusque
1195 618 1332 659 cultus
1370 616 1618 659 exercitium
1664 618 1838 662 habere.
1875 622 2018 677 Atque

169 691 501 721 commemorata
534 681 822 737 improbantes
846 679 1015 721 decreta
1044 682 1171 723 etiam
1194 694 1319 739 atque
1345 683 1471 723 etiam
1503 682 1838 741 efflagitavimus,
1865 695 1912 725 ut
1946 685 2017 727 illa

168 745 331 785 nullum
353 761 537 802 unquam
558 746 799 786 obtinerent
822 744 995 795 exitum,
1018 757 1065 786 ut
1091 747 1276 788 Ecclesia
1306 750 1389 788 suis
1410 748 1610 788 omnibus
1627 749 1807 803 juribus,
1830 765 1878 790 ac
1894 749 2017 807 plena

168 809 379 851 frueretur
416 809 627 851 libertate.

228 875 290 915 Ea
310 890 439 932 porro
473 889 545 932 spe
578 873 832 923 nitebamur,
869 874 959 916 fore
993 886 1040 915 ut
1068 875 1414 933 Neogranatense
1438 878 1705 918 Gubernium
1733 878 1810 918 has
1845 878 2019 919 Nostras

167 955 307 989 voces,
333 940 509 984 monita.
535 938 908 996 expostulationes,
933 939 1138 996 querelas,
1164 956 1256 997 quae
1290 956 1342 982 ex
1376 941 1651 982 amantissimi
1676 957 1794 999 arque
1825 958 1872 984 30
1905 941 2017 984 affli-

168 1004 343 1045 ctissimi
364 1004 600 1046 communis
627 1004 819 1044 omnium
848 1003 1038 1045 fidelium
1073 1005 1207 1045 Patris
1238 1006 1367 1046 corde
1400 1008 1698 1063 erumpebant,
1724 1008 1871 1064 pronis
1893 1007 2021 1049 vellet

168 1068 341 1110 auribus
381 1069 589 1126 excipere.
631 1068 792 1109 Verum
830 1068 1070 1110 incredibili
1111 1070 1238 1111 animi
1285 1071 1432 1112 Nostri
1468 1071 1616 1112 dolore
1655 1073 1774 1113 vobis
1816 1073 2019 1114 nunciare

168 1135 376 1192 cogimur,
399 1133 590 1183 hostiles,
624 1134 920 1191 violentosque
945 1135 989 1175 in
1012 1136 1165 1176 Christi
1195 1135 1429 1177 Ecclesiam
1450 1137 1633 1194 impetus
1655 1137 1844 1193 quotidie
1866 1138 2016 1194 magis,

168 1214 217 1240 30
240 1199 406 1240 duobus
436 1199 669 1256 praesertim
694 1198 848 1240 abhinc
877 1200 998 1240 3111115
1022 1199 1129 1240 adeo
1158 1215 1246 1241 esse
1282 1200 1430 1251 factos,
1464 1212 1510 1242 ut
1541 1216 1667 1250 nova,
1700 1212 1742 1242 et
1774 1202 2020 1258 gravissima

166 1264 362 1305 Ecclesiae
384 1263 462 1321 ipsi
481 1279 557 1321 per
576 1263 726 1305 laicam
747 1274 999 1321 potestatem
1023 1264 1312 1306 indesinenter
1338 1265 1497 1307 inflicta
1517 1267 1598 1307 sint
1616 1266 1805 1307 vulnera.
1832 1267 2016 1320 Etenim,

165 1328 440 1370 Venerabiles
463 1329 645 1378 Fratres,
686 1344 771 1369 non
805 1328 944 1369 solum
976 1329 1254 1385 injustissima?
1283 1331 1361 1371 illae
1393 1331 1523 1388 leges,
1563 1331 1615 1371 de
1641 1331 1794 1387 quibus
1828 1330 2021 1373 dolenter

165 1392 296 1435 locuti
319 1409 478 1447 sumus,
518 1394 693 1434 minime
721 1394 896 1435 sublatsc
934 1393 1121 1447 suerunt,
1147 1411 1294 1436 verum
1332 1396 1461 1437 etiam
1493 1395 1583 1436 3113ὶ
1608 1396 1661 1436 31)
1698 1406 1880 1452 utroque
1909 1395 2021 1438 illius

166 1458 372 1500 Gubernii
395 1459 572 1500 consilio
596 1459 757 1516 legibus
774 1459 888 1500 feren
898 1459 958 1500 dis
982 1459 1211 1517 praeposito
1237 1471 1334 1501 sunt
1363 1459 1560 1511 conditae,
1583 1462 1736 1517 quibus
1758 1459 2021 1502 sanctissima

166 1523 377 1575 Ecclesiae,
405 1534 447 1564 et
462 1524 588 1578 hujus
613 1524 755 1564 Sancti
782 1523 902 1565 Sedis
918 1526 1012 1578 jura
1035 1527 1242 1580 majorem
1255 1526 1299 1565 in
1322 1525 1500 1566 modum
1518 1525 1743 1576 violantur,
1767 1541 2021 1584 oppugnan-

166 1599 248 1639 tur,
274 1600 315 1630 et
336 1589 649 1647 proculcantur.
678 1589 872 1645 Namque
905 1589 1015 1630 inter
1043 1589 1124 1630 alia
1158 1592 1248 1645 jam
1278 1590 1379 1631 inde
1408 1606 1432 1631 a
1466 1606 1610 1632 mense
1646 1590 1763 1632 Maio
1793 1591 2021 1648 superioris

166 1653 266 1694 anni
288 1653 356 1694 lex
374 1653 536 1712 prodiit
555 1664 703 1694 contra
719 1653 949 1709 Religiosas
970 1655 1184 1704 Familias,
1213 1670 1305 1711 quir
1327 1656 1396 1712 pie
1427 1656 1639 1705 institutae,
1668 1667 1864 1712 recteque
1888 1655 2021 1697 admi-

166 1717 349 1759 nistratae
370 1734 526 1776 magno
541 1719 792 1769 christianae,
808 1730 849 1759 et
863 1718 972 1759 civili
983 1719 1226 1776 reipublicae
1240 1718 1332 1760 usui
1350 1731 1391 1760 et
1409 1731 1662 1761 ornamento
1680 1736 1768 1761 esse
1781 1720 1936 1763 solent.
1956 1722 2015 1762 Ea

167 1784 282 1824 enim
302 1784 396 1842 lege
424 1783 699 1825 confirmatur
730 1783 921 1841 expulsio
953 1784 1158 1841 religiosa’
1187 1784 1407 1826 Societatis
1442 1787 1538 1826 Jesu
1565 1784 1769 1834 Familiae,
1800 1801 1892 1841 quae
1921 1785 2019 1827 illuc

164 1848 351 1906 primum
378 1850 588 1901 arcessita,
611 1864 658 1889 ac
681 1859 903 1906 tantopere
935 1861 1133 1906 exoptata
1158 1849 1211 1891 de
1234 1866 1278 1890 re
1300 1850 1522 1899 catholica,
1550 1860 1593 1890 et
1614 1849 1724 1890 civili
1750 1849 1834 1890 illic
1859 1851 2017 1906 optime

164 1915 439 1966 merebaturg
468 1925 595 1970 atque
619 1914 770 1955 eadem
790 1915 882 1972 lege
907 1925 1080 1963 vetatur,
1110 1930 1163 1956 ne
1187 1915 1273 1955 ulla
1309 1913 1353 1954 in
1376 1913 1733 1971 Neogranatensis
1761 1913 2019 1971 Reipublicae

170 1978 378 2020 territorio
399 1979 585 2020 Societas
604 1979 767 2020 institui
800 1980 947 2036 possit,
973 1995 1064 2035 quae
1093 1985 1294 2035 passim,
1330 1990 1375 2019 ut
1393 1979 1554 2029 dicunt,
1582 1979 1826 2019 obedientiae
1850 1979 2018 2020 vinculo

164 2042 428 2101 potissimum
453 2045 753 2102 obstringatur.
782 2045 958 2101 Insuper
988 2043 1140 2085 eadem
1177 2043 1268 2101 lege
1292 2042 1341 2084 iis
1368 2045 1567 2084 omnibus
1601 2044 1860 2102 promittitur
1895 2044 2017 2084 auxi-

165 2108 293 2157 lium,
336 2108 407 2164 qui
441 2124 463 2148 a
501 2121 696 2165 suscepto
735 2108 945 2165 religiosa*
980 2109 1074 2149 vitae
1121 2108 1312 2149 instituto
1354 2108 1549 2157 deficere,
1599 2124 1646 2148 ac
1685 2107 1890 2149 solemnia
1920 2119 2018 2149 vota

163 2171 357 2230 frangere
374 2173 529 2225 velint,
553 2190 601 2214 ac
620 2173 863 2215 Venerabili
888 2172 1023 2214 Fratri
1045 2173 1330 2225 Emmanueli,
1352 2173 1460 2214 1111115
1485 2172 1770 2215 ecclesiasticae
1791 2172 2019 2230 provinciae

163 2237 494 2295 Archiepiscopo
511 2239 846 2296 vigilantissimo,
873 2239 962 2279 viro
997 2240 1173 2279 summis
1196 2239 1362 2279 Nostris
1395 2249 1437 2278 et
1464 2238 1590 2293 hujus
1621 2236 1875 2294 Apostolicae
1899 2238 2018 2279 Sedis

164 2301 383 2358 praeconiis
402 2301 660 2353 decorando,
674 2302 940 2344 interdicitur
957 2318 1155 2344 exercere
1173 2303 1414 2344 facultatem
1432 2303 1469 2344 ei
1488 2303 1540 2343 ab
1558 2303 1637 2342 1130
1658 2301 1898 2359 Apostolica
1909 2303 2017 2346 Sede

159 2367 249 2419 jam
264 2366 364 2407 inde
398 2368 451 2406 ab
475 2383 586 2408 anno
610 2372 719 2410 1835
748 2370 967 2417 tributam⁷
1001 2368 1203 2409 visitandi
1233 2367 1389 2409 scilicet
1415 2368 1648 2423 Religiosas
1681 2366 1792 2408 illius
1832 2367 2016 2425 regionis

163 2430 361 2471 Familias
385 2442 427 2472 et
443 2432 680 2489 regularem
706 2432 956 2474 restituendi
979 2432 1265 2491 disciplinam.
1293 2433 1458 2473 Eodem
1479 2431 1659 2473 subinde
1678 2447 1822 2473 mense
1837 2444 1880 2473 et
1901 2449 2015 2474 anno

165 2496 245 2536 alia
273 2494 429 2536 sancita
463 2495 531 2536 lex
560 2508 634 2546 est,
661 2513 742 2554 qua
764 2497 1096 2539 ecclesiasticum
1129 2498 1274 2539 sorum
1302 2497 1354 2538 de
1386 2496 1529 2538 medio
1560 2498 1735 2538 omnino
1764 2497 1939 2546 tollitur,
1968 2513 2016 2540 ac

165 2559 417 2612 declaratur,
439 2575 583 2602 causas
603 2578 750 2603 omnes
771 2563 824 2603 ad
849 2562 965 2603 idem
985 2564 1124 2604 forum
1148 2562 1423 2620 pertinentes,
1453 2578 1500 2602 ac
1523 2562 1589 2603 vel
1609 2564 1719 2620 ipsas
1735 2573 1827 2603 tum
1840 2564 2016 2604 Archie-

163 2625 341 2682 piscopi,
374 2636 462 2665 tum
491 2627 800 2684 Episcoporum
825 2644 969 2669 causas
993 2629 1078 2669 sive
1103 2627 1245 2668 civiles
1268 2625 1353 2667 sive
1375 2626 1611 2667 criminales
1630 2639 1726 2668 ante
1755 2626 1916 2668 laicalia
1939 2628 2014 2669 tri-

164 2689 337 2731 bunalia
359 2690 412 2730 ab
435 2689 546 2730 illius
565 2691 821 2749 Reipublicae
839 2693 1153 2750 Magistratibus
1174 2692 1219 2732 in
1238 2702 1454 2748 posterum
1478 2707 1565 2733 esse
1595 2691 1862 2747 judicandas.
1888 2692 2012 2733 Post-

164 2754 359 2807 modum,
384 2753 452 2796 die
476 2770 628 2812 nempe
654 2756 855 2813 vigesima
889 2758 1064 2815 septima
1100 2755 1289 2811 ejusdem
1325 2757 1480 2797 mensis
1518 2757 1620 2797 Maii
1656 2772 1767 2797 anno
1803 2759 1931 2807 1851,
1959 2756 2013 2798 de

165 2820 367 2861 Parochis
395 2819 664 2860 nominandis
701 2821 967 2878 promulgata
996 2821 1066 2862 lex
1103 2832 1164 2862 est
1199 2837 1280 2877 qua
1313 2820 1542 2862 nationalia
1580 2821 1754 2862 consilia
1790 2822 2012 2862 mentitum

165 2883 401 2941 falsumque
428 2885 495 2939 jus
523 2883 774 2941 designandi
809 2887 1023 2927 Parochos
1067 2901 1090 2926 a
1122 2885 1307 2926 Pra⁸side
1344 2886 1454 2927 illins
1482 2886 1742 2944 Reipublicae
1778 2886 1832 2927 ad
1863 2900 2011 2942 quem-

167 2947 266 2990 dam
316 2948 601 3006 excogitatum
654 2949 949 2991 Parochialem
999 2951 1299 3003 Conventum,
1341 2966 1467 3007 quem
1527 2951 1708 2992 Cabildo
1755 2949 2012 3008 parroquial
2034 2986 2037 2989 ,

168 3014 398 3071 appellant,
420 3030 472 3055 ex
491 3015 691 3070 cujusque
710 3015 905 3055 Paroeciae
926 3014 1296 3072 patribusfamilias
1319 3017 1547 3072 praesertim
1565 3027 1856 3073 comparatum
1875 3025 2008 3054 trans-

166 3079 326 3129 ferunt,
350 3089 414 3130 ut,
441 3094 538 3120 cum
577 3078 715 3135 aliqua
747 3080 933 3120 Paroecia
970 3095 1046 3120 suo
1084 3079 1208 3120 fuerit
1236 3080 1428 3121 Parocho
1467 3081 1629 3129 orbata,
1665 3079 1734 3120 ille
1766 3081 2008 3119 Conventus

166 3157 328 3184 novum
345 3144 584 3185 Parochum
607 3142 839 3198 nominare·
856 3155 996 3200 queat.
1024 3143 1247 3200 Aliquibus
1270 3144 1444 3202 insuper
1474 3144 1660 3200 ejusdem
1698 3143 1800 3199 legis
1825 3140 2009 3181 articulis

168 3209 450 3263 prohibentur
466 3224 682 3251 sacrorum
720 3207 936 3250 Antistites
973 3207 1105 3250 ullum
1144 3224 1216 3250 seu
1239 3224 1363 3250 sacrae
1399 3208 1659 3257 visitationis,
1695 3222 1767 3248 seu
1791 3205 1873 3246 alio
1897 3220 2006 3261 quo-
