2135 3442
195 236 243 270 42
509 235 698 271 LETTRE
726 234 1065 281 APOSTOLIQUE
1093 234 1227 271 POUR
1255 235 1316 269 LE
1344 225 1528 269 JUBILE.
1588 233 1706 272 1846.

194 319 359 378 gentiis
391 320 452 366 ad
483 322 646 378 instar,
683 337 737 367 ac
771 337 1182 382 quorumcumque
1211 320 1470 376 ordinum,
1495 328 1546 364 *et
1579 320 2031 381 Congregationum

193 385 288 429 sive
312 388 601 431 Instutorum
624 386 761 431 etiam
783 387 1054 447 juramento
1076 385 1438 430 confirmatione
1458 383 1745 447 Apostolica,
1769 383 1842 429 vel
1860 387 2026 448 quavis

193 447 411 495 firmitate
438 449 527 495 alia
549 450 782 496 roboratis
808 451 988 496 statutis
1020 459 1063 495 et
1091 448 1530 507 consuetudinibus,
1561 448 1812 510 privilegiis
1834 465 2026 513 quoque

196 512 407 570 tndultis‚
436 524 480 559 et
514 516 694 560 Litteris
732 515 1010 578 Apostolicis
1041 514 1216 560 eisdem
1247 513 1522 565 Ordinibus,
1550 513 2022 574 Congregationibus,

193 587 238 622 et
276 579 498 625 Institutis
527 580 808 641 illorumque
838 580 1049 641 personis
1070 577 1432 640 quomodolibet
1456 579 1704 636 concessis,
1733 578 2023 641 approbatis,

192 653 236 686 et
274 644 524 699 innovatis,
561 644 733 705 quibus
766 643 1005 698 omnibus,
1034 653 1077 688 et
1104 643 1295 704 singulis
1331 643 1511 688 etiamsi
1541 642 1600 687 de
1631 643 1735 699 illis,
1764 658 2026 706 corumque

192 707 302 751 totis
331 707 591 765 tenoribus,
613 708 840 771 specialis,
869 707 1102 770 specifica,
1127 724 1342 770 expressa
1371 717 1417 753 et
1447 707 1712 766 individua,
1747 723 1842 752 non
1867 717 2026 754 autem

192 787 275 832 pet·
306 773 534 817 clausulas
570 773 807 834 generales
844 773 967 818 idem
1011 773 1335 835 importantes,
1367 772 1563 827 mentio,
1605 789 1687 817 seu
1725 772 1816 817 alia
1851 773 2026 835 quaevis

191 837 425 897 expressio
457 836 675 882 habenda
692 873 702 893 ,
734 848 815 882 aut
842 838 928 883 alia
962 837 1115 898 aliqua
1145 837 1373 899 exquisita
1400 837 1552 882 forma
1575 837 1639 882 ‚ad
1670 836 1764 882 hoc
1789 838 2027 884 servanda

191 899 333 959 foret,
369 901 557 946 illorum
596 911 778 947 tenores
810 901 1117 965 praesentibus
1151 918 1237 964 pro
1273 901 1559 947 sufficienter
1581 902 1822 963 expressi5‚
1850 918 1904 948 ac
1930 902 2026 947 for-

190 980 316 1009 mam
360 966 406 1010 in
456 966 509 1011 iis
550 966 768 1012 traditam
816 983 902 1029 pro
949 974 1129 1012 servata.
1170 966 1421 1023 habentes,
1470 966 1559 1012 hac
1601 967 1703 1012 vice
1741 966 2020 1029 specialiter,

189 1030 496 1088 nominatim,
532 1040 576 1075 et
602 1047 814 1093 expresse
849 1031 908 1077 ad
938 1031 1163 1077 effectum
1184 1032 1549 1094 praemissorum,
1574 1030 1877 1093 derogamus,
1901 1041 2026 1077 cete-

190 1094 344 1155 risque
375 1095 621 1140 contrariis
651 1095 1047 1158 quibuscumque.
1083 1099 1142 1140 Ut
1164 1106 1321 1142 autem
1343 1107 1595 1159 praesentes
1623 1098 1816 1153 Nostrae,
1837 1112 1941 1158 quae
1964 1097 2025 1143 ad

183 1158 370 1219 :singula
404 1159 507 1205 loca
532 1159 705 1204 deferri
735 1177 831 1205 non
862 1171 1077 1223 possunt,
1107 1160 1168 1207 ad
1190 1161 1407 1206 omni-um
1433 1161 1648 1207 notitiam
1675 1161 1857 1206 facilius
1883 1160 2023 1207 deve-

188 1223 347 1280 niant,
384 1224 627 1281 volumus,
673 1233 722 1268 ut
762 1225 1062 1287 praesentium
1104 1226 1456 1288 transsumptis,
1497 1226 1568 1271 vel
1615 1225 1841 1289 exempiis
1885 1226 2025 1271 etiam

186 1287 421 1348 impressis
454 1305 595 1334 manu
637 1288 832 1350 alicujus
862 1290 1038 1335 Notarii
1063 1290 1244 1352 publici
1267 1290 1539 1353 subscriptis
1562 1300 1607 1335 et
1635 1290 1791 1352 sigillo
1811 1306 2026 1352 personae

185 1352 233 1395 vin
263 1352 485 1414 dignitate
520 1353 839 1400 Ecclesiastica
869 1355 1132 1399 constitutae
1158 1356 1373 1413 munitis,
1411 1355 1698 1417 ubicumque
1728 1354 1947 1400 locorum
1974 1365 2025 1400 -e't

185 1417 395 1476 gentium
425 1417 590 1463 eadem
624 1435 818 1480 prorsus
850 1418 966 1463 fides
997 1418 1242 1477 habeatur,
1266 1438 1371 1483 quze
1395 1419 1647 1466 haberetur
1681 1421 1794 1483 ipsis
1820 1436 2027 1484 ,praesen—

187 1480 335 1536 tibus,
360 1482 396 1525 si
424 1484 574 1526 forent
599 1482 836 1540 exhibitae,
863 1483 937 1527 vel
965 1494 1177 1530 ostensae.

249 1547 422 1590 Datum
453 1549 609 1591 Romae.
635 1548 762 1609 apud
790 1549 1010 1592 Sanctam
1042 1550 1234 1595 Mariam
1270 1550 1494 1611 Majorem
1529 1548 1617 1595 sub
1654 1548 1832 1595 annulo
1874 1549 2026 1594 Pisca-

187 1609 324 1665 toris,
372 1610 447 1655 die
484 1613 565 1655 XX
606 1612 777 1657 mensis
818 1612 1090 1658 novembris
1130 1630 1257 1659 anno
1299 1616 1672 1672 MDCCCXLVI,
1721 1611 2024 1659 pontificatus

190 1675 339 1719 Nostri
365 1690 491 1719 anno
516 1676 689 1737 primo.

1216 1746 1264 1788 A.
1293 1746 1433 1788 CAm).
1462 1746 1824 1789 LAMBRuscmm.
