2135 3442
206 165 280 201 168
599 164 787 199 LETTRE
814 164 1127 210 ENCYCLIQUE
1155 164 1220 199 DE
1250 156 1503 199 GRFLGOIRE
1532 163 1636 199 XVI.

203 249 313 309 pulis
340 247 512 290 illaturi.
547 250 641 290 Huc
665 265 765 291 sane
798 249 1087 291 scelestissima
1119 248 1418 296 deliramenta,
1451 246 1710 305 consiliaque
1739 249 2036 308 conspirarunt

203 313 513 365 VValdensium,
545 315 881 372 Beguardorum,
913 313 1254 364 Wiclefistarum,
1293 313 1556 370 aliorumque
1585 312 1827 368 hujusmodi
1852 315 2034 356 filiorum

202 379 354 433 Belial,
382 380 454 437 qui
473 379 647 420 humani
671 380 836 437 generis
860 379 1006 420 sordes
1036 395 1084 421 ac
1107 379 1313 420 dedecora
1336 377 1467 429 fuere,
1489 377 1641 418 merito
1663 376 1818 419 idcirco
1841 379 1893 419 ab
1910 381 2035 437 Apo-

204 444 349 487 stolica
371 445 450 485 hac
475 444 583 486 Sede
614 444 738 485 toties
762 444 1032 485 anathemate
1053 444 1225 485 confixi.
1249 445 1339 486 Nec
1361 444 1438 484 alia
1460 442 1652 500 profecto
1671 458 1722 483 ex
1738 458 1861 484 causa
1887 460 2034 486 omnes

203 510 311 551 vires
337 509 566 551 intendunt
591 520 847 551 veteratores
872 508 954 559 isti,
990 510 1071 550 nisi
1100 520 1145 550 ut
1175 525 1271 550 cum
1308 508 1492 549 Luthero
1526 518 1700 549 ovantes
1729 507 1930 565 gratulari
1955 510 2035 550 sibi

204 575 382 632 possint,
406 574 558 615 liberos
577 590 622 615 se
637 590 725 614 esse.
742 574 793 614 ab
825 574 1015 614 omnibus
1033 589 1047 613 .·
1067 572 1186 630 quod
1208 584 1252 614 ut
1272 572 1431 614 facilius
1458 571 1713 629 celeriusque
1740 582 2032 629 assequantur,

204 638 470 698 flagitiosiora
487 639 683 696 quaelibet
707 638 982 679 audacissime
1005 638 1319 696 aggrediuntur.

262 705 411 761 Neque
431 705 590 746 laetiora
610 715 651 744 et
670 702 866 760 religioni
884 714 925 744 et
946 702 1202 760 principatui
1223 701 1401 744 ominari
1421 717 1653 759 possemus,
1672 717 1723 742 ex
1740 717 1886 742 eorum
1905 701 2031 752 votis,

206 769 278 826 qui
308 767 539 810 Ecclesiam
568 785 590 809 a
615 784 747 826 regno
777 769 980 825 separari,
1004 779 1278 824 mutuamque
1298 766 1463 824 imperii
1482 783 1577 808 cum
1602 766 1837 808 sacerdotio
1857 782 2036 808 concor-

205 833 319 875 diam
358 834 553 891 abrumpi
594 832 852 890 discupiunt.
896 833 1073 873 Constat
1108 832 1277 890 quippe,
1306 831 1542 890 pertimesci
1580 833 1632 872 ab
1663 831 2034 889 impudentissimae

205 897 411 939 libertatis
449 897 710 939 amatoribus
740 896 1016 938 concordiam
1050 897 1183 948 illam,
1215 913 1305 954 quae
1337 913 1503 954 semper
1528 896 1588 938 rei
1621 907 1662 938 et
1694 912 1819 938 sacrae
1852 907 1894 938 et
1929 895 2039 938 civili

205 961 341 1004 fausta
361 962 497 1004 extitit
515 978 562 1004 ac
587 961 793 1003 salutaris.

263 1058 322 1098 At
352 1057 405 1098 ad
431 1069 600 1099 caeteras
637 1055 922 1097 acerbissimas
955 1071 1119 1109 causas,
1141 1056 1296 1111 quibus
1321 1055 1487 1097 solliciti
1509 1072 1663 1106 sumus,
1695 1067 1735 1097 et
1759 1055 1801 1097 in
1823 1055 2040 1097 communi

207 1121 445 1163 discrimine
469 1121 616 1162 dolore
638 1120 856 1177 quodam
845 1121 1040 1177 angimur
1062 1120 1290 1192 praecipuO,
1328 1135 1533 1161 accessere
1565 1120 1901 1162 consociationes
1921 1135 2039 1190 quse-

205 1186 319 1237 dam,
362 1188 540 1243 statique
572 1196 716 1235 coetus,
755 1184 921 1242 quibus,
967 1185 1083 1241 quasi
1113 1184 1280 1241 agmine
1315 1185 1424 1225 facto
1451 1201 1547 1226 cum
1584 1188 1880 1242 cujuscumque
1913 1184 2041 1226 etiam

205 1252 317 1293 falsae
343 1251 555 1308 religionis
583 1266 629 1291 ac
661 1250 795 1291 cultus
818 1249 1112 1299 sectatoribus,
1135 1249 1331 1290 simulata
1350 1249 1552 1306 quidem
1543 1266 1585 1290 111
1600 1250 1847 1308 religionem
1864 1251 2037 1308 pietate,

205 1332 299 1358 vere
323 1327 463 1357 tamen
484 1315 696 1366 novitatis,
717 1314 1057 1371 seditionumque
1078 1313 1233 1372 ubique
1257 1314 1643 1372 promovendarum
1665 1313 1874 1372 cupidine,
1909 1314 2041 1355 liber-

206 1392 270 1422 tas
291 1381 426 1421 omnis
442 1381 605 1439 generis
625 1379 893 1438 praedicatur,
919 1380 1259 1437 perturbationes
1282 1381 1325 1420 in
1357 1395 1518 1421 sacram
1539 1391 1581 1422 et
1615 1379 1778 1421 civilem
1809 1394 1898 1421 rem
1928 1378 2041 1420 exci—

206 1456 361 1496 tantur,
388 1446 571 1486 sanctior
591 1445 789 1502 quaelibet
809 1444 1033 1486 auctoritas
1054 1444 1317 1502 discerpitur.

264 1511 364 1551 Haec
387 1510 625 1567 perdolenti
644 1526 742 1550 sane
763 1511 922 1560 animo,
940 1509 1118 1550 fidentes
1138 1520 1277 1550 tamen
1298 1511 1340 1550 in
1360 1511 1422 1550 Eo
1445 1511 1515 1567 qui
1533 1512 1713 1569 imperat
1732 1509 1866 1551 ventis
1886 1519 1926 1551 et
1944 1509 2043 1550 facit

209 1574 573 1632 tranquillitatem,
597 1574 817 1615 scribimus
843 1574 895 1614 ad
917 1590 1009 1625 vos,
1029 1574 1302 1614 venerabiles
1324 1576 1503 1626 Fratres,
1531 1586 1577 1615 ut
1600 1574 1738 1615 induti
1759 1585 1923 1616 scutum
1943 1573 2042 1614 fidei

211 1639 474 1682 contendatis
492 1638 669 1697 praeliari
693 1650 862 1680 strenue
884 1638 1024 1696 praelia
1044 1637 1231 1680 Domini.
1256 1638 1325 1679 Ad
1346 1655 1418 1679 vos
1442 1639 1712 1696 potissimum
1729 1640 1911 1697 pertinet
1931 1649 2041 1679 stare

210 1721 289 1762 pro
313 1721 433 1746 muro
456 1716 604 1746 contra
624 1720 796 1745 omnem
817 1703 1083 1745 altitudinem
1106 1704 1379 1745 extollentem
1411 1720 1452 1745 se
1477 1704 1674 1745 adversus
1703 1703 1922 1745 scientiam
1942 1701 2038 1744 Dei.

208 1770 374 1811 Exerite
399 1770 584 1827 gladium
609 1768 791 1826 spiritus,
823 1768 940 1826 quod
961 1779 1021 1809 est
1044 1770 1221 1810 verbum
1246 1768 1337 1819 Dei,
1372 1770 1639 1825 habeantque
1678 1785 1699 1809 a
1729 1767 1848 1809 vobis
1868 1783 2039 1824 panem,

208 1836 279 1891 qui
299 1835 488 1876 esuriunt
501 1835 723 1890 justitiam.
748 1834 923 1884 Adsciti,
942 1845 989 1875 ut
1007 1835 1090 1875 sitis
1109 1834 1286 1875 cultores
1310 1833 1403 1874 navi
1426 1834 1467 1873 111
1485 1833 1605 1874 vinea
1623 1832 1809 1882 Domini,
1838 1831 1882 1872 id
1906 1847 2041 1872 unum

210 1898 334 1957 agite,
367 1901 410 1940 111
434 1900 513 1941 1100
547 1899 670 1940 51111111
694 1899 902 1950 laborate,
939 1910 985 1940 ut
1014 1899 1133 1939 radix
1155 1899 1352 1955 quaelibet
1376 1898 1667 1939 amaritudinis
1701 1914 1753 1938 ex
1781 1912 1882 1954 agro
1913 1895 2041 1937 vobis

210 1964 433 2006 commisso
455 1964 669 2014 evellatur,
693 1963 894 2020 omnique
914 1975 1086 2004 enecato
1111 1963 1269 2004 semine
1297 1962 1510 2012 vitiorum,
1545 1962 1808 2004 convalescat
1833 1960 1893 2002 ibi
1926 1976 2043 2019 seges

209 2028 300 2070 laeta
322 2031 537 2070 virtutum.
561 2030 644 2070 Eos
662 2029 704 2069 in
729 2028 875 2086 primis
894 2028 1044 2070 affectu
1060 2040 1237 2086 paterno
1258 2027 1483 2085 complexi,
1502 2027 1573 2085 qui
1589 2027 1642 2068 ad
1658 2042 1792 2068 sacras
1807 2024 2041 2084 praesertim

211 2092 467 2150 disciplinas,
504 2105 544 2134 et
572 2093 624 2134 ad
656 2093 967 2151 philosophicas
1008 2094 1258 2150 quaestiones
1300 2092 1486 2134 animum
1525 2092 1741 2150 appulere,
1784 2092 2038 2138 hortatores,

211 2169 483 2215 auctoresque
501 2158 649 2200 iisdem
667 2158 767 2209 sitis,
792 2174 843 2199 ue
866 2158 994 2199 solius
1012 2158 1168 2217 ingenii
1196 2157 1258 2199 sui
1280 2157 1438 2199 viribus
1461 2156 1556 2198 freti
1581 2156 1872 2215 imprudenter
1894 2171 1917 2195 a
1933 2153 2041 2195 veri-

210 2223 306 2264 tatis
327 2224 472 2265 semita
493 2223 536 2264 111
558 2224 668 2265 viam
699 2224 851 2264 abeant
871 2223 1115 2281 impiorum.
1140 2224 1425 2273 Meminerint,
1452 2225 1589 2264 Deum
1613 2237 1699 2263 esse
1721 2225 1938 2277 sapientiae
1961 2219 2040 2258 clu-

211 2304 313 2338 cem,
334 2289 716 2346 ememlcztoremque
738 2294 991 2345 sapientium
1014 2288 1042 2339 ¹,
1070 2304 1116 2329 ac
1137 2288 1225 2329 fieri
1245 2304 1332 2329 non
1349 2304 1489 2345 posse,
1512 2298 1558 2328 ut
1583 2286 1670 2328 sine
1694 2287 1784 2326 Deo
1805 2286 1944 2326 Deum
1961 2283 2041 2324 dis-

211 2368 369 2404 camus,
402 2354 472 2409 qui
502 2369 578 2410 per
609 2354 797 2394 Verbum
828 2353 951 2395 docet
982 2354 1176 2394 homines
1212 2354 1316 2394 scire
1336 2355 1476 2408 *Deum
1498 2352 1529 2393 ².
1559 2349 1755 2408 Superbi,
1791 2365 1862 2390 seu
1898 2349 2041 2406 potius

211 2415 444 2474 insipientis
463 2418 644 2458 hominis
665 2430 739 2468 est,
766 2417 864 2459 fidei
904 2417 1121 2476 mysteria,
1155 2433 1249 2474 (111ῑο
1276 2426 1531 2474 exsuperant
1560 2430 1730 2455 omnem
1751 2429 1934 2464 sensum,
1958 2413 2040 2454 hu-

211 2483 346 2523 manis
363 2482 602 2524 examinare
619 2482 896 2540 ponderibus,
920 2494 1157 2538 nostraeque
1175 2481 1328 2523 mentis
1345 2480 1497 2522 rationi
1515 2479 1743 2530 confidere,
1765 2495 1857 2537 quae
1878 2488 2040 2520 naturae

214 2547 408 2587 humanae
434 2546 676 2588 conditione
697 2547 848 2588 debilis
865 2559 927 2589 est
949 2559 991 2589 et
1009 2547 1191 2589 infirma.

270 2747 476 2787 Caeterum
499 2746 793 2788 communibus
818 2746 931 2788 hisce
955 2747 1063 2787 votis
1083 2762 1160 2804 pro
1183 2747 1244 2787 rei
1277 2756 1319 2786 et
1339 2761 1465 2786 sacrae
1486 2756 1527 2785 et
1544 2744 1722 2802 publicae
1745 2742 2038 2786 incolumitate

210 2810 441 2852 charissimi
469 2810 511 2852 in
541 2811 707 2852 Christo
738 2811 815 2852 filii
848 2810 978 2852 nostri
999 2809 1074 2852 viri
1096 2810 1302 2868 principes
1325 2825 1398 2851 sua
1419 2810 1584 2851 faveant
1605 2825 1684 2868 ope
1705 2820 1747 2851 et
1770 2808 2031 2859 auctoritate,

210 2892 336 2933 quam
362 2875 440 2917 sibi
462 2875 657 2917 collatam
672 2875 940 2917 considerent
955 2891 1044 2916 non
1062 2875 1198 2916 solum
1215 2874 1269 2915 ad
1292 2874 1438 2916 mundi
1459 2876 1665 2933 regimen,
1692 2874 1765 2916 sed
1788 2873 1967 2916 maxime
1983 2873 2037 2915 ad

211 2941 404 2983 Ecclesiae
424 2940 684 2999 praesidium.
724 2940 1078 2982 Animadvertant
1112 2940 1273 2994 sedulo,
1299 2956 1377 2998 pro
1405 2940 1574 2981 illorum
1605 2939 1785 2997 imperio
1819 2949 1861 2979 et
1895 2937 2036 2994 quiete

211 3006 316 3064 geri,
347 3005 554 3064 quidquid
577 3022 654 3063 pro
684 3005 877 3047 Ecclesiae
913 3005 1043 3046 salute
1067 3005 1311 3058 laboratur3
1345 3004 1432 3046 imo
1456 3004 1585 3063 pluris
1609 3004 1687 3046 sibi
1709 3003 1913 3046 suadeant
1936 3002 2036 3044 fidei

259 3158 290 3188 1.
319 3155 400 3200 Sap.
425 3166 491 3196 vn,
516 3156 570 3188 15.

257 3204 291 3236 2.
319 3201 353 3237 S.
374 3203 540 3243 Irenaeus,
558 3200 619 3234 lib.
639 3200 701 3233 IV.
722 3213 798 3246 cap.
820 3213 854 3235 x.
