2135 3442
783 277 834 312 IV
862 277 1096 313 OCTOBRIS
1125 275 1443 312 MDCCCXLVII.

502 513 568 581 S.
617 513 684 580 S.
737 514 1047 581 DOMINI
1096 513 1411 582 NOSTRI
1458 512 1579 580 PII
1628 512 1718 578 IX

922 676 1297 728 ALLOCUTIO

514 819 557 844 IN
591 818 865 844 CONSISTORIO
894 818 1074 844 SECRETO
1115 820 1133 850 4
1170 818 1366 844 OCTOBRIS
1405 815 1507 853 1847
1546 816 1720 843 HABITA.

873 926 1149 967 Venerabiles
1173 927 1364 979 Fratres,

255 1036 442 1094 Quisque
465 1046 666 1089 vestrum,
692 1034 969 1077 Venerabiles
986 1036 1166 1086 Fratres,
1189 1036 1347 1093 optime
1371 1037 1508 1078 noscit
1530 1036 1684 1093 quibus
1705 1036 1951 1094 quantisque
1971 1035 2037 1078 di-

198 1103 302 1144 vinae
323 1112 476 1143 nostrae
495 1099 708 1158 religionis
728 1099 1009 1150 documentis,
1030 1102 1397 1158 monumentisque
1417 1100 1713 1159 Hierosolyma
1735 1101 1853 1152 urbs,
1879 1112 1920 1142 et
1942 1100 2039 1141 uni-

198 1184 317 1210 versa
332 1166 566 1208 Palaestinae
586 1165 702 1223 regio
727 1164 970 1206 mirandum
990 1166 1033 1206 in
1051 1165 1231 1206 modum
1248 1165 1434 1222 undique
1451 1165 1703 1224 refulgeant,
1729 1186 1744 1201 «
1770 1165 1843 1208 ubi
1863 1177 1904 1206 et
1919 1166 2036 1215 visui,

206 1255 220 1269 «
249 1244 289 1275 et
304 1233 431 1274 tactui
453 1247 495 1272 se
518 1241 606 1271 tota
630 1229 830 1288 ingerunt
847 1230 1046 1271 humanae
1063 1241 1322 1271 sacramenta
1348 1230 1490 1271 salutis
1505 1230 1536 1272 ¹.
1561 1251 1578 1265 »
1615 1229 1830 1287 Siquidem
1853 1230 1912 1271 ibi
1931 1230 2042 1270 Uni-

201 1298 365 1355 genitus
388 1296 466 1337 Dei
482 1294 612 1337 Filius
631 1295 818 1336 Christus
833 1295 854 1335 J
858 1310 950 1336 esus
973 1295 1177 1335 Dominus
1196 1295 1349 1336 Noster
1372 1306 1547 1353 propter
1564 1295 1756 1344 nimiam,
1776 1310 1859 1351 qua
1880 1310 1958 1335 nos
1976 1294 2042 1336 di-

202 1363 318 1415 lexit,
333 1361 547 1402 caritatem
565 1360 818 1400 obumbrata
828 1360 1067 1401 Divinitatis
1086 1375 1171 1400 suae
1189 1361 1423 1416 majestate,
1445 1360 1638 1402 servilem
1655 1359 1835 1400 formam
1855 1358 2042 1410 indutus,

204 1437 245 1467 et
265 1427 307 1467 in
329 1424 647 1467 similitudinem
671 1425 895 1466 hominum
919 1425 1049 1466 factus
1070 1441 1120 1466 ex
1144 1426 1301 1467 intacta
1327 1424 1531 1466 Davidica
1552 1425 1727 1483 Virgine
1746 1423 1878 1476 nasci,
1894 1424 2045 1465 vitam-

204 1506 285 1548 que
308 1506 428 1532 suam
445 1505 583 1547 agere,
611 1505 657 1530 ac
681 1505 833 1547 magna
853 1489 1054 1531 miracula
1075 1491 1240 1548 operari
1265 1502 1327 1532 est
1352 1490 1545 1549 dignatus
1560 1522 1570 1541 ,
1596 1490 1790 1531 tribuens
1817 1487 2048 1547 peccatori-

204 1558 283 1598 bus
303 1554 654 1604 misericordiam,
679 1554 798 1612 aegris
814 1555 1006 1605 salutem,
1035 1556 1270 1596 errantibus
1292 1557 1534 1606 veritatem,
1560 1555 1677 1596 caecis
1695 1554 1847 1606 lucem,
1872 1552 2048 1595 mortuis

207 1621 347 1661 vitam.
372 1620 437 1660 Ibi
460 1618 514 1660 ad
539 1619 782 1659 universum
802 1620 1038 1661 humanum
1057 1636 1188 1677 genus
1209 1636 1231 1660 a
1253 1619 1415 1678 peccati
1429 1621 1547 1678 jugo,
1576 1631 1617 1661 et
1640 1619 1846 1661 daemonis
1871 1620 2048 1677 captivi-

205 1696 288 1725 tate
304 1682 606 1725 vindicandum
628 1682 894 1725 saevissimam
915 1686 1169 1742 passionem,
1186 1684 1580 1742 acerbissimamque
1595 1684 1738 1726 Crucis
1758 1696 1938 1726 mortem
1957 1700 2049 1726 sus-

207 1748 332 1790 tinuit
349 1747 600 1790 confusione
616 1758 874 1806 contempta,
897 1764 944 1790 ac
957 1761 1054 1807 post
1068 1750 1254 1790 triduum
1273 1772 1289 1785 «
1306 1748 1479 1790 devictae
1492 1749 1638 1790 mortis
1648 1749 1788 1807 spoliis
1799 1748 2010 1802 onustus²,
2029 1769 2046 1784 »

208 1813 349 1855 divina
371 1828 445 1854 sua
468 1812 658 1868 potentia
689 1813 942 1867 resurrexit,
974 1815 1032 1855 ibi
1063 1813 1337 1872 quadraginta
1371 1813 1532 1855 dierum
1562 1815 1696 1872 spatio
1734 1814 1881 1871 saepius
1917 1829 2051 1871 appa-

207 1894 304 1920 rens
329 1877 543 1936 discipulis
566 1879 666 1929 suis,
691 1894 737 1918 ac
757 1877 933 1935 loquens
952 1878 1003 1919 de
1030 1895 1162 1937 regno
1182 1880 1274 1929 Dei,
1296 1890 1520 1937 postquam
1543 1878 1635 1919 illos
1655 1879 1699 1918 in
1719 1876 1802 1919 fide
1826 1889 1866 1919 et
1882 1880 2052 1919 caritate

206 1943 451 1993 roboravit,
482 1943 622 1999 eisque
657 1944 883 2000 praecepit,
922 1954 968 1984 ut
1002 1955 1147 1985 euntes
1184 1945 1227 1985 in
1265 1943 1472 1985 mundum
1505 1943 1747 1985 universum
1774 1942 2053 2001 praedicarent

206 2007 484 2065 Evangelium
501 2006 618 2048 omni
642 2018 859 2061 creaturae,
880 2024 927 2049 ac
950 2008 1151 2050 docerent
1169 2025 1330 2051 servare
1353 2010 1497 2050 omnia
1516 2024 1790 2067 quoecumque
1807 2008 1907 2066 ipsis
1928 2025 2053 2050 man-

209 2072 407 2122 daverat,
438 2073 601 2129 magnis
626 2072 818 2113 revelatis
847 2073 1080 2130 mysteriis,
1113 2073 1359 2132 magnisque
1386 2074 1644 2115 confirmatis
1675 2073 1949 2115 sacramentis
1966 2106 1976 2126 ,
2007 2075 2051 2115 in

207 2147 435 2194 conspectu
471 2147 628 2177 sanctae
660 2136 942 2179 multitudinis
975 2139 1257 2196 triumphans,
1279 2151 1321 2180 et
1347 2140 1554 2197 captivam
1578 2139 1735 2180 ducens
1766 2137 2050 2195 captivitatem

208 2217 332 2259 super
349 2216 496 2242 omnes
513 2201 640 2242 coelos
659 2201 711 2242 ad
737 2202 952 2243 dexteram
973 2204 1052 2244 Dei
1072 2204 1207 2245 Patris
1228 2220 1498 2245 consessurus
1517 2203 1751 2245 adscendit.
1769 2203 1899 2244 Ibiad
1918 2205 2054 2261 Apos-

206 2266 317 2307 tolos
360 2281 455 2306 suos
496 2266 796 2308 illuminandos
810 2299 819 2317 ,
867 2268 1226 2320 corroborandos,
1269 2280 1393 2326 atque
1435 2269 1490 2310 ad
1517 2267 1805 2310 renovandam
1831 2280 1951 2309 terrae
1987 2267 2051 2309 fa-

209 2329 333 2382 ciem,
362 2341 604 2387 veteresque
633 2331 827 2372 tenebras
868 2332 1098 2390 abigendas
1130 2335 1256 2375 misso
1283 2345 1428 2375 sancto
1464 2332 1671 2375 Paraclito
1704 2332 1874 2390 Spiritu,
1900 2332 2047 2383 voluit,

209 2405 256 2435 ut
279 2394 473 2452 Apostoli
506 2395 558 2435 ab
595 2396 886 2453 Hierosolyma
917 2398 1006 2454 ipsa
1046 2398 1150 2438 urbe
1180 2398 1432 2456 evangelicae
1466 2396 1773 2455 praedicationis
1808 2413 1912 2454 opus
1940 2396 2053 2438 ordj-

209 2469 370 2510 rentur,
399 2470 624 2516 antequam
642 2459 684 2500 in
709 2476 882 2503 omnem
906 2461 1241 2520 dispergerentur
1259 2464 1422 2504 orbem.
1449 2463 1551 2514 Quae
1571 2477 1667 2502 cum
1689 2463 1745 2503 ita
1771 2463 1869 2513 sint,
1897 2462 2050 2503 merito

213 2533 337 2580 atque
358 2525 521 2580 optimo
543 2525 634 2579 jure
667 2525 881 2566 christiani
904 2526 1049 2583 populi
1072 2539 1216 2569 sancta
1248 2527 1358 2568 illius
1385 2528 1567 2584 regionis
1603 2526 1695 2568 loca
1723 2527 1840 2568 omni
1862 2527 2047 2584 pietatis,

212 2588 424 2646 religionis
451 2600 491 2629 et
520 2591 801 2631 venerationis
827 2589 980 2631 affectu
1001 2607 1165 2648 semper
1187 2603 1284 2633 sunt
1315 2591 1538 2649 prosecuti.
1566 2592 1795 2648 Postquam
1823 2607 1922 2632 vero
1954 2591 2051 2632 tris-

213 2653 383 2694 tissimis
403 2669 543 2695 rerum
559 2669 604 2694 ac
622 2665 859 2712 temporum
870 2655 1031 2696 vicibus
1055 2658 1249 2713 regiones
1262 2657 1342 2697 illae
1364 2672 1386 2697 e
1402 2656 1724 2697 christianorum
1742 2658 2050 2714 Imperatorum

215 2716 506 2759 dominatione
549 2719 730 2775 abreptae
772 2719 903 2773 fuere,
952 2721 1136 2761 Romani
1173 2722 1396 2762 Pontifices
1436 2722 1682 2763 Decessores
1709 2723 1865 2771 Nostri,
1906 2727 1949 2763 et
1983 2736 2050 2761 ca-

214 2782 358 2823 tholicl
375 2771 583 2841 principes
597 2784 868 2825 vehementer
888 2795 1081 2841 optantes
1092 2785 1344 2842 gravissimis
1369 2785 1557 2827 fidelium
1579 2788 1893 2828 necessitatibus
1908 2800 2051 2827 occur-

216 2862 323 2898 rere,
344 2863 500 2905 eosque
523 2849 575 2888 ab
593 2849 855 2903 injustissima
877 2860 918 2889 et
939 2849 1240 2899 crudelissima,
1262 2866 1342 2907 qua
1360 2852 1676 2908 premebantur,
1701 2853 1897 2893 servitute
1912 2849 2051 2890 vindi-

216 2928 326 2963 care,
353 2914 480 2954 variis
497 2914 757 2970 temporibus
779 2914 881 2953 nihil
897 2914 1147 2955 intentatum
1170 2915 1444 2971 reliquerunt,
1468 2927 1513 2957 nt
1528 2916 1620 2957 loca
1640 2918 1727 2974 ipsa
1751 2918 1804 2957 ab
1818 2914 2051 2956 infidelium

218 2976 425 3035 eriperent
440 2989 661 3035 potestate.
688 2978 796 3018 Hinc
818 2978 1195 3035 Hierosolymitana
1219 2980 1415 3030 Ecclesia,
1437 2982 1502 3021 cui
1524 2981 1575 3021 ab
1597 2981 1845 3022 Innocentio
1862 2980 1922 3021 III
1942 2980 2052 3021 Prae-

329 3159 365 3194 S.
393 3159 523 3193 Leonis
543 3159 652 3205 Epist.
671 3159 714 3192 ad
734 3161 891 3194 Juvenal,
914 3161 1047 3206 Espisc.
1069 3161 1328 3207 Hierosolyinit.

329 3208 363 3242 S.

269 3163 302 3193 l.

267 3208 299 3242 2.
383 3208 539 3243 Anselm.
562 3219 665 3242 serm.
689 3211 731 3242 52
750 3207 791 3240 sle
812 3208 965 3243 Pasclzut,
