2135 3442
538 221 825 287 BULLA
892 218 1639 286 CONFIRMATIONIS

835 392 1343 444 CONVENTIONIS.

479 536 547 561 mn
580 536 687 562 >ivm
723 535 942 560 KALENDAS
973 535 1222 561 SEPTEMBmS
1262 533 1364 562 1801
1403 536 1683 563 PROMULGATA

697 599 951 626 NoririeATA
984 601 1055 625 DIE
1090 605 1110 636 9
1146 601 1307 627 Armms
1345 597 1473 628 1802.

159 828 236 863 Nos
268 828 434 863 Joannes
459 825 640 876 Baptista,
663 825 781 862 Tituli
805 824 936 862 Sancti
958 824 1200 876 Honuphrii,
1233 833 1370 862 sanctae
1393 826 1576 861 Romanae
1602 823 1779 861 Ecclesiae
1803 822 2010 873 Presbyter

211 884 423 922 Cardinalis
445 887 627 931 CAPRARA,
650 884 1001 935 Archiepiscopus,
1025 884 1238 935 Episcopus
1253 883 1421 929 AEsinus‚
1441 882 1673 921 Sanctissimi
1696 882 1852 920 Domini
1881 882 2010 920 Nostri

210 943 268 980 Pii
288 946 402 995 Papae
424 946 510 989 Vll,
534 952 572 980 et
592 946 738 980 Sanctae
758 943 866 980 Sedis
886 943 1124 994 Apostolicae
1147 943 1195 980 ad
1214 942 1387 980 Primum
1414 943 1623 980 Galliarum
1648 941 1885 994 Reipublicae
1904 945 2010 980 Con-

212 1002 330 1039 sulem
349 1016 371 1039 a
392 1003 507 1039 latere
524 1005 705 1051 Legatus,

556 1099 746 1135 Universis
769 1100 981 1134 Galliarum
1006 1100 1176 1147 PopulIS,
1203 1101 1369 1136 Salutem
1388 1102 1427 1133 in
1450 1100 1620 1136 Domino.

213 1194 305 1240 Quae
337 1191 539 1244 prcecipuae
560 1192 716 1228 fuerunt
735 1191 968 1229 Sanctissimi
989 1191 1149 1229 Domini
1171 1192 1300 1229 Nostri
1321 1192 1358 1229 in
1378 1191 1462 1243 ipso
1492 1191 1548 1228 sui
1581 1191 1828 1242 Apostolatus
1847 1184 2009 1229 exordio

160 1250 450 1299 sollicitudines,
473 1252 578 1302 quod
600 1251 772 1288 omnium
793 1251 986 1288 honorum
1016 1251 1113 1288 votis
1142 1251 1290 1298 jamdiu
1317 1250 1586 1302 expetebatur,
1619 1250 1721 1301 quod
1749 1264 1770 1287 a
1796 1249 1906 1287 vobis
1932 1259 2009 1287 tam

157 1309 315 1346 incenso
333 1310 459 1347 studio
481 1309 803 1361 concupiebatur,
826 1319 867 1347 ut
891 1319 978 1362 post
1009 1319 1131 1348 tantas
1152 1310 1388 1347 calamitates
1409 1323 1494 1359 quae
1519 1323 1605 1346 cum
1631 1309 1799 1360 publica,
1827 1308 2010 1346 christia-

159 1381 247 1405 nam
265 1382 420 1418 quoque
444 1383 526 1406 rem
544 1369 764 1406 afflixerunt
784 1369 823 1405 in
841 1369 991 1415 Galliis,
1014 1370 1095 1406 liaec
1112 1370 1269 1406 demum
1294 1369 1334 1406 in
1356 1367 1635 1406 florentissimis
1664 1368 1770 1405 hisce
1788 1367 2009 1417 regionibus

159 1427 442 1475 restitueretur,
473 1437 620 1465 tantuin
657 1427 761 1465 istud
781 1428 941 1476 bonum,
964 1428 1095 1465 divina
1114 1429 1269 1465 tandem
1290 1429 1441 1466 favente
1474 1426 1610 1479 gratia,
1642 1427 1844 1464 advenisse
1874 1426 2008 1475 vohis,

160 1485 371 1524 Galliarum
391 1486 545 1538 Populi,
570 1501 719 1524 summa
741 1501 829 1524 cum
851 1489 1057 1525 exultantis
1083 1487 1200 1524 animi
1228 1486 1489 1525 consolatione
1512 1486 1748 1524 nuntiamus.
1772 1485 2012 1538 Apostolicas

160 1545 350 1595 siquidem
369 1546 438 1583 sub
458 1546 619 1597 plumbo
636 1546 800 1584 Litteras
827 1547 1028 1584 Pontificio
1049 1547 1205 1584 nomine
1223 1546 1477 1598 publicamus,
1502 1546 1540 1583 in
1559 1545 1700 1596 quibus
1721 1545 1935 1584 Conventio
1949 1545 2012 1582 in-

163 1613 220 1642 ter
252 1607 498 1642 Sanctitatem
518 1608 633 1642 Suam
653 1614 691 1643 et
709 1606 946 1657 Reipublicae
966 1614 1101 1643 vestrae
1119 1606 1360 1643 Gubernium
1379 1604 1533 1643 Parisiis
1555 1604 1650 1642 inita
1674 1604 1896 1642 solemniter
1913 1617 2010 1642 con-

163 1664 352 1703 firmatur.
365 1664 432 1701 His
451 1664 489 1701 in
509 1664 663 1702 Litteris
685 1678 769 1714 quae
791 1665 838 1701 ad
857 1665 1151 1702 instaurandum
1170 1665 1207 1702 in
1225 1666 1357 1703 Galliis
1374 1664 1569 1715 publicum
1589 1664 1791 1702 Catholicae
1802 1663 2011 1715 Religionis

162 1723 322 1768 cultum,
347 1736 407 1759 res
426 1722 711 1760 Ecclesiasticas
734 1725 1038 1774 componendas,
1058 1737 1199 1773 easque
1219 1724 1258 1760 in
1274 1724 1467 1770 universo,
1492 1723 1653 1772 qualate
1670 1737 1773 1759 nunc
1788 1721 2011 1774 patet,Rei-

158 1781 326 1833 publicae
344 1780 557 1825 territorio,
593 1782 643 1817 ad
663 1781 834 1817 eamdem
858 1782 1020 1818 formam
1045 1790 1158 1831 atque
1195 1781 1370 1818 ordinem
1395 1782 1631 1818 revocandas
1651 1794 1673 1818 a
1701 1781 1907 1818 Sanctitate
1937 1783 2012 1818 Sua

161 1841 367 1877 constituta
382 1847 484 1884 sunt,
499 1839 799 1876 luculentissime
818 1840 1078 1877 continentur.
1099 1844 1152 1876 Ea
1165 1848 1208 1877 ut
1228 1839 1368 1877 rationi
1385 1840 1559 1877 locorum
1573 1853 1616 1876 ac
1631 1848 1848 1891 temporum
1859 1853 2012 1877 accom-

162 1900 351 1945 modaret,
374 1911 450 1934 una
471 1898 560 1935 fecit
578 1898 755 1935 Ecclesiae
784 1898 942 1942 utilitas,
967 1900 1164 1936 servandae
1192 1901 1358 1937 Um'tatz's
1386 1898 1570 1943 studium,
1601 1908 1638 1935 et
1659 1899 1875 1936 animarum
1895 1898 2009 1936 salus.

163 1957 238 2006 Qui
265 1959 355 1994 inde
374 1971 498 1994 novus
521 1965 684 2008 exurget
714 1971 844 1994 rerum
874 1957 1228 1995 Ecclesiasticarum
1250 1960 1362 2005 ordo,
1381 1956 1412 1994 is
1437 1958 1628 2009 profecto,
1655 1957 1685 1994 si
1706 1971 1792 1994 cum
1819 1958 2013 2008 praeterita

162 2030 293 2054 rerum
315 2015 605 2067 perturbatione
627 2024 891 2067 comparetur,
912 2016 995 2053 fieri
1018 2031 1095 2054 non
1116 2026 1256 2068 potest,
1279 2017 1370 2067 quin
1393 2030 1525 2053 omncs
1554 2025 1659 2053 tanto
1685 2016 1836 2054 meliori
1864 2016 2013 2063 objecta

164 2075 380 2113 christianae
417 2075 472 2112 rei
493 2074 715 2112 conditione
744 2084 983 2116 recreentur.
1017 2079 1109 2124 Quae
1131 2076 1231 2114 enim
1254 2077 1333 2113 fere
1354 2075 1569 2127 deperdita,
1601 2075 1640 2112 in
1663 2075 1811 2123 Galliis,
1841 2075 2013 2112 omnium

164 2134 284 2172 oculis
310 2134 526 2182 videbatur,
548 2148 592 2172 ea
609 2148 711 2172 nunc
731 2135 910 2186 praesidio
931 2138 1090 2186 Legum,
1114 2136 1368 2187 Supremique
1389 2134 1600 2185 Regiminis
1621 2134 1846 2172 auctoritate
1872 2133 2013 2172 mirum

162 2194 203 2231 in
221 2194 377 2230 modum
399 2193 605 2231 reviviscit.
629 2193 780 2231 Primus
799 2208 889 2232 vero
908 2194 1146 2245 Reipublicae
1165 2203 1302 2232 vestrae
1323 2194 1479 2241 Consul,
1500 2194 1605 2241 cujus
1626 2192 1829 2245 praecipuae
1848 2193 1889 2231 in
1909 2202 2015 2231 tanta

163 2253 236 2289 hac
258 2252 418 2290 utilitate
438 2251 549 2289 vobis
567 2254 829 2303 comparanda
848 2262 978 2305 partes
997 2255 1171 2301 fuerunt,
1192 2255 1331 2304 cuique
1359 2254 1488 2290 datum
1510 2253 1660 2290 videtur
1684 2261 1727 2290 ut
1749 2252 1895 2290 afflictae
1919 2253 2012 2291 Gal-

165 2311 226 2347 liae
257 2311 574 2362 tranquillitatem
612 2321 649 2349 et
688 2311 866 2349 ordinem
895 2312 1127 2359 restitueret,
1169 2312 1375 2350 Catliolicae
1404 2311 1630 2361 Religionis,
1671 2312 1920 2350 Constantino
1960 2311 2016 2348 illi

166 2382 306 2419 magno
326 2370 554 2418 simillimus,
574 2370 800 2421 praesidium
819 2370 990 2419 effectus,
1013 2371 1316 2421 gloriosissiman
1338 2371 1377 2408 in
1397 2370 1675 2409 Ecclesiasticis
1696 2371 1906 2409 Galliarum
1928 2385 2015 2409 mo·

166 2429 358 2466 numentis
399 2429 560 2466 istorum
599 2438 819 2481 temporum
860 2430 1170 2468 recordationem
1202 2440 1258 2469 est
1297 2430 1514 2468 relicturus.
1545 2429 1719 2480 Excipite
1752 2431 1869 2480 igitur
1903 2430 2012 2478 laetae‚

168 2496 362 2538 grataeque
383 2488 519 2525 mentis
541 2489 670 2526 officio
699 2490 941 2541 Apostolicas
970 2491 1135 2528 Litteras
1166 2505 1260 2541 quas
1291 2489 1550 2528 nuntiavimus
1589 2489 1720 2537 vobis,
1752 2503 1923 2540 quasque
1950 2489 2013 2527 hic

169 2547 404 2595 subjicimus.

260 2802 360 2843 PIUS
392 2802 636 2853 EPISCOPUS,
673 2819 826 2845 SERYUS
848 2819 1071 2845 SERVORUM
1103 2805 1281 2856 DE1,AD
1314 2818 1557 2844 PERPETUAM
1578 2819 1648 2844 REI
1680 2817 1923 2844 MEMORIAM.

225 2899 393 2937 Ecclesia
410 2899 565 2947 Christi,
591 2914 707 2951 quam
733 2910 775 2937 ut
803 2902 994 2939 cix-itatem
1027 2910 1197 2939 sanctam
1224 2900 1467 2939 Hierusalem
1496 2915 1633 2939 novam
1654 2901 1946 2938 descendentem
1967 2899 2016 2935 de

173 2959 268 2995 coelo
285 2972 307 2996 a
328 2962 410 2996 Deo
430 2958 525 2996 vidit
541 2962 725 3006 Joannes,
747 2958 837 2996 inde
858 2960 1098 3010 potissimum
1119 2974 1224 2997 suam
1250 2959 1389 3011 repetit
1406 2960 1638 3010 firmitatem,
1664 2968 1879 3009 caeteraque
1898 2970 2016 2995 orna-

172 3025 299 3054 menta
323 3016 462 3067 quibus
481 3016 643 3068 praedita
664 3016 878 3066 consurgit,
902 3019 1003 3067 quod
1022 3019 1164 3055 nedum
1187 3026 1329 3066 sancta,
1352 3017 1546 3055 catholica
1575 3026 1612 3055 et
1641 3016 1864 3068 apostolica,
1893 3016 1959 3053 sed
1978 3023 2015 3052 et

174 3089 249 3112 una
272 3075 332 3120 sit,
353 3089 467 3127 super
483 3075 595 3113 unius
615 3075 806 3113 soliditate
829 3084 946 3126 petrae
968 3077 1136 3116 fundata.

226 3136 285 3170 Ex
303 3135 414 3172 firma
433 3143 470 3172 et
490 3134 678 3172 constanti
695 3134 955 3172 membrorum
979 3135 1156 3173 Ecclesiae
1170 3135 1341 3173 omnium
1361 3135 1504 3173 unione
1523 3135 1562 3172 in
1576 3137 1707 3173 eadem
1726 3135 1814 3183 fide,
1826 3136 1865 3171 in
1880 3133 2014 3170 iisdem

175 3193 435 3241 sacramentis,
463 3193 502 3231 in
525 3193 659 3232 iisdem
686 3193 850 3231 vinculis
878 3193 1087 3242 charitatis,
1109 3194 1148 3231 in
1169 3195 1405 3242 subjectione
1429 3204 1540 3245 atque
1563 3193 1747 3244 obsequio
1767 3191 1936 3230 omnium
1955 3190 2013 3227 le-
