2135 3442
176 202 250 238 156
578 199 765 234 LETTRE
795 197 1103 243 ENCYCLIQUE
1132 198 1196 233 DE
1226 186 1474 234 GREGOIRE
1502 197 1607 234 XVI.

232 287 458 328 Moerentes
481 284 669 342 quidem,
710 285 935 343 animoque
966 285 1129 326 tristitia
1163 285 1354 326 confecto
1388 283 1580 324 venimus
1603 281 1658 322 ad
1684 297 1773 335 vos,
1803 299 1907 340 quos
1928 299 2004 342 pro

172 361 310 392 vestro
340 351 382 391 in
415 349 661 409 religionem
696 349 851 399 studio,
881 366 929 391 ex
956 360 1089 402 tanta,-
1118 348 1158 390 in
1181 365 1262 406 qua
1287 349 1377 406 ipsa
1397 358 1598 398 versatur,
1626 356 1863 403 temporum
1887 363 2004 390 acer-

172 416 302 457 bitate
325 414 509 456 maxime
535 413 681 455 anxios
701 415 907 455 novimus.
934 414 1043 455 Vere
1068 414 1178 455 enim
1206 413 1449 465 dixerimus,
1470 413 1621 452 horam
1645 427 1758 452 nunc
1781 427 1867 454 esse
1883 424 2003 471 pote-

174 480 290 521 statis
335 481 623 532 tenebrarum,
672 479 725 519 ad
767 478 1035 529 cribrandos,
1075 480 1180 520 sicut
1214 479 1412 529 triticum,
1457 476 1563 517 filios
1604 475 1859 518 electionis¹.
1897 478 2004 519 Vere

176 565 193 580 «
214 544 334 598 luxit,
360 555 401 586 et
420 543 594 585 defluxit
612 555 797 585 terra....
822 543 980 584 infecta
1000 543 1052 583 ab
1075 542 1386 584 habitatoribus
1407 541 1505 592 suis,
1531 542 1627 598 quia
1651 542 1892 599 transgressi
1911 553 2006 583 sunt

178 628 193 646 ει
217 609 343 667 leges,
363 620 630 650 mutaverunt
647 611 728 664 jus,
757 607 1061 665 dissipaverunt
1081 607 1213 649 foedus
1234 604 1575 664 sempiternum².
1600 626 1617 641 »

228 698 483 754 Loquimur,
504 697 780 739 Venerabiles
804 698 993 746 Fratres,
1029 712 1122 753 quae
1144 697 1288 738 vestris
1318 696 1395 754 ipsi
1428 695 1557 736 oculis
1599 693 1860 751 conspicitis,
1913 709 2005 750 quae

171 763 464 804 communibus
486 762 645 804 idcirco
663 762 862 819 lacrymis
881 761 1205 819 ingemiscimus.
1232 761 1391 803 Alacris
1410 761 1567 801 exultat
1586 759 1847 817 improbitas,
1869 759 2006 800 scien-

169 826 229 867 tia
251 827 489 884 impudens,
530 827 733 868 dissoluta
759 827 940 868 licentia.
976 827 1212 884 Despicitur
1233 827 1424 867 sanctitas
1455 840 1690 877 sacrorum,
1723 835 1764 865 et
1792 840 1883 881 quae
1912 839 2006 864 ma-

169 906 295 948 gnam
328 890 437 945 vim,
480 908 609 950 magn
623 907 775 948 amque
825 892 1113 932 necessitatem
1154 890 1356 948 possidet,
1392 890 1519 931 divini
1558 889 1691 931 cultus
1726 890 1918 944 majestas
1954 888 2008 928 ab

169 955 411 997 hominibus
429 972 613 1013 nequam
642 955 919 1013 improbatur,
939 955 1157 1013 polluitur,
1182 955 1362 996 habetur
1378 954 1580 995 ludibrio.
1601 955 1709 995 Sana
1722 953 1821 994 hinc
1840 968 2010 1011 perver-

169 1020 271 1061 titur
303 1021 513 1072 doctrina,
551 1035 803 1076 erroresque
833 1021 968 1061 omnis
991 1021 1154 1078 generis
1178 1020 1498 1061 disseminantur
1526 1019 1737 1060 audacter.
1763 1018 1861 1059 Non
1896 1018 2007 1076 leges

168 1099 397 1136 sacrorum,
441 1101 527 1126 non
558 1086 670 1139 jura,
709 1100 797 1124 non
828 1084 1037 1134 instituta,
1075 1100 1161 1125 non
1182 1084 1407 1125 sanctiores
1433 1084 1630 1141 quaelibet
1657 1083 1883 1141 disciplinae
1908 1093 2007 1123 tutae

168 1160 264 1190 sunt
295 1151 348 1191 ab
382 1149 555 1191 audacia
596 1148 859 1206 loquentium
892 1148 1049 1206 iniqua.
1073 1150 1260 1190 Vexatur
1291 1150 1491 1190 acerrime
1524 1151 1717 1191 Romana
1742 1150 1834 1201 haec‘
1863 1158 2005 1189 nostra

167 1215 395 1256 beatissimi
418 1216 527 1256 Petri
551 1214 702 1265 Sedes,
725 1214 767 1254 in
803 1230 883 1271 qua
901 1215 1040 1272 posuit
1063 1215 1249 1255 Christus
1266 1213 1458 1255 Ecclesiae
1478 1214 1808 1263 firmamentum,
1843 1224 1885 1254 et
1909 1213 2005 1253 vin-

167 1279 260 1320 cula
282 1280 454 1320 unitatis
480 1280 523 1319 in
559 1279 648 1320 dies
697 1280 834 1337 magis
874 1278 1203 1330 labefactantur,
1260 1279 1584 1336 abrumpuntur.
1627 1279 1778 1320 Divina
1813 1277 2007 1318 Ecclesiae

166 1345 391 1384 auctoritas
413 1355 685 1402 oppugnatur
716 1344 925 1400 ipsiusque
945 1344 1108 1399 juribus
1141 1344 1364 1395 convulsis,
1398 1342 1674 1384 substernitur
1706 1343 1792 1399 ipsa
1829 1340 2006 1382 terrenis

164 1408 420 1459 rationibus,
457 1424 503 1449 ac
543 1424 621 1465 per
662 1424 870 1449 summam
903 1408 1099 1464 injuriam
1129 1408 1229 1450 odio
1265 1408 1519 1466 populorum
1557 1408 1790 1463 subjicitur,
1832 1407 1876 1447 in
1915 1417 2006 1446 tur-

165 1487 264 1528 pem
300 1472 470 1513 redacta
504 1474 762 1514 servitutem.
808 1473 959 1513 Debita
999 1474 1217 1530 Episcopis
1259 1473 1502 1513 obedientia
1537 1472 1794 1530 infringitur,
1837 1486 2008 1512 eorum-

167 1551 247 1592 que
265 1537 358 1591 jura
384 1537 699 1578 conculcantur.
733 1538 971 1578 Personant
1001 1537 1266 1578 horrendum
1293 1537 1336 1578 in
1362 1537 1541 1578 modum
1564 1536 1789 1578 academiae
1810 1551 1858 1577 ac
1881 1551 2002 1594 gym-

166 1599 279 1640 nasia
314 1601 431 1641 novis
472 1601 722 1658 opinionum
756 1602 966 1652 monstris,
1008 1602 1168 1659 quibus
1213 1618 1302 1643 non
1356 1602 1518 1643 occulte
1567 1602 1744 1659 amplius
1793 1612 1834 1642 et
1887 1600 2007 1641 cuni-

168 1665 268 1705 culis
290 1666 447 1722 petitur
464 1666 668 1707 catholica
692 1666 811 1717 fides,
838 1666 910 1708 sed
930 1667 1173 1708 horrificum
1196 1683 1242 1708 ac
1266 1667 1472 1708 nefarium
1497 1666 1534 1708 ei
1560 1666 1719 1708 bellum
1753 1677 1893 1723 aperte
1917 1668 2005 1722 jam

168 1739 209 1769 et
240 1730 460 1787 propalam
487 1730 681 1774 infertur.
722 1732 925 1772 Institutis
969 1732 1081 1773 enim
1123 1732 1403 1790 exemploque
1434 1742 1763 1789 praeceptorum,
1802 1731 2007 1787 corruptis

167 1791 499 1835 adolescentium
522 1795 689 1847 animis,
712 1797 863 1853 ingens
887 1795 1102 1854 religionis
1130 1797 1285 1849 clades,
1314 1811 1565 1854 morumque
1597 1796 1847 1854 perversitas
1879 1805 2007 1836 teter-

165 1857 271 1897 rima
289 1859 546 1914 percrebuit.
571 1859 683 1901 Hinc
706 1877 834 1918 porro
859 1861 979 1902 freno
1013 1862 1228 1919 religionis
1260 1863 1527 1904 sanctissimae
1554 1863 1760 1919 projecto,
1782 1875 1858 1917 per
1878 1876 2006 1917 quam

166 1937 294 1963 unam
331 1938 460 1981 regna
498 1926 759 1976 consistunt,
796 1925 1123 1983 dominatusque
1154 1928 1212 1968 vis
1243 1943 1290 1968 ac
1319 1928 1450 1968 robur
1482 1927 1691 1976 firmatur,
1727 1926 2007 1982 conspicimus

166 1986 326 2028 ordinis
348 1988 508 2045 publici
534 1990 707 2041 exitum,
734 1990 874 2031 labem
896 1992 1171 2048 principatus,
1197 1993 1416 2049 omnisque
1440 1991 1636 2050 legitimae
1656 1989 1874 2049 potestatis
1896 2006 2001 2032 con-

165 2052 402 2093 versionem
424 2053 694 2095 invalescere.
713 2056 818 2107 Quae
841 2055 1012 2112 quidem
1033 2067 1149 2097 tanta
1167 2057 1452 2098 calamitatum
1475 2056 1691 2114 congeries
1717 2071 1769 2097 ex
1782 2056 1946 2096 illarum
1960 2055 2005 2095 in

164 2114 310 2172 primis
330 2118 643 2174 conspiratione
665 2119 910 2161 societatum
925 2132 985 2162 est
995 2122 1243 2179 repetenda,
1270 2123 1311 2163 in
1324 2138 1425 2179 quas
1438 2122 1647 2179 quidquid
1664 2122 1707 2162 in
1722 2120 1948 2162 haeresibus
1963 2131 2004 2161 et

165 2180 208 2220 in
235 2180 556 2223 sceleratissimis
581 2184 820 2241 quibusque
871 2186 992 2227 sectis
1033 2186 1309 2244 sacrilegum,
1342 2186 1610 2245 flagitiosum,
1650 2202 1692 2227 as
1714 2185 2007 2242 blasphemum

167 2255 242 2298 est,
258 2247 375 2302 quasi
398 2246 441 2286 in
465 2248 673 2289 sentinam
701 2249 946 2306 quamdam,
967 2266 1063 2291 cum
1082 2253 1271 2293 omnium
1296 2252 1480 2294 sordium
1504 2252 1770 2293 concretione
1784 2249 1999 2291 confluxit.

225 2339 628 2390 Haec,Venerabiles
650 2345 830 2394 Fratres,
856 2355 898 2386 et
916 2345 995 2386 alia
1015 2345 1247 2403 complura,
1270 2357 1312 2387 et
1330 2347 1512 2387 fortassis
1532 2347 1658 2387 etiam
1675 2345 1878 2401 graviora,
1909 2360 2001 2401 quae

165 2403 209 2442 in
232 2419 412 2460 praesens
445 2421 691 2463 percensere
714 2408 888 2467 longum
917 2421 1038 2461 esset,
1069 2426 1116 2452 ac
1136 2427 1210 2452 vos
1231 2410 1366 2468 probe
1387 2411 1531 2461 nostis,
1563 2410 1607 2450 in
1629 2409 1774 2450 dolore
1798 2424 1885 2451 esse
1913 2410 2000 2451 Nos

163 2467 337 2521 jubent,
373 2469 525 2511 acerbo
559 2486 657 2513 sane
690 2488 737 2513 ac
761 2473 977 2525 diuturno,
1004 2491 1110 2531 quos
1145 2475 1187 2516 in
1221 2475 1430 2516 Cathedra
1460 2473 1664 2531 Principis
1695 2473 1999 2531 Apostolorum

169 2531 418 2574 constitutos
443 2533 555 2575 zelus
576 2537 775 2578 universae
801 2537 950 2580 domus
976 2540 1055 2581 Dei
1074 2540 1270 2581 comedat
1290 2556 1375 2597 prae
1406 2540 1578 2588 caeteris,
1603 2554 1707 2595 opus
1739 2549 1814 2580 est.
1840 2539 2000 2580 Verum

169 2610 264 2638 cum
283 2612 333 2638 eo
353 2597 443 2639 Nos
471 2599 553 2640 loci
573 2601 729 2657 positos
759 2618 844 2644 esse
865 2619 1154 2661 agnoscamus,
1178 2621 1261 2662 quo
1289 2604 1509 2662 deplorare
1541 2603 1758 2644 dumtaxat
1780 2603 2001 2645 innumera

169 2660 259 2702 haec
290 2662 401 2703 mala
431 2679 519 2704 non
554 2664 754 2716 sufficiat,
791 2668 872 2708 uisi
909 2679 949 2709 et
981 2684 1029 2709 ea
1064 2669 1301 2711 convellere
1335 2685 1412 2727 pro
1442 2669 1598 2709 viribus
1634 2669 1920 2722 connitamur3
1946 2667 2001 2710 ad

172 2740 298 2783 opem
320 2726 418 2768 fidei
436 2739 584 2769 vestrae
609 2730 893 2788 confugimus,
921 2744 1184 2791 vestramque
1204 2750 1282 2791 pro
1308 2733 1500 2775 catholici
1525 2734 1659 2792 gregis
1679 2734 1809 2775 salute
1842 2733 1997 2775 sollici-

170 2789 363 2832 tudinem
386 2791 949 2846 advocamus,'Venerabiles
965 2798 1144 2851 Fratres,
1171 2814 1350 2855 quorum
1373 2809 1555 2855 spectata
1576 2799 1704 2839 x'irtus
1724 2814 1771 2839 ac
1791 2797 1937 2856 religio
1961 2808 2001 2839 et

171 2853 389 2912 singularis
424 2857 647 2915 prudentia
680 2870 721 2900 et
755 2861 898 2902 sedula
921 2862 1137 2904 assiduitas
1172 2864 1334 2904 animos
1350 2863 1483 2905 Nobis
1507 2863 1636 2913 addit,
1658 2874 1783 2920 atque
1812 2862 1856 2904 in
1885 2873 2003 2902 tanta

172 2933 313 2960 rerum
334 2922 557 2979 asperitate
580 2922 756 2965 afflictos
773 2926 1058 2968 consolatione
1075 2939 1276 2969 sustentat
1288 2928 1561 2986 perjucunda.
1580 2928 1830 2969 Nostrarum
1846 2925 2003 2984 quippe

173 2994 234 3053 est
263 2986 446 3042 partium
464 3019 474 3037 ,
512 3003 661 3029 vocem
692 2989 854 3043 tollere,
890 2993 1115 3050 omniaque
1143 2994 1300 3046 conari,
1326 3009 1378 3035 ne
1401 3009 1500 3051 aper
1533 2992 1584 3034 de
1620 2993 1718 3034 silva
1751 2991 2002 3034 demoliatur

174 3063 355 3100 vineam,
388 3066 492 3093 neve
515 3052 602 3110 lupi
623 3064 807 3095 mactent
824 3070 1016 3114 gregem:
1040 3068 1232 3099 nostrum
1252 3068 1325 3108 est,
1349 3074 1447 3100 oves
1470 3060 1513 3099 in
1537 3075 1585 3100 ea
1609 3058 1825 3100 dumtaxat
1846 3054 2001 3113 pabula

222 3181 255 3212 1.
283 3179 370 3215 Luc.
390 3193 478 3223 xxn,
498 3185 554 3218 53.

221 3227 256 3259 2.
284 3226 364 3260 lsai.
386 3241 480 3269 xxw,
498 3233 531 3264 5.
