2135 3442
218 151 293 187 460
828 149 1145 187 ALLOCUTION
1174 152 1240 186 DE
1269 152 1349 187 PIE
1377 151 1447 188 IX.

215 236 406 293 nihilque
426 236 683 279 intentatum
703 237 965 295 relinquunt,
988 248 1037 279 ut
1062 237 1200 296 ipsam
1227 236 1461 279 Ecclesiam
1486 237 1530 278 in
1556 238 1843 296 turpissimam
1866 241 2062 300 redigant

216 302 481 352 servitutem,
511 314 553 344 et
582 301 845 361 opprimant.
887 304 949 344 Ac
985 302 1088 343 dum
1121 302 1379 361 singularem
1407 313 1520 344 certe
1552 318 1603 343 ex
1636 303 1900 361 optatissima
1926 318 2062 348 vestra

215 366 440 424 praesentia
477 368 742 425 voluptatem
782 366 1056 425 percipimus,
1085 383 1160 408 vos
1190 367 1271 425 ipsi
1302 367 1471 418 videtis,
1510 383 1638 424 quani
1674 367 1916 412 libertatem
1949 387 2062 413 nunc

216 432 404 474 habeant
422 433 698 474 Venerabiles
725 434 895 473 Fratres
924 433 1151 473 Sacrorum
1177 432 1219 473 in
1249 432 1369 474 Italia
1396 431 1633 487 Antistites,
1663 433 1735 490 qui
1765 445 1935 476 strenue
1958 451 2061 477 con-

216 507 461 555 stanterque
489 497 732 555 praeliantes
761 495 908 554 pra‘lia
938 496 1111 538 Domini
1140 497 1316 540 minime
1349 509 1584 570 potuerunt
1611 514 1708 539 cum
1738 514 1903 541 summo
1933 500 2063 542 animi

214 562 360 604 Nostri
385 563 548 614 dolore,
573 561 892 604 adversantium
913 577 1061 619 opera,
1085 562 1137 603 ad
1157 564 1246 604 Nos
1266 563 1428 613 venire,
1452 575 1493 604 et
1518 563 1628 605 inter
1648 579 1722 605 vos
1741 565 1916 615 versari,
1939 575 2065 623 atque

216 627 314 669 huic
332 627 478 669 adesse
498 644 604 669 conv
609 626 743 677 entui,
767 626 885 683 quod
910 642 1178 685 summopere
1199 629 1475 699 optavissent,
1499 628 1864 685 quemadmodum
1887 629 2064 672 infelicis

215 692 346 734 Italiae
368 692 690 763 Arcliiepiscopi
715 702 757 732 et
782 690 982 750 Episcopi
1011 691 1095 733 suis
1119 692 1288 734 Litteris
1317 693 1473 735 summi
1509 709 1607 751 eiga
1631 694 1734 744 Nos,
1759 705 1800 735 et
1823 695 1933 736 113110
1953 695 2062 737 San-

215 767 327 798 ctam
350 757 502 800 Sedem
532 757 688 799 amoris
718 768 759 797 et
793 755 989 813 obsequii
1007 756 1263 814 plenissimis
1293 758 1400 815 signi
1389 758 1598 800 ficarunt.
1619 757 1847 802 Neminem
1867 759 1995 800 etiam
2015 775 2065 801 ex

215 823 440 864 Sacrorum
457 824 500 864 in
520 821 737 864 Lusitania
751 820 1030 864 Antistitibus
1050 821 1119 864 hic
1138 822 1284 864 adesse
1304 823 1488 874 cernitis,
1509 840 1556 865 ac
1574 839 1662 864 11011
1681 839 1833 882 parurn
1850 824 2061 875 dolemus,

216 886 405 945 inspecta
435 887 734 929 difficultatum
766 897 916 927 natura
947 902 1038 943 quse
1065 886 1337 939 obstiterunt,
1366 888 1594 944 quominus
1622 888 1702 946 ipsi
1727 891 1969 930 Romanum
1987 889 2066 930 iter

216 952 389 1009 aggredi
409 963 597 1010 possent.
623 953 864 993 Recensere
889 962 1034 993 autem
1056 951 1289 994 omittimus
1309 964 1373 993 tot
1393 953 1471 994 alia
1494 969 1594 996 sane
1614 953 1748 995 tristia
1769 965 1811 996 et
1829 953 2060 1003 horrenda,

216 1032 307 1073 quae
333 1018 386 1058 ab
410 1017 524 1058 hisce
548 1031 848 1074 perversarum
871 1015 1165 1058 doctrinarum
1191 1016 1424 1059 cultoribus
1445 1034 1541 1059 cum
1570 1018 1810 1060 incredibili
1838 1020 1996 1061 Nostro
2020 1034 2066 1060 ac

217 1092 373 1132 vestro,
404 1092 447 1123 et
476 1080 666 1123 omnium
696 1082 911 1123 bonorum
948 1081 1065 1124 luctu
1096 1093 1339 1140 patrantur.
1374 1082 1488 1124 Nihil
1518 1083 1620 1125 item
1649 1083 1828 1125 dicimus
1855 1083 1907 1125 de
1935 1083 2065 1141 impia

217 1146 549 1204 conspiratione,
584 1158 626 1187 et
660 1146 801 1204 pravis
836 1148 1043 1204 cujusque
1078 1148 1245 1205 generis
1280 1146 1573 1189 molitionibus
1607 1163 1655 1188 ac
1689 1148 1877 1201 fallaciis,
1911 1148 2066 1205 quibus

216 1210 381 1251 civilem
410 1212 536 1267 liujus
563 1211 823 1269 Apostolicae
856 1211 974 1253 Sedis
1011 1211 1299 1270 principatum
1331 1211 1507 1254 omnino
1541 1224 1730 1254 evertere
1764 1229 1811 1255 ac
1845 1213 2065 1255 destruere

215 1275 379 1317 volunt.
405 1278 527 1318 Juvat
550 1276 693 1334 potius
716 1276 796 1318 1130
823 1276 876 1318 (10
902 1292 948 1318 re
969 1292 1306 1318 commemorare
1335 1278 1487 1318 miram
1517 1293 1693 1335 prorsus
1721 1277 2062 1329 consensionem,

217 1356 300 1397 qua
325 1357 400 1382 vos
429 1341 507 1399 ipsi
537 1357 621 1382 una
656 1357 753 1382 cuin
788 1341 880 1383 aliis
907 1342 1238 1384 Venerabilibus
1267 1342 1488 1384 Fratribus
1514 1342 1700 1384 universi
1729 1342 1925 1384 catholici
1951 1343 2067 1385 orbis

216 1406 444 1447 Sacrorum
467 1405 742 1448 Antistitibus
763 1422 984 1464 nunquam
1013 1406 1298 1449 intermisistis
1323 1419 1365 1450 et.
1387 1407 1578 1465 epistolis
1598 1407 1651 1450 ad
1672 1409 1759 1449 Nos
1781 1408 1906 1458 datis,
1931 1419 1972 1451 et
1990 1423 2067 1466 pa-

216 1471 444 1512 storalibus
467 1471 618 1513 litteris
643 1471 698 1512 ad
719 1471 866 1513 fideles
892 1472 1060 1530 scriptis
1081 1471 1326 1528 hujusmodi
1347 1472 1533 1514 fallacias
1556 1472 1769 1531 detegere,
1790 1472 1993 1523 refutare,
2019 1488 2068 1514 ac

216 1535 339 1577 simul
363 1535 534 1587 docere,
555 1537 668 1577 hunc
689 1536 854 1578 civilem
876 1538 1040 1579 Sanctae
1064 1537 1182 1579 Sedis
1202 1537 1486 1595 principatum
1504 1539 1702 1579 Romano
1723 1537 1920 1579 Pontifici
1940 1537 2068 1578 fuisse

216 1599 419 1658 singulari
450 1600 601 1642 divinae
630 1601 914 1643 Providentiae
944 1601 1123 1643 consilio
1153 1602 1316 1653 datum,
1343 1602 1548 1659 illumque
1574 1602 1857 1644 necessarium
1886 1618 1990 1652 esse,
2021 1612 2068 1642 ut

216 1664 330 1706 idem
351 1667 572 1707 Romanus
596 1665 796 1708 Pontifex
824 1666 930 1707 nulli
959 1682 1150 1723 unquam
1177 1666 1372 1724 Principi
1392 1678 1465 1708 aut
1491 1667 1601 1708 civili
1626 1666 1827 1724 potestati
1855 1669 2067 1722 subjectus

217 1745 461 1787 supremam
480 1729 664 1772 universi
689 1730 904 1772 Dominici
931 1732 1073 1789 gregis
1098 1731 1298 1789 pascendi
1321 1730 1582 1789 regendique
1608 1743 1865 1789 potestatem
1886 1731 2069 1773 auctori-

216 1805 431 1852 tatemque
460 1796 514 1836 ab
546 1794 640 1853 ipso
672 1795 840 1837 Christo
867 1796 1054 1837 Domino
1084 1795 1285 1837 divinitus
1314 1807 1529 1853 acceptam
1559 1812 1636 1854 per
1661 1796 1901 1839 universam
1922 1796 2067 1838 Eccle-

217 1858 323 1900 siam
354 1859 600 1917 plenissima
629 1859 827 1901 libertate
857 1876 1069 1912 exercere,
1100 1877 1148 1902 ac
1178 1860 1331 1916 majori
1365 1861 1553 1917 ejusdem
1576 1861 1789 1912 Ecclesiae,
1813 1872 1854 1903 et
1876 1860 2067 1902 fidelium

216 1923 349 1973 bono,
373 1923 543 1965 utilitati
565 1935 607 1965 et
631 1924 881 1983 indigentiis
902 1926 1122 1967 consulere
1143 1925 1294 1983 possit.

275 2008 378 2060 Quae
402 2008 606 2049 hactenus
631 2008 853 2049 lamentati
881 2025 1039 2060 sumus,
1065 2008 1343 2050 Venerabiles
1369 2009 1555 2058 Fratres,
1580 2008 1819 2051 luctuosum
1842 2009 1969 2066 plane
1989 2024 2066 2050 ex-

217 2072 368 2114 hibent
402 2073 710 2131 spectaculum.
741 2073 848 2127 Quis
878 2073 993 2115 enim
1022 2090 1111 2115 non
1142 2073 1258 2115 videt
1287 2089 1515 2131 pravorum
1546 2072 1795 2130 dogmatum
1825 2072 2061 2131 iniquitate,

218 2151 266 2177 ac
287 2147 351 2178 tot
375 2137 642 2194 nequissimis
664 2137 955 2180 deliramentis
976 2150 1017 2180 et
1040 2137 1430 2180 machinationibus
1453 2137 1588 2195 magis
1612 2138 1655 2178 in
1677 2138 1768 2179 dies
1790 2137 2067 2179 christianum

218 2201 427 2258 populum
455 2202 611 2244 misere
639 2203 876 2261 corrumpi,
904 2215 945 2244 et
972 2203 1025 2244 ad
1053 2203 1232 2245 exitium
1263 2202 1438 2261 impelli,
1468 2213 1510 2244 et
1538 2203 1788 2244 catholicam
1815 2202 2062 2253 Ecclesiam,

219 2267 393 2323 ejusque
413 2267 641 2309 salutarem
663 2268 905 2310 doctrinam
926 2284 973 2310 ac
993 2268 1235 2310 veneranda
1259 2270 1354 2323 jura
1381 2278 1422 2308 et
1447 2268 1574 2325 leges,
1598 2282 1823 2323 sacrosque
1849 2266 2067 2309 ministros

221 2332 475 2388 oppugnari,
497 2344 539 2374 et
557 2333 709 2375 iccirco
731 2333 875 2375 omnia
895 2333 995 2375 vitia
1018 2345 1059 2375 et
1085 2334 1244 2375 scelera
1267 2333 1520 2374 invalescere
1539 2348 1586 2374 ac
1607 2332 1851 2390 propagari,
1870 2342 1913 2373 et
1931 2330 2067 2389 ipsam

222 2394 387 2437 civilem
407 2397 651 2440 societatem
675 2398 911 2456 exagitari?

281 2461 370 2501 Nos
398 2460 538 2519 itaque
567 2462 802 2520 Apostolici
837 2463 983 2505 Nostri
1012 2463 1233 2505 ministerii
1264 2464 1401 2521 probe
1432 2477 1666 2511 memores,
1698 2477 1746 2502 ac
1779 2461 1832 2502 de
1860 2459 2066 2519 spirituali

226 2523 418 2566 omnium
452 2527 713 2584 populorum
745 2528 864 2569 bono
896 2539 939 2570 et
975 2529 1109 2570 salute
1141 2527 1265 2570 nobis
1300 2526 1499 2569 divinitus
1533 2526 1755 2568 commissa
1786 2526 1851 2568 vel
1883 2524 2066 2567 maxime

227 2589 410 2639 solliciti,
437 2611 453 2626 κ
477 2607 572 2631 011111
596 2591 735 2643 aliter,
757 2613 775 2628 »
799 2604 846 2634 ut
869 2593 1118 2635 sanctissimi
1139 2592 1369 2635 decessoris
1388 2591 1534 2634 Nostri
1553 2591 1704 2633 Leonis
1721 2590 1860 2632 verbis
1878 2602 2061 2641 utamur,

228 2675 246 2691 α
273 2654 410 2695 Nobis
442 2656 689 2698 commissos
724 2673 872 2715 regere
907 2674 996 2699 non
1027 2658 1253 2716 possimus,
1286 2656 1367 2698 nisi
1400 2658 1494 2707 hos,
1529 2656 1601 2713 qui
1635 2666 1732 2697 sunt
1761 2656 1997 2714 perditores
2024 2667 2066 2697 et

230 2739 247 2754 «
272 2719 444 2777 perditi,
471 2721 562 2761 zelo
591 2721 690 2762 fidei
719 2722 954 2764 Dominicae
983 2739 1305 2782 persequamur,
1337 2733 1378 2763 et
1410 2737 1433 2762 a
1462 2721 1574 2763 sanis
1602 2720 1832 2771 mentibus,
1859 2735 1913 2762 ne
1938 2720 2067 2778 pestis

232 2807 249 2821 «
275 2785 363 2826 haec
390 2784 514 2826 latius
546 2783 799 2843 divulgetur,
835 2788 1073 2839 severitate,
1107 2804 1190 2846 qua
1221 2803 1457 2846 possumUS‚
1491 2785 1832 2836 abscindamus¹,
1861 2804 1878 2819 υ
1911 2785 1954 2826 111
1985 2785 2066 2826 1100

227 2849 487 2907 amplissimo
514 2861 653 2892 vestro
693 2867 889 2894 consessu
919 2853 1207 2910 Apostolicam
1238 2853 1440 2893 Nostram
1474 2851 1715 2892 attollentes
1742 2865 1891 2892 vocem
1919 2864 2067 2890 omnes

227 2925 585 2956 commemoratos
618 2916 851 2972 pra-sertim
893 2933 1059 2960 errores
1093 2934 1181 2960 non
1219 2917 1357 2959 solum
1391 2915 1608 2958 catholicae
1638 2915 1735 2957 fidei
1769 2931 1816 2956 ac
1844 2914 2061 2963 doctrinae,

228 2978 380 3021 divinis
401 2979 778 3037 ecclesiasticisque
798 2980 981 3037 legibus,
1003 2999 1150 3024 verum
1175 2981 1302 3024 etiam
1327 2980 1407 3040 ipsi
1429 2980 1694 3039 sempiternae
1717 2996 1765 3021 ac
1783 2978 1965 3021 naturali
1983 2976 2064 3034 legi

229 3054 271 3085 ct
296 3044 490 3100 justitiae,
522 3055 733 3102 rectaeque
774 3044 929 3086 rationi
965 3047 1140 3088 omnino
1178 3057 1462 3106 repugnantes
1495 3057 1536 3088 et
1570 3061 1838 3104 summopere
1870 3043 2063 3086 adversos

230 3110 526 3166 reprobamus,
551 3108 856 3168 proscribimus
876 3121 1002 3167 atque
1026 3111 1289 3154 damnamus.

279 3198 310 3231 1.
338 3197 449 3244 Epist.
469 3199 539 3231 VII
560 3197 604 3232 ad
619 3197 735 3245 Episc.
758 3210 822 3245 per
843 3199 922 3233 Ital.
946 3209 976 3231 c.
998 3199 1018 3232 ⁶2
1036 3197 1129 3233 Edit.
1151 3199 1274 3234 Baller.
