2135 3442
152 175 232 212 wo
655 174 846 209 LETTRE
873 174 1187 221 ENCYCLIQUE
1215 175 1281 209 DF.
1309 175 1388 210 PIE
1418 175 1500 208 VII.

216 263 279 302 De
297 260 512 300 bonorum
530 275 630 301 vero
658 260 851 302 Ecclesiae
881 281 898 297 «
928 261 1137 319 deposito,
1165 277 1257 318 quae
1279 260 1450 317 quidem
1478 271 1576 301 vota
1609 271 1720 310 sunt,
1748 275 1864 318 opes,
1888 276 2004 303 sacra

165 348 181 362 a
208 323 404 383 pecunia,
432 336 672 366 sanctorum
696 325 942 375 substantia,
971 341 1035 367 res
1058 326 1158 375 Dei,
1189 346 1205 360 υ
1236 323 1600 382 quemadmodum
1618 324 1782 374 Patres,
1806 325 2000 375 concilia,

161 389 394 446 divinaeque
412 388 577 431 Litterae
597 389 830 448 significant
857 406 905 431 ac
924 390 1154 438 declarant,
1179 389 1433 446 ecquidnam
1451 389 1585 438 vobis,
1610 388 1882 431 venerabiles
1898 392 2004 432 Fra-

164 468 247 497 tres
280 455 596 513 praecipiemus,
634 454 819 496 Ecclesia
858 470 971 496 nunc
1001 455 1049 495 iis
1075 454 1249 512 spoliata
1279 455 1454 503 misere,
1483 469 1529 494 ac
1561 453 1749 494 nudata?
1782 453 1832 493 ld
1855 469 2006 512 nempe

165 537 312 570 unum,
348 531 394 561 ut
429 520 536 562 detis
564 536 752 578 operam,
792 531 837 561 ut
868 519 1146 569 contendatis,
1180 534 1264 576 quo
1291 535 1439 560 omnes
1468 518 1727 577 intelligant,
1759 533 1806 559 ac
1837 519 1880 558 in
1915 521 2007 559 ani-

166 601 284 627 mum
305 584 526 634 inducant,
554 585 670 642 quod
692 586 1026 642 Aquisgranense
1053 584 1155 625 olim
1184 584 1417 624 Concilium
1442 582 1558 624 brevi
1584 584 1682 631 hac,
1710 593 1751 624 et
1769 583 2004 640 perspicua,

168 661 444 707 accurataque
474 651 679 691 sententia
706 649 941 691 conclusit:
976 671 992 684 «
1029 648 1225 705 Quisquis
1261 664 1352 704 quse
1391 648 1459 689 alii
1494 648 1638 689 fideles
1677 647 1730 688 de
1764 647 2010 690 haereditate

173 737 190 752 «
218 716 531 773 possessionum
569 730 761 764 suarum,
803 716 859 756 ob
891 714 1128 756 remedium
1163 714 1400 754 animarum
1431 729 1622 763 suarum,
1650 715 1739 755 Deo
1777 713 1831 754 ad
1867 714 2008 754 hono-

174 803 191 819 «
218 797 322 829 rem,
366 791 407 820 et
439 779 636 821 decorem
665 780 858 821 Ecclesiae
891 796 996 829 suae,
1040 781 1213 835 ejusque
1243 779 1531 819 ministrorum
1562 794 1682 829 usus,
1716 778 2007 827 contulerunt,

174 868 191 883 «
219 856 290 887 aut
308 845 540 894 abstulerit,
556 855 627 885 aut
645 843 807 885 auferre
824 842 1153 902 praesumpserit,
1172 842 1319 900 procul
1337 842 1467 884 dubio
1488 843 1666 884 aliorum
1686 843 1783 885 data
1799 842 1840 883 in
1863 843 2013 883 animae

173 932 189 947 «
217 926 300 952 suae
337 911 546 951 convertit
583 908 814 966 periculum
843 908 875 952 ¹.
920 931 934 946 n
970 910 1069 950 Non
1093 919 1205 949 certe
1248 929 1265 944 «
1298 909 1528 949 tenacitatis
1567 909 1705 950 studio
1738 930 1753 945 »
1795 908 1875 965 (nae
1895 909 2014 948 omni

169 976 332 1017 ratione
344 975 500 1015 cunctis
515 975 598 1015 boc
609 989 830 1032 possumus
850 990 939 1015 non
962 975 1101 1014 minus
1124 989 1251 1030 quam
1272 973 1314 1014 S.
1345 973 1550 1031 Agapitus
1570 973 1851 1031 praedecessor
1861 973 2015 1014 Noster

171 1039 439 1095 confirmare)
461 1059 477 1073 «
495 1050 565 1079 aut
577 1038 785 1079 saecularis
812 1038 1002 1080 utilitatis
1022 1053 1161 1089 causa,
1195 1059 1212 1073 »
1234 1037 1307 1079 sed
1331 1037 1461 1078 divini
1476 1039 1816 1080 consideratione
1835 1037 1980 1095 judicii
1999 1037 2014 1059 ²

171 1105 226 1147 ad
263 1119 311 1145 ea
346 1103 574 1160 repetenda
608 1119 851 1156 movemur,
879 1119 1063 1161 quorum
1086 1102 1288 1158 jubemur
1318 1124 1335 1139 «
1371 1102 1684 1161 dispensatores
1717 1118 1808 1144 esse
1846 1102 2012 1154 fideles,

178 1190 195 1206 «
223 1180 264 1211 et
285 1167 531 1226 prudentes,
558 1190 575 1205 »
591 1169 861 1225 Quamquam
885 1168 1047 1209 nullum
1071 1167 1195 1226 plane
1210 1168 1422 1225 precibus,
1441 1183 1519 1209 nec
1536 1162 1918 1220 adhortationibus,
1940 1183 2018 1209 nec

170 1234 358 1285 monitis,
388 1248 465 1274 nec
486 1234 724 1274 actionibus
741 1233 906 1275 Nostris
916 1233 1153 1290 relinquent
1172 1232 1315 1274 locum
1333 1233 1548 1274 christiani
1559 1249 1694 1292 reges,
1715 1233 2015 1290 civitatumque

172 1298 400 1356 principes,
417 1298 541 1353 quise
552 1298 750 1339 Ecclesiae
767 1319 782 1333 «
803 1299 1007 1339 nutricios
1022 1298 1034 1320 ³
1067 1319 1084 1334 υ
1106 1314 1179 1355 per
1196 1298 1349 1339 Isaiam
1362 1298 1488 1338 fuisse
1506 1297 1657 1350 dictos,
1678 1299 1836 1355 optime
1851 1309 2013 1349 tenent,

173 1375 300 1419 atque
318 1378 406 1404 esse
427 1362 872 1420 gloriantu1·;quorum
892 1362 1083 1420 profecto
1106 1362 1227 1413 fides,
1252 1362 1401 1420 pietas,
1417 1362 1605 1419 aequitas,
1629 1361 1849 1420 sapientia,
1868 1361 2017 1420 religio

175 1439 335 1469 tantam
357 1443 474 1484 spem
502 1428 636 1468 Nobis
673 1427 824 1477 adfert,
861 1439 1107 1485 tantamque
1145 1430 1483 1486 expectationem
1519 1429 1686 1480 excitat,
1712 1440 1758 1469 ut
1792 1444 1870 1486 pro
1904 1439 2017 1470 certo

172 1493 420 1543 habeamus,
447 1504 662 1533 curaturos
683 1492 774 1533 illos
793 1492 914 1534 reddi
937 1495 1132 1550 protinus
1163 1514 1177 1529 a
1202 1510 1296 1550 quae
1320 1504 1418 1534 sunt
1441 1492 1520 1534 Dei
1539 1494 1631 1535 Deo
1653 1512 1662 1546 3
1695 1514 1711 1529 »
1738 1507 1877 1549 neque
1901 1508 2019 1534 com-

174 1558 377 1599 missuros
403 1573 498 1599 suas
534 1574 763 1616 personare
784 1574 903 1599 aures
928 1558 992 1599 his
1011 1558 1088 1599 Dei
1112 1558 1246 1616 ipsius
1272 1559 1461 1607 vocibus,
1506 1569 1548 1599 et
1565 1557 1744 1615 querelis
1766 1574 1774 1599 :
1802 1579 1818 1593 κ
1858 1559 2023 1616 Argen-

181 1643 197 1657 «
238 1632 327 1663 tum
353 1638 513 1675 meum,
541 1634 583 1663 et
617 1639 767 1664 aurum
802 1623 972 1673 tulistis,
1003 1634 1045 1663 et
1067 1623 1363 1664 desiderabilia
1407 1639 1501 1664 mea
1533 1634 1574 1664 et
1597 1622 1882 1680 pulcherrima
1906 1622 1919 1643 ¹⁸
1957 1638 1965 1664 ε
2001 1644 2017 1658 »

175 1702 253 1728 nec
292 1687 512 1728 dissimiles
535 1689 819 1737 Constantini,
848 1699 888 1729 et
911 1688 1052 1728 Caroli
1090 1689 1341 1746 Magnorum
1381 1688 1560 1737 futuros,
1597 1702 1781 1743 quorum
1812 1688 2021 1744 praecipue

175 1751 253 1791 fuit
273 1752 315 1791 in
334 1752 567 1792 Ecclesiam
591 1753 811 1793 nobilitata
831 1752 1075 1801 liberalitas,
1101 1763 1142 1793 et
1160 1754 1318 1806 justitia
1340 1770 1348 1793 ε
1377 1768 1558 1809 quorum
1580 1751 1707 1793 etiam
1729 1752 1833 1792 alter
1854 1766 1897 1792 se
1917 1766 2020 1808 pro-

175 1815 307 1857 fessus
328 1826 390 1856 est
421 1837 438 1852 «
474 1831 596 1857 nosse
617 1816 749 1857 multa
777 1832 922 1874 regna,
949 1826 990 1856 et
1020 1831 1136 1873 reges
1161 1831 1309 1856 eorum
1335 1828 1559 1873 propterea
1580 1816 1795 1863 cecidisse,
1822 1816 1919 1872 quia
1941 1818 2024 1857 Ec·

184 1901 201 1916 «
230 1881 400 1922 clesiam
429 1881 801 1939 exspoliaverunt3
833 1902 849 1916 »
880 1882 999 1936 cujus
1031 1881 1090 1921 rei
1129 1896 1274 1921 caussa
1298 1881 1380 1921 suis
1411 1880 1570 1931 liberis,
1608 1890 1649 1920 et
1684 1880 1748 1930 iis,
1784 1880 1855 1935 qui
1877 1891 2024 1936 postea

176 1945 481 2003 rempublicam
505 1957 671 2003 gerent,
713 1945 839 1986 edicit
862 1951 903 1986 et
939 1945 1120 1986 inculcat
1146 1963 1154 1985 :
1189 1966 1204 1980 «
1239 1945 1458 1997 Quantum
1490 1945 1677 1985 valemus
1711 1954 1752 1984 et
1781 1959 2021 2000 possumus,

181 2031 198 2046 «
228 2026 302 2067 per
326 2011 477 2062 Deum,
510 2022 551 2052 et
574 2010 717 2051 omnia
749 2021 994 2052 sanctorum
1026 2011 1190 2063 merita,
1224 2011 1516 2067 prohibemus,
1549 2019 1935 2066 contestamurque,
1972 2026 2024 2051 ne

182 2095 198 2111 α
227 2074 326 2115 talia
346 2074 522 2125 faciant,
553 2091 628 2116 nec
651 2076 786 2116 facere
809 2074 1050 2115 volentibus
1069 2075 1350 2126 consentiant,
1370 2095 1386 2110 »
1405 2075 1479 2116 sed
1499 2075 1712 2130 adjutores
1727 2095 1744 2109 «
1767 2085 1808 2115 et
1833 2073 2025 2116 defenso—

187 2161 204 2175 «
230 2155 297 2180 res
315 2139 615 2192 Ecclesiarum,
638 2151 679 2180 et
698 2139 907 2181 cultorum
936 2140 1013 2180 Dei
1036 2155 1113 2196 pro
1135 2139 1292 2179 viribus
1316 2138 1493 2180 existant
1508 2139 1541 2180 ⁵.
1572 2160 1588 2175 »ι

240 2270 390 2326 Neque
407 2269 510 2310 illud
525 2270 567 2309 in
583 2270 732 2310 harum
744 2269 980 2310 litterarum
997 2280 1186 2310 extremo
1204 2269 1330 2311 celari
1349 2285 1418 2310 vos
1440 2279 1625 2326 oportet,
1646 2267 1917 2309 Venerabiles
1931 2269 2029 2310 Fra·

184 2345 290 2387 tres,
320 2356 334 2369 «
358 2335 559 2390 quoniam
586 2334 751 2375 tristitia
773 2336 874 2375 mihi
893 2351 1045 2393 magna
1073 2346 1149 2388 est,
1173 2346 1214 2376 et
1233 2336 1458 2376 continuus
1478 2333 1601 2374 dolor
1627 2331 1745 2373 cordi
1764 2348 1876 2383 meo,
1911 2354 1927 2369 »
1949 2350 2027 2391 pro

183 2398 275 2439 filiis
299 2399 418 2448 meis,
448 2399 519 2455 qui
541 2409 635 2440 sunt
661 2399 806 2440 Galliae
829 2399 987 2457 populi,
1021 2401 1263 2456 caeterique,
1291 2398 1401 2457 apud
1434 2413 1538 2454 quos
1560 2397 1674 2438 idem
1697 2397 1815 2437 furor
1836 2398 2029 2440 nondum

185 2462 409 2506 deferbuit.
428 2463 542 2517 Quid
557 2464 658 2504 mihi
681 2465 865 2521 optatius
885 2466 1163 2523 contingeret,
1198 2480 1324 2521 quam
1342 2464 1469 2503 vitam
1489 2477 1566 2519 pro
1589 2461 1668 2502 illis
1694 2462 1970 2518 profundere,
1993 2464 2028 2504 si

185 2544 333 2570 eorum
357 2528 467 2569 salus
485 2543 579 2569 meo
593 2540 733 2585 posset
752 2528 924 2569 interitu
946 2529 1263 2587 repraesentari?
1285 2529 1384 2569 Non
1402 2525 1652 2575 inficiamur,
1676 2527 1775 2582 quin
1794 2543 1880 2585 prae
1894 2528 2030 2569 Nobis

186 2593 370 2643 ferimus,
406 2592 660 2650 permultum
684 2593 737 2634 ad
770 2594 912 2634 Nostri
934 2593 1069 2635 luctus
1099 2593 1371 2635 acerbitatem
1400 2590 1676 2632 minuendam
1715 2607 1762 2632 ac
1786 2591 2029 2633 leniendam

185 2657 323 2699 valere
343 2656 541 2698 invictum
561 2659 688 2698 animi
709 2659 854 2709 robur,
872 2669 912 2698 et
932 2659 1228 2707 constantiam,
1249 2672 1376 2714 quam
1397 2655 1633 2713 complures
1657 2671 1708 2697 ex
1731 2656 1850 2698 vobis
1869 2657 2030 2714 praesti-

189 2723 308 2774 tistis,
335 2739 428 2779 quae
444 2724 576 2764 menti
598 2723 846 2764 obversatur
864 2723 1053 2780 quotidie
1077 2724 1259 2771 Nostrae,
1278 2735 1491 2777 quamque
1510 2720 1646 2761 omnis
1667 2722 1832 2778 generis
1853 2719 2029 2778 quidem

189 2789 398 2840 homines,
418 2789 565 2838 aetatis,
587 2788 745 2830 ordinis
765 2788 936 2829 mirifice
961 2799 1056 2830 sunt
1076 2788 1232 2829 secuti:
1257 2787 1329 2843 qui
1353 2801 1452 2827 sane
1477 2784 1641 2842 quidvis
1662 2786 1923 2840 injuriarum,
1950 2800 2027 2842 pe-

188 2853 430 2903 riculorum,
457 2854 728 2908 jacturarum,
751 2852 1051 2911 suppliciorum
1067 2852 1244 2910 perpeti,
1273 2862 1537 2907 mortemque
1560 2851 1695 2908 ipsam
1721 2862 1920 2909 oppetere
1938 2865 2030 2891 ma-

189 2918 375 2970 luerunt,
392 2918 722 2976 praeclarumque
745 2918 789 2959 id
810 2917 890 2959 sibi
912 2916 1214 2968 existimarunt,
1236 2932 1362 2972 quam
1382 2914 1526 2965 illiciti,
1548 2931 1595 2956 ac
1615 2915 1763 2957 nefarii
1782 2915 2032 2957 sacramenti

238 3045 270 3076 1.
299 3042 384 3087 Cap.
408 3054 546 3082 xxxvn,
567 3050 590 3075 t.
612 3042 662 3073 IV
682 3042 791 3076 Cone.
813 3041 986 3076 Harduin.
1005 3042 1073 3074 col.
1096 3044 1197 3076 1423.

237 3091 270 3123 2.
300 3090 366 3133 Ep.
385 3092 405 3123 4
423 3088 466 3121 ad
487 3089 611 3123 Caesar.
628 3101 683 3134 ep.
711 3090 838 3123 Arelat.
861 3090 953 3124 Bull.
975 3089 1078 3123 Rom.
1099 3098 1183 3121 toni.
1202 3088 1266 3130 XI,
1287 3087 1313 3121 f.
1336 3089 1392 3121 59.

237 3139 270 3171 3.
299 3149 391 3170 xux.
414 3139 469 3170 23.

237 3186 272 3218 ⁴1.
299 3184 456 3217 Joel.111.

265 3258 271 3265 .
299 3232 366 3276 Ap.
388 3231 506 3266 Baluz.
529 3230 642 3277 Capit.
662 3232 686 3266 l.
710 3231 741 3271 Ι,
759 3244 836 3277 cap.
857 3243 912 3264 111.
