2135 3442
171 166 248 203 216
781 163 1091 201 ALLOCUTION
1121 166 1186 200 DE
1216 166 1295 200 PIE
1324 166 1396 201 IX.

171 250 400 311 placabiles
432 248 609 308 publieae
645 250 966 308 tranquillitatis,
999 263 1040 294 et
1066 252 1226 294 ordinis
1245 253 1385 294 hostes
1416 251 1522 293 nibil
1548 252 1760 309 antiquius
1783 254 2001 306 haberent,

174 332 302 374 quam
327 315 469 357 onmia
495 326 641 356 contra
661 315 929 358 Pontificium
949 317 1214 359 Gubernium
1235 317 1392 388 conari,
1418 327 1460 358 et
1490 317 1697 374 populum
1718 317 1890 360 assiduis
1914 336 2007 362 mo-

172 382 298 432 tibus,
320 380 623 439 suspicionibus
655 380 881 439 exagitare,
908 393 997 422 tum
1024 397 1106 439 qua
1128 382 1289 440 scriptis
1316 382 1358 423 in
1378 382 1515 423 lucem
1545 381 1682 432 editis,
1711 398 1792 439 qua
1817 382 2004 438 Circulis,

176 463 260 504 qua
281 445 575 496 Societatibus,
610 456 651 486 et
683 445 772 486 aliis
804 445 1037 516 quibusque
1062 446 1220 487 artibus
1247 462 1462 503 nunquam
1487 446 1821 487 intermittebant
1842 447 2007 491 Guber-

174 511 293 553 nium
311 510 506 552 atrociter
526 509 787 559 calumniari,
815 510 937 566 eique
957 510 1133 563 inertiae,
1162 510 1264 561 doli,
1294 523 1336 553 et
1356 511 1513 553 fraudis
1534 523 1681 552 notam
1703 511 1884 562 inurere,
1913 511 2009 555 lieet

174 575 474 618 Gubernium
464 591 601 633 lpsum
631 574 747 616 omni
771 590 867 616 cura
892 586 932 615 et
955 574 1123 616 studio
1114 591 1157 615 in
1183 575 1227 616 id
1247 574 1525 627 incumbeiet,
1555 587 1601 617 ut
1630 576 1837 617 Statutum
1864 587 2009 618 tanto-

173 657 272 698 pere
291 651 534 699 exoptatum
553 641 726 693 majore,
754 655 835 696 qua
860 638 947 681 fieri
975 651 1130 697 posset,
1153 640 1393 698 vulgaretur
1418 641 1644 683 celeritate.
1665 642 1801 699 Atque
1824 642 1893 683 hic
1913 641 2010 683 uni-

173 723 292 749 verso
315 718 520 748 terrarum
544 704 639 746 orbi
662 704 929 746 manifestare
949 704 1141 745 volumus
1161 721 1211 746 eo
1235 705 1324 763 ipso
1342 717 1533 764 tempore
1559 707 1750 748 homines
1769 705 1862 747 illos
1879 707 1920 747 in
1936 722 2011 748 suo

174 782 410 813 constantes
432 769 648 828 proposito
669 769 937 810 subvertendi
963 769 1228 811 Pontificiam
1253 769 1473 820 ditionem,
1498 783 1714 828 totamque
1738 771 1901 812 Italiam
1918 772 2010 813 No-

175 836 237 877 bis
260 835 525 893 proposuisse
553 850 639 875 non
658 835 744 889 jam
774 835 1111 885 Constitutionis,
1138 834 1211 875 sed
1236 835 1493 892 Reipublicae
1513 836 1906 893 proclamationem,
1927 837 2014 878 vel-

180 900 239 940 uti
266 900 441 941 unicum
472 911 562 940 tum
595 899 771 948 Nostrae,
808 909 897 939 tum
923 899 1117 940 Ecclesiae
1146 899 1283 940 Status
1308 899 1608 941 incolumitatis
1630 900 1866 959 perfugium
1889 911 2013 958 atque

177 964 433 1021 praesidium.
471 963 592 1006 Subit
621 964 759 1004 adhuc
790 974 996 1004 nocturna
1026 963 1095 1005 illa
1117 965 1238 1015 hora,
1273 976 1315 1006 et
1345 977 1563 1006 versantur
1588 964 1722 1007 Nobis
1746 977 1842 1007 ante
1871 966 2014 1008 oculos

178 1029 351 1087 quidam
374 1029 581 1077 homines,
607 1028 677 1085 qui
701 1044 724 1068 a
756 1028 953 1069 fraudum
980 1028 1215 1070 architectis
1237 1029 1387 1071 misere
1416 1030 1542 1080 illusi,
1575 1046 1622 1071 ae
1649 1030 1812 1087 decepti
1845 1030 2015 1073 illorum

177 1110 225 1134 ea
247 1094 291 1135 in
307 1110 352 1135 re
373 1109 540 1134 causam
566 1108 688 1150 agere
705 1103 829 1149 atque
852 1093 1044 1134 eamdem
1069 1093 1326 1150 Reipublicae
1350 1094 1728 1152 proclamationem
1751 1095 1887 1137 Nobis
1908 1111 2015 1154 pro-‘-

175 1174 336 1216 ponere
365 1174 451 1199 non
475 1157 741 1198 dubitabant.
781 1156 908 1210 Quod
942 1157 1114 1214 quidem
1146 1169 1294 1215 praeter
1325 1159 1546 1200 innumera
1580 1159 1675 1210 alia,
1709 1170 1749 1200 et
1774 1160 2015 1218 gravissima

174 1234 423 1281 argumenta
444 1222 576 1280 magis
599 1221 814 1278 magisque
843 1221 1115 1273 demonstrat,
1143 1238 1347 1264 novarum
1374 1223 1685 1265 institutionum
1708 1225 1948 1281 petitiones,
1974 1236 2015 1267 et

172 1303 436 1346 progressum
457 1287 509 1328 ab
532 1286 774 1342 hujusmodi
791 1286 1035 1329 hominibus
1057 1298 1278 1345 tantopere
1297 1287 1571 1346 praedicatum
1592 1305 1642 1330 eo
1667 1288 1789 1330 unice
1809 1301 2010 1347 spectare,

174 1364 220 1394 ut
250 1352 422 1394 assidua³
455 1353 674 1394 foveantur
709 1351 970 1410 agitationes,
1003 1363 1049 1393 ut
1072 1353 1213 1394 omnia
1232 1354 1416 1407 justitiae,
1438 1354 1615 1404 virtutis,
1640 1353 1886 1404 honestatis,
1920 1353 2014 1396 reli-

174 1418 309 1476 gionis
326 1418 531 1476 principia
553 1433 852 1474 usquequaque
873 1417 1039 1475 penitus
1060 1418 1276 1468 tollantur,
1302 1429 1425 1475 atque
1445 1419 1707 1461 horrendum
1731 1430 1771 1460 et
1793 1419 2016 1461 luctuosis-

173 1483 339 1532 simum,
377 1498 424 1524 ac
445 1481 511 1523 vel
536 1483 613 1540 ipsi
640 1482 818 1523 naturali
843 1482 996 1523 rationi
1017 1493 1059 1524 et
1087 1483 1170 1538 juri
1196 1484 1380 1525 maxime
1408 1483 1626 1526 adversum
1661 1484 1925 1534 Socialismi,
1948 1484 2015 1527 vel

173 1548 299 1589 etiam
322 1547 638 1597 Communismi,
662 1547 723 1588 uti
743 1547 968 1605 appellant,
995 1558 1175 1605 systema
1194 1564 1290 1589 cum
1309 1548 1498 1590 maximo
1523 1550 1648 1590 totius
1668 1550 1862 1590 humanae
1883 1550 2016 1591 socie-

175 1613 270 1654 tatis
293 1612 564 1663 detrimento,
591 1623 632 1653 et
655 1611 781 1653 exitio
806 1627 1115 1669 quaquaversus
1135 1613 1372 1664 inducatur,
1391 1625 1667 1672 propagetur,
1696 1629 1744 1655 ac
1767 1614 1894 1672 longe
1911 1614 2016 1656 late-

177 1693 258 1734 que
276 1677 528 1718 dominetur.

235 1742 317 1784 Sed
333 1741 520 1800 quamvis
535 1741 623 1783 haee
642 1741 856 1783 teterrima
878 1743 1147 1800 conspiratio,
1174 1742 1389 1800 velpotius
1411 1743 1500 1783 haec
1524 1742 1719 1784 diuturna
1740 1743 2016 1800 conspiratio-

178 1823 279 1848 num
299 1807 424 1849 series
440 1807 552 1848 clara
575 1817 681 1848 esset
706 1817 747 1848 et
772 1807 1006 1857 manifesta,
1044 1818 1200 1857 tamen,
1224 1809 1314 1849 Deo
1347 1809 1403 1849 sic
1425 1809 1709 1866 permittente,
1743 1808 1884 1849 multis
1915 1807 2014 1848 illo-

174 1888 270 1913 rum
296 1871 374 1912 fuit
395 1873 553 1929 ignota,
581 1872 732 1928 quibus
755 1873 990 1912 communis
1013 1872 1287 1928 tranquillitas
1307 1883 1373 1913 tot
1399 1889 1497 1914 sane
1520 1872 1572 1914 de
1602 1873 1735 1914 causis
1761 1871 1880 1913 cordi
1903 1886 2019 1913 sum-

176 1952 348 1994 mopere
368 1952 454 1978 esse
476 1936 675 1978 debebat.
696 1937 834 1993 Atque
854 1937 928 1977 etsi
947 1936 1144 1978 indefessi
1166 1938 1386 1978 turbarum
1415 1937 1706 1979 moderatores
1729 1937 2015 1995 gravissimam

177 2001 230 2043 de
248 2018 290 2043 se
313 2002 596 2060 suspicionem
621 2000 782 2051 darent,
810 2012 948 2042 tamen
982 2018 1070 2042 non
1094 2001 1264 2043 derere
1283 2002 1455 2060 quidam
1478 2003 1602 2043 bonae
1621 2002 1847 2043 voluntatis
1871 2002 2012 2043 homi—

176 2082 264 2115 nes,
289 2066 360 2123 qui
393 2066 571 2107 amicam
590 2065 670 2106 illis
698 2081 870 2107 manum
894 2067 1126 2124 praebuere,
1162 2083 1210 2108 ea
1237 2067 1410 2108 forsitan
1434 2083 1505 2126 spe
1535 2068 1631 2109 freti
1660 2067 1766 2119 fore,
1796 2078 1841 2108 ut
1866 2081 1938 2108 eos
1959 2065 2013 2107 ad

177 2129 480 2171 moderationis
501 2142 542 2171 et
561 2129 727 2186 justitiae
749 2132 940 2172 semitam
959 2131 1160 2173 reducere
1178 2144 1362 2190 possent.

235 2196 409 2236 Interim
428 2195 528 2237 belli
551 2195 709 2237 clamor
733 2211 810 2253 per
828 2196 1067 2237 universam
1088 2197 1251 2237 Italiam
1276 2197 1487 2255 extemplo
1510 2197 1705 2255 pervasit,
1731 2211 1814 2253 quo
1837 2194 2015 2237 Pontifi-

177 2260 248 2300 ciae
267 2260 429 2301 Nostrae
454 2259 622 2301 ditionis
646 2260 915 2302 subditorum
940 2277 1034 2319 pars
1059 2273 1271 2303 commota
1300 2273 1424 2319 atque
1445 2262 1618 2320 abrepta
1643 2261 1693 2302 ad
1719 2276 1835 2301 arma
1854 2276 2017 2303 convo-

175 2324 288 2375 lavit,
306 2340 353 2367 ac
362 2326 523 2366 Nostrae
537 2325 741 2367 voluntati
756 2326 963 2367 obsistens
983 2326 1169 2381 ejusdem
1185 2327 1412 2368 Pontificiae
1428 2327 1597 2368 ditionis
1617 2325 1719 2366 fines
1745 2325 2014 2383 praetergredi

176 2389 323 2432 voluit.
352 2390 507 2439 Nostis,
533 2390 805 2432 Venerabiles
831 2392 1010 2444 Fratres,
1033 2391 1248 2449 quomodo
1279 2391 1441 2432 debitas
1475 2402 1564 2432 tum
1598 2390 1758 2431 Summi
1780 2389 2009 2441 Pondficis,

176 2464 267 2494 tum
290 2454 478 2512 Supremi
504 2455 705 2512 Principis
730 2466 868 2512 partes
893 2456 1097 2497 obeuntes
1117 2457 1277 2511 injustis
1297 2456 1467 2497 illorum
1489 2454 1703 2496 desideriis
1727 2454 2015 2496 obstiterimus

179 2519 251 2575 qui
269 2519 356 2561 Nos
386 2519 439 2560 ad
464 2518 569 2560 illud
596 2519 754 2561 bellum
777 2520 1008 2577 gerendum
1036 2521 1276 2579 pertrahere
1300 2521 1511 2570 volebant,
1545 2521 1699 2577 quique
1723 2519 2008 2577 postulabant,

174 2595 220 2624 ut
255 2584 518 2642 inexpertam
537 2586 798 2640 juventutem
820 2586 1017 2627 subitario
1048 2586 1177 2627 modo
1201 2586 1434 2635 collectam,
1458 2600 1504 2626 ae
1527 2584 1716 2626 militaris
1741 2585 1838 2626 artis
1860 2583 2012 2642 peritia

175 2661 216 2692 et
245 2650 461 2707 disciplina
493 2665 726 2706 numquam
758 2651 981 2700 excultam,
1015 2661 1056 2692 et
1089 2651 1253 2692 idoneis
1284 2650 1529 2692 ductoribus
1550 2649 1793 2708 bellicisque
1819 2648 2012 2691 subsidiis

175 2714 432 2766 destitutam,
461 2714 515 2756 ad
538 2731 737 2773 pugnam,
759 2715 803 2756 id
833 2726 894 2756 est
922 2714 975 2756 ad
996 2726 1151 2756 certam
1174 2713 1332 2756 caedem
1363 2713 1726 2772 compelleremus.
1756 2716 1896 2771 Atque
1918 2713 1964 2755 id
1986 2728 2011 2754 a

173 2779 305 2822 Nobis
324 2779 595 2837 expetebatur
613 2780 699 2836 qui,
724 2778 819 2820 licet
845 2780 1128 2829 immerentes,
1154 2779 1411 2821 incrustabili
1431 2779 1578 2820 divinae
1601 2779 1884 2821 Providentiae
1905 2794 2009 2820 eon-

173 2844 265 2885 silio
284 2843 339 2885 ad
368 2843 620 2902 Apostolicae
649 2844 870 2901 Dignitatis
891 2844 1099 2902 fastigium
1123 2844 1269 2895 evecti,
1294 2859 1341 2885 ac
1365 2844 1564 2886 vicariam
1587 2844 1739 2886 Christi
1760 2845 1779 2885 J
1784 2860 1855 2886 esu
1873 2843 1942 2884 hic
1963 2842 2009 2882 in

173 2910 293 2951 terris
315 2925 487 2968 operam
505 2920 692 2967 gerentes
715 2924 737 2949 a
758 2910 865 2962 Deo,
891 2908 962 2966 qui
987 2919 1047 2951 est
1065 2919 1208 2950 auctor
1228 2910 1354 2966 pacis,
1378 2920 1420 2950 et
1443 2921 1606 2951 amator
1627 2908 1824 2961 caritatis,
1845 2906 2010 2948 missio·-

172 2989 272 3015 nem
295 2975 543 3033 accepimus,
571 2985 618 3015 ut
637 2989 783 3015 omnes
801 2973 996 3031 populos,
1016 2985 1173 3031 gentes,
1196 2974 1388 3016 nationes
1401 2975 1487 3032 pari
1512 2975 1675 3032 paterni
1696 2973 1848 3015 amoris
1868 2969 2009 3013 studio

175 3050 490 3097 prosequentes,
518 3039 707 3081 omnium
729 3037 850 3079 saluti
874 3038 971 3079 totis
990 3038 1147 3079 viribus
1173 3038 1451 3090 consulamus,
1476 3049 1518 3081 et
1534 3055 1620 3081 non
1635 3041 1722 3094 jam
1744 3048 1791 3079 ut
1808 3035 2003 3078 homines

174 3103 227 3145 ad
246 3104 400 3157 clades,
419 3115 680 3161 mortemque
704 3103 980 3161 impellamus.
1000 3103 1127 3156 Quod
1148 3104 1180 3144 si
1203 3104 1453 3161 quicumque
1473 3104 1672 3162 Princeps
1696 3102 1862 3145 nonnisi
1881 3097 2003 3156 justis

175 3167 228 3210 de
249 3170 379 3212 causis
394 3170 554 3212 bellum
577 3168 746 3228 aggredi
771 3184 984 3227 nunquam
1016 3179 1168 3226 potest,
1195 3170 1334 3226 ecquis
1356 3181 1443 3211 tam
1462 3169 1642 3219 consilii,
1669 3180 1711 3210 et
1729 3166 1902 3208 rationis
1925 3179 2002 3205 ex-

174 3248 270 3291 pers
299 3251 485 3293 unquam
507 3236 602 3289 erit,
627 3235 698 3293 qui
724 3234 847 3293 plane
878 3250 965 3276 non
987 3233 1141 3284 videat,
1169 3234 1422 3276 catholicum
1444 3236 1594 3277 orbem
1613 3232 1766 3275 merito
1783 3241 1906 3287 atque
1925 3244 2002 3286 op·
