2135 3442
169 159 245 194 254
673 157 857 193 LETI'RE
886 156 1198 203 ENCYCLIQL‘E
1229 156 1291 190 DE
1322 155 1400 190 PIE
1430 154 1503 190 IX.

172 244 446 302 spirationum
464 242 722 298 hujusmodi,
743 244 772 284 si
792 258 866 301 per
889 242 1050 283 Italiam
1066 242 1355 290 dilatarentur,
1378 256 1464 281 non
1481 239 1584 280 alius
1599 255 1688 280 esse
1703 240 1837 281 exitus
1856 254 2009 298 posset,

173 309 250 351 nisi
268 320 313 350 ut
325 308 533 350 hodierno
552 307 814 366 publicarum
826 322 965 349 rerum
979 318 1084 348 statu
1103 323 1176 364 per
1190 318 1355 347 mutuas
1375 306 1529 347 civium
1549 314 1694 344 contra
1713 305 1821 346 cives
1842 321 2012 364 aggres-

173 376 327 427 siones,
358 372 667 432 usurpationes,
699 372 832 414 credes
857 372 1107 413 labefactato
1138 371 1409 428 funditusque
1438 368 1655 419 convulso,
1691 370 1815 426 pauci
1841 370 2014 413 tandem

175 439 317 497 aliqui,
344 438 574 480 multorum
601 437 742 496 spoliis
768 435 1027 493 locupletati,
1053 452 1263 477 summum
1286 437 1329 476 in
1352 434 1568 476 communi
1599 432 1720 474 ruina
1748 433 2014 476 dominatum

174 504 418 562 arriperent.

234 571 328 611 Jam
345 584 443 610 vero
462 567 515 609 ad
534 566 699 608 fidelem
720 565 924 624 populum
947 565 1224 606 avertendum
1246 566 1298 606 ab
1317 564 1544 622 impiorum
1565 561 1741 613 insidiis,
1772 573 1814 604 et
1841 563 1885 604 in
1912 579 2014 622 pro-

176 634 357 676 fessione
375 632 698 674 custodiendum
722 630 936 673 catholicae
958 630 1203 688 Religionis,
1231 641 1354 688 atque
1381 629 1434 670 ad
1460 644 1571 670 verae
1600 627 1765 669 virtutis
1788 643 1918 686 opera
1940 643 2015 670 ex-

174 699 408 750 citandum,
436 714 604 755 magna,
636 708 682 738 ut
715 697 849 754 probe
882 695 1007 743 scitis,
1039 694 1101 736 vis
1137 707 1198 736 est
1230 696 1273 736 in
1301 695 1471 735 illorum
1502 695 1586 734 vita
1617 704 1660 734 et
1692 693 1904 751 exemplo,
1945 694 2018 750 qui

176 764 325 807 divinis
342 777 384 805 se
404 762 643 804 ministeriis
661 759 974 818 manciparunt.
999 760 1173 812 Verum,
1196 761 1303 818 proh
1325 759 1470 800 dolor!
1503 774 1589 799 non
1621 757 1794 800 defuere
1824 773 1900 816 per
1929 759 2016 799 Ita-

175 830 274 870 liam
290 828 435 885 aliqui,
460 828 583 886 pauci
602 827 660 867 illi
678 825 864 883 quidem,
886 825 965 866 viri
1006 825 1296 875 Ecclesiastici,
1320 824 1393 882 qui
1414 823 1469 865 ad
1497 823 1692 865 Ecclesiae
1712 823 1853 865 hostes
1882 835 2018 864 trans-

177 894 284 952 fugae
315 908 404 933 non
433 893 609 932 minimo
628 891 706 931 illis
736 890 789 931 ad
820 889 963 931 fideles
993 889 1263 947 decipiendos
1295 889 1543 944 adjumento
1574 887 1760 929 fuerunt.
1793 887 1878 929 Sed
1902 887 2021 929 vobis

175 970 302 1005 certe,
326 956 600 999 Venerabiles
622 957 802 1005 Fratres,
827 971 940 995 novo
963 955 1131 995 illorum
1150 954 1286 1012 lapsus
1304 953 1472 995 stimulo
1495 953 1588 1001 fuit,
1612 965 1658 994 ut
1685 952 1834 994 acriori
1859 953 1903 993 in
1933 951 2022 994 dies

177 1023 316 1065 studio
334 1023 377 1063 in
403 1021 502 1063 cleri
524 1019 786 1078 disciplinam
808 1019 1056 1076 advigiletis.
1086 1021 1223 1076 Atque
1254 1020 1323 1059 hic
1354 1019 1398 1059 in
1424 1019 1613 1059 futurum
1644 1034 1814 1075 quoque
1836 1029 2016 1074 tempus,

174 1104 254 1146 pro
276 1102 327 1128 eo
365 1101 410 1127 ac
441 1085 658 1134 debemus,
693 1084 934 1142 prospicere
966 1083 1196 1141 cupientes,
1226 1094 1462 1140 temperare
1486 1083 1621 1124 Nobis
1654 1098 1742 1123 non
1783 1097 2018 1139 possumus,

177 1153 279 1210 quin
303 1149 649 1192 commendemus
675 1149 831 1199 denuo,
854 1148 969 1205 quod
991 1147 1033 1188 in
1063 1148 1198 1206 prima
1228 1158 1369 1188 nostra
1401 1147 1455 1188 ad
1489 1148 1617 1188 totius
1653 1146 1769 1188 orbis
1792 1147 2022 1204 Episcopos

175 1215 399 1274 Encyclica
429 1214 614 1272 Epistola
641 1212 984 1266 inculcavimus1,
1017 1228 1171 1271 nempe
1193 1224 1238 1253 ut
1262 1212 1423 1253 nemini
1452 1213 1535 1253 cito
1563 1228 1713 1253 manus
1748 1210 2018 1269 imponatis2,

176 1281 250 1324 sed
273 1283 316 1322 in
341 1279 623 1322 ecclesiasticae
643 1279 800 1320 militiae
821 1278 984 1320 delectu
1005 1280 1211 1334 majorem
1236 1293 1365 1334 usque
1395 1277 1655 1335 diligentiam
1687 1275 1937 1317 adhibeatis.
1960 1276 2021 1316 De

176 1347 225 1387 iis
241 1346 492 1404 praesertim,
527 1345 597 1402 qui
623 1346 748 1385 sacris
783 1343 1004 1385 ordinibus
1031 1343 1185 1384 initiari
1215 1341 1474 1395 desiderent,
1498 1342 1712 1398 inquirere
1745 1350 1787 1380 et
1811 1338 1883 1379 diu
1910 1339 2022 1380 mul-

176 1423 349 1468 tumque
372 1411 623 1467 investigare
639 1425 743 1467 opus
762 1421 837 1459 est,
866 1425 969 1449 num
993 1424 1041 1450 ea
1060 1407 1268 1460 doctrina,
1288 1407 1492 1465 gravitate
1516 1422 1701 1458 morum,
1723 1415 1764 1446 et
1784 1403 1915 1445 divini
1937 1403 2024 1445 cul-

176 1487 242 1517 tus
266 1475 404 1517 studio
430 1474 800 1526 commendentur,
829 1485 875 1514 ut
904 1485 1017 1515 certa
1051 1490 1144 1532 spes
1175 1472 1374 1531 affulgeat
1400 1472 1507 1522 fore,
1542 1482 1588 1512 ut
1615 1482 1816 1528 tanquam
1844 1469 2024 1511 lucernae

178 1540 373 1583 ardentes
389 1539 433 1580 in
452 1541 592 1581 Domo
616 1539 805 1584 Domini,
833 1555 980 1580 eorum
998 1538 1170 1580 vivendi
1190 1539 1372 1592 ratione,
1399 1548 1527 1594 atquc
1553 1552 1682 1594 opera
1701 1534 2025 1577 aedjficationem

179 1616 219 1646 et
240 1604 499 1663 spiritualem
519 1615 661 1645 vestro
686 1605 802 1662 gregi
828 1604 1052 1645 utilitatem
1073 1602 1224 1645 afferre
1243 1614 1417 1660 queant.

238 1746 452 1798 Quoniam
479 1760 578 1785 vero
614 1760 665 1786 ex
699 1744 962 1785 monasteriis
994 1754 1106 1784 recte
1133 1743 1432 1785 administratis
1468 1743 1617 1801 ingens
1652 1744 1697 1784 in
1734 1742 1919 1784 Ecclesia
1948 1743 2025 1785 Dei

179 1810 380 1868 splendor
404 1821 528 1867 atque
549 1809 703 1850 utilitas
721 1808 925 1861 dimanat,
947 1819 989 1849 et
1011 1808 1211 1866 regularis
1236 1809 1364 1849 etiam
1395 1808 1530 1850 clerus
1562 1807 1810 1864 adjutricem
1828 1808 1949 1849 vobis
1982 1808 2025 1849 in

178 1874 447 1933 procuranda
467 1875 703 1915 animarum
726 1873 857 1915 salute
878 1889 1053 1931 operam
1078 1884 1219 1925 navat,
1247 1874 1368 1914 vobis
1394 1874 1506 1931 ipsis,
1538 1871 1814 1914 Venerabiles
1840 1872 2019 1923 Fratres,

179 1942 223 1981 in
240 1938 451 1982 mandatis
469 1938 633 1989 damus,
662 1940 846 1997 primum
880 1938 1053 1995 quidem
1075 1949 1121 1979 ut
1145 1937 1359 1996 religiosas
1387 1937 1566 1979 familias
1601 1938 1802 1993 cujusque
1828 1936 2024 1978 Dioecesis

180 2016 325 2046 nostro
343 2005 517 2045 nomine
532 2005 729 2045 certiores
756 2002 932 2055 faciatis,
960 2003 1092 2044 Nobis
1116 2002 1349 2060 peculiares
1383 2018 1590 2044 aerumnas
1628 2001 2019 2060 ingemiscentibus,

180 2085 282 2127 quas
309 2068 452 2109 multae
473 2068 639 2109 illarum
662 2069 706 2109 in
740 2069 899 2109 recenti
925 2068 1169 2110 calamitoso
1207 2079 1399 2126 tempore
1428 2082 1636 2125 perpessae
1671 2077 1783 2118 sunt,
1808 2081 1910 2121 ,non
1942 2065 2024 2108 levi

180 2135 342 2175 interea
365 2133 641 2174 consolationi
658 2132 783 2174 fuisse
803 2133 1041 2173 animorum
1069 2134 1332 2190 patientiam,
1361 2143 1486 2189 atque
1508 2133 1551 2173 in
1579 2131 1741 2172 virtutis
1764 2140 1806 2171 et
1831 2130 2020 2189 Religio-

181 2200 245 2240 nis
268 2197 408 2239 studio
427 2198 720 2248 constantiam,
742 2196 892 2255 quibus
912 2197 1081 2255 plurimi
1098 2213 1147 2239 ex
1160 2197 1362 2256 religiosis
1376 2196 1619 2238 hominibus
1641 2195 1695 2236 ad
1717 2194 1959 2252 exemplum
1978 2211 2021 2237 se

182 2262 560 2314 commandaruntg
587 2264 661 2304 etsi
685 2263 811 2320 aliqui
826 2278 913 2303 non
939 2262 1162 2314 defuerint,
1185 2261 1256 2319 qui
1272 2278 1353 2304 suae
1371 2261 1640 2321 professionis
1661 2258 1781 2300 obliti
1804 2274 1901 2301 cum
1931 2275 2022 2301 ma—

183 2344 267 2387 gno
281 2328 494 2369 bonorum
516 2328 730 2378 scandalo,
757 2338 799 2369 et
819 2338 962 2368 nostro
989 2326 1252 2384 fratrumque
1278 2342 1449 2368 suorum
1473 2325 1620 2366 dolore
1642 2323 1881 2381 turpissime
1910 2340 2019 2382 prae-

182 2392 353 2435 varicati
375 2403 470 2434 sunt
490 2409 498 2433 ε
525 2391 677 2434 deinde
696 2408 813 2443 vero,
838 2403 884 2432 ut
907 2392 1102 2450 praesides
1125 2391 1372 2434 earumdem
1395 2390 1662 2439 familiarum,
1697 2400 1740 2430 et
1769 2389 2018 2447 superiores,

179 2457 253 2498 ubi
271 2472 376 2514 opus
392 2456 531 2509 fuerit,
560 2455 724 2498 illarum
754 2456 1045 2498 moderatores
1078 2457 1229 2499 nostris
1261 2457 1398 2499 verbis
1426 2453 1730 2504 adhortemini,
1768 2464 1815 2495 ut
1847 2469 1925 2511 pro
1961 2454 2024 2495 sui

181 2520 309 2563 officii
332 2520 492 2573 debito,
511 2520 615 2562 nulli
634 2533 810 2579 parcant
827 2537 936 2563 curae
960 2533 1083 2578 atque
1101 2521 1331 2576 industriae,
1359 2536 1442 2578 quo
1463 2519 1666 2578 regularis
1688 2517 1927 2576 disciplina,
1952 2517 2024 2560 ubi

181 2596 386 2635 servatur,
410 2585 544 2644 magis
566 2586 610 2627 in
630 2586 717 2627 dies
738 2588 876 2645 vigeat
900 2597 940 2627 et
961 2585 1123 2637 floreat,
1149 2587 1221 2627 ubi
1241 2601 1342 2627 vero
1371 2584 1674 2626 detrimentum
1706 2582 1880 2641 aliquod
1905 2598 2025 2641 passa

181 2651 320 2701 fuerit,
348 2651 522 2691 omnino
544 2652 772 2702 reviviscat,
802 2663 842 2692 et
856 2651 1177 2709 redintegretur.
1201 2651 1408 2691 Moneant
1427 2650 1633 2691 instanter
1657 2648 1788 2690 iidem
1810 2646 2019 2706 praesides,

181 2726 374 2773 arguant,
402 2715 621 2772 increpent
643 2715 860 2773 religiosos
886 2715 1053 2756 illarum
1085 2715 1293 2766 alumnos,
1320 2725 1367 2755 ut
1394 2715 1501 2756 serio
1527 2713 1845 2755 considerantes
1875 2710 2024 2770 quibus

179 2796 222 2822 se
246 2781 353 2822 votis
372 2781 461 2821 Deo
488 2780 804 2821 obstrinxerunt
823 2780 894 2822 illa
914 2780 1132 2838 diligenter
1152 2779 1330 2821 reddere
1355 2779 1564 2830 studeant,
1593 2780 1737 2836 suique
1756 2776 1938 2819 instituti
1954 2790 2021 2816 re-

180 2845 296 2904 gulas
324 2843 520 2885 inviolate
547 2844 797 2895 custodiant,
829 2856 869 2885 et
898 2843 1266 2885 mortificationem
1285 2845 1382 2884 Jesu
1413 2843 1456 2884 in
1484 2860 1558 2885 suo
1593 2858 1770 2901 corpore
1802 2839 2021 2883 circumfe-

181 2920 321 2950 rentes
359 2909 411 2949 ab
462 2908 510 2949 iis
545 2909 741 2950 omnibus
775 2909 1028 2958 abstineant,
1059 2924 1151 2965 quae
1188 2909 1365 2965 propriae
1398 2908 1611 2950 vocationi
1650 2907 1941 2953 adversantur,
1982 2913 2022 2944 et

181 2974 377 3033 operibus
397 2974 566 3025 instent,
589 2989 678 3030 quac
697 2974 915 3015 caritatem
938 2972 1014 3014 Dei
1038 2989 1085 3014 ac
1105 2971 1301 3030 proximi,
1330 2973 1608 3031 perfectaque
1637 2972 1802 3014 virtutis
1835 2967 2020 3011 studium

234 3153 265 3184 1.
292 3148 502 3182 Novembris
521 3150 623 3183 1846.

231 3199 264 3231 2.
296 3201 311 3231 1
333 3196 377 3230 ad
397 3196 570 3236 Timoth.,
593 3209 625 3230 v.
644 3198 700 3230 22.
