2135 3442
147 154 223 192 4⁶22
759 148 1071 186 ALLOCUTION
1098 149 1162 185 DE
1190 148 1270 184 PIE
1300 146 1372 182 IX.

151 238 364 283 Dominici
402 237 538 296 gregis
572 239 744 280 Patrem
777 248 819 279 et
857 238 1074 278 Pastorem
1110 233 1451 294 parricidialibus
1496 233 1719 292 degeneris
1757 234 1831 276 filii
1866 238 1991 279 armis

151 314 447 364 oppugnatum
479 302 619 344 modis
656 301 853 344 omnibus
881 301 1098 357 adjuvare,
1129 300 1239 342 tueri
1268 311 1309 341 et
1340 297 1568 340 defendere
1608 310 1839 356 properent
1867 311 1992 358 atque

151 370 366 412 festinent.

210 436 316 475 Cum
353 445 495 475 autem
530 432 722 491 apprime
755 431 911 483 sciatis⁷
949 430 1228 472 venerabiles
1247 432 1433 479 Fratres,
1457 443 1631 470 omnem
1653 443 1773 486 spem
1794 429 1995 471 Nostram

152 499 196 540 in
216 500 308 540 Deo
330 514 421 540 esse
450 496 759 545 collocandam,
786 494 857 552 qui
878 493 1048 550 adjutor
1079 505 1121 536 et
1149 494 1360 553 refugium
1388 503 1448 534 est
1478 504 1675 534 nostrum
1693 492 1737 534 in
1755 492 1997 535 tribulatio-

152 563 278 605 nibus
311 563 485 613 nostris,
525 561 682 619 quique
710 559 904 601 vulnerat
937 569 978 600 et
1011 558 1222 610 medetur⁷
1252 557 1433 617 percutit
1472 568 1514 598 et
1548 569 1683 609 sanat,
1708 556 1938 599 mortificat
1955 569 1997 600 et

151 627 345 678 vivificat,
383 626 555 669 deducit
583 625 637 666 ad
667 623 827 665 inferos
858 634 900 664 et
922 622 1108 678 reducit3
1146 623 1304 666 idcirco
1330 622 1373 664 in
1407 621 1524 664 omni
1558 622 1657 674 fide,
1686 633 1728 663 et
1760 621 1998 664 humilitate

152 693 294 735 cordis
323 692 459 734 nostri
493 690 681 733 assiduas
713 687 1129 746 ferventissimasque
1162 689 1216 730 ad
1246 691 1406 747 Ipsum,
1443 686 1635 728 adhibito
1664 687 1707 728 in
1731 686 1879 745 primis
1903 685 1996 728 effi-

153 757 373 799 cacissimo
406 755 692 798 Immaculata&
725 752 1091 809 Sanctissimaeque
1120 752 1312 811 Deiparae
1341 751 1530 810 Virginis
1558 751 1706 794 Mariae
1739 750 1996 810 patrocinio,

154 838 203 863 ac
237 821 437 879 suffragio
468 822 695 862 Beatomm
726 817 844 860 Petri
866 828 908 859 et
929 816 1067 867 Pauli,
1106 832 1252 875 preces
1284 817 1503 859 effundere
1531 832 1619 858 non
1651 816 1997 866 imfflmittamus,

155 898 203 927 ut
221 886 380 928 faciens
415 885 652 944 potentiam
683 883 727 924 in
753 882 930 924 blachio
948 898 1024 924 suo
1045 881 1316 924 inimicorum
1334 899 1509 925 suorum
1535 881 1777 940 superbiam
1792 881 1937 930 elidat,
1959 890 2001 921 et

153 961 368 1009 expugnet
400 950 699 1008 impugnantes
733 964 826 998 nos,
868 962 1102 1004 omnesque
1142 947 1338 989 Ecclesia*
1368 964 1450 989 sua
1474 959 1627 990 sanetae
1646 948 1790 989 hostes
1808 945 2002 988 humiliet

155 1027 197 1057 et
232 1026 451 1057 conterat·
444 1026 604 1071 ,atque
625 1011 911 1071 omnipotenti
936 1028 1020 1053 suae
1041 1011 1184 1070 glatiae
1207 1011 1364 1054 xirtute
1399 1012 1566 1064 efficiat,
1602 1024 1649 1054 ut
1678 1012 1870 1054 omnium
1891 1026 2001 1069 plae-

154 1080 433 1123 varicantium
458 1079 587 1122 corda
614 1078 878 1137 resipiscant,
912 1077 1050 1134 deque
1078 1076 1341 1135 optatissima
1374 1076 1543 1119 illorum
1564 1077 1839 1120 conversione
1860 1085 2002 1118 sancta

155 1145 294 1188 Mater
313 1145 500 1188 Ecclesia
522 1160 649 1203 quam
667 1143 855 1203 primum
877 1141 1059 1184 laetetur.
