2135 3442
115 110 191 147 ⁶248
622 105 809 141 LETTRE
837 105 1144 152 ENCYCLIQUE
1172 106 1238 140 DE
1268 105 1344 140 PIE
1375 104 1444 141 IX.

116 206 262 239 sancta
281 195 417 235 Mater
439 191 651 245 Ecclesia,
678 191 744 233 cui
765 191 939 249 quidem
969 191 1045 233 soli
1076 208 1097 233 a
1118 193 1282 233 Christo
1307 190 1494 232 Domino
1526 191 1772 233 mandatum
1799 203 1874 243 est,
1912 203 1958 235 ut

116 260 214 302 fidei
245 258 484 317 depositum
509 257 742 308 custodiat,
768 273 816 299 ac
845 257 898 300 de
917 273 1019 299 vero
1047 256 1286 298 divinorum
1308 255 1592 313 Eloquiorum·
1612 270 1736 297 sensu
1758 267 1798 298 et
1824 258 1957 300 inter-

115 323 352 382 pretatione
371 322 531 379 judicet
550 322 562 343 ¹
575 355 583 362 .

176 388 245 430 Ad
277 389 410 447 ipsam
445 403 546 430 vero
568 402 795 445 pravorum
824 386 1030 427 librorum
1061 387 1361 444 contagionem
1387 382 1754 442 comprimendam
1782 385 1959 442 perutile

117 454 217 503 crit,
244 454 354 495 Ven.
384 455 568 504 Fratres,
596 464 642 494 ut
667 452 920 510 quicumque
948 467 1076 510 penes
1099 468 1172 492 vos
1202 451 1283 493 sint
1313 451 1504 508 insignis,
1538 465 1730 506 sanaeque
1760 448 1960 492 doctrinae

116 519 197 559 viri
216 517 294 559 alia
315 534 443 576 parva
464 520 564 559 item
585 518 705 558 molis
725 518 895 574 scripta,
919 532 942 557 a
958 515 1079 557 vobis
1098 515 1253 558 scilicet
1272 527 1395 556 antea
1417 515 1612 573 probata,
1637 514 1766 556 edant
1788 514 1831 555 in
1854 514 1961 556 aedi-

118 582 359 625 ficationem
380 583 497 634 fidei,
517 598 563 624 ac
585 582 807 623 salutarem
829 580 974 639 populi
998 580 1333 622 instructionem.
1360 582 1423 622 Ac
1447 591 1591 622 vestrae
1611 579 1709 620 hinc
1732 595 1840 620 curae
1862 580 1957 629 erit,

118 660 165 690 ut
194 649 344 691 eadem
369 649 543 706 scripta,
566 646 623 688 uti
654 658 694 688 et
721 646 789 687 alii
815 646 1068 703 incorruptae
1100 647 1255 703 pariter
1288 646 1514 699 doctrinae,
1544 646 1818 703 probataeque
1844 644 1960 686 utili-

117 715 212 755 tatis
240 714 336 754 libri
367 713 419 754 ab
451 712 539 753 aliis
568 710 806 768 conscripti,
836 722 961 769 prout
983 710 1173 751 locorum
1198 726 1245 752 ac
1269 726 1546 769 personarum
1566 711 1673 751 ratio
1694 709 1958 768 suggesserit,

119 779 230 819 inter
254 777 396 819 fideles
416 776 724 818 diffundantur.

178 845 336 885 Omnes
356 854 513 893 autem,
534 843 604 899 qui
624 857 707 882 una
725 840 943 881 vobiscum
961 841 1003 881 in
1025 840 1312 882 defensionem
1331 840 1428 881 fidei
1447 840 1712 890 adlaborant‚
1736 855 1787 881 eo
1807 839 1964 898 specia-

120 909 195 949 tim
223 908 493 965 spectabunt,
524 918 567 947 ut
592 908 806 964 pietatem,
833 907 1165 959 venerationem,
1192 917 1315 963 atque
1346 906 1656 948 observantiam
1686 922 1785 963 erga
1812 920 1962 963 supre-

120 988 233 1013 mam
253 972 363 1013 hanc
380 972 491 1013 Petri
513 970 680 1022 Sedem,
706 986 786 1027 qua
806 986 894 1019 vos,
915 970 1025 1010 Ven.
1049 970 1230 1020 Fratres,
1254 980 1473 1027 tantopere
1492 969 1707 1019 excellitis,
1736 971 1780 1009 in
1802 980 1961 1010 vestro-

120 1053 213 1078 rum
232 1037 420 1078 fidelium
440 1037 587 1077 animis
605 1035 832 1087 infirment,
854 1046 1066 1085 tueantur,
1088 1035 1251 1092 alteque
1274 1035 1476 1093 defigant.
1499 1035 1787 1085 Meminerim,
1808 1033 1964 1075 scilicet

119 1101 263 1144 fideles
283 1102 445 1160 populi,
466 1102 608 1142 vivere
629 1102 698 1142 hic
723 1112 765 1142 et
787 1099 1013 1158 praesidere
1035 1101 1077 1140 in
1101 1101 1418 1141 Successoribus
1441 1101 1521 1141 suis
1539 1101 1710 1141 Petrum
1731 1098 1962 1157 Apostolo-

118 1183 213 1207 rum
242 1165 526 1223 Principem²,
551 1167 665 1221 cujus
694 1164 875 1223 dignitas
906 1164 949 1205 in
978 1164 1156 1222 indigno
1187 1166 1315 1205 etiam
1344 1167 1433 1220 ejus
1457 1165 1626 1206 haerede
1647 1180 1735 1206 non
1770 1163 1960 1205 deficit³.

119 1232 411 1281 Meminerint,
439 1231 650 1272 Christum
675 1231 909 1272 Dominum
925 1231 1111 1288 posuisse
1133 1231 1176 1270 in
1193 1231 1273 1271 hac
1290 1230 1402 1270 Petri
1420 1229 1622 1271 cathedra
1640 1228 1964 1286 inexpugnabile

120 1297 317 1338 Ecclesiae
341 1312 426 1337 suae
450 1296 802 1337 fundamentum*
831 1306 872 1336 et
901 1296 1025 1336 Petro
1048 1294 1125 1353 ipsi
1150 1295 1285 1336 claves
1314 1294 1477 1336 dedisse
1501 1295 1620 1353 regni
1641 1293 1896 1344 Coelorum⁵,
1919 1308 1967 1334 ac

119 1373 344 1419 propterea
369 1377 522 1411 orasse,
544 1372 590 1402 ut
610 1377 694 1402 non
720 1360 915 1401 deficeret
936 1360 1040 1401 fides
1061 1361 1165 1416 ejus,
1189 1359 1413 1416 eidemque
1437 1359 1658 1400 mandasse
1676 1369 1722 1399 ut
1741 1357 1966 1399 confirma-

120 1437 184 1467 ret
203 1428 247 1467 in
264 1427 334 1468 illa
352 1426 522 1468 fratres⁶
538 1441 549 1480 ·,
575 1437 621 1467 ut
638 1425 818 1484 proinde
835 1425 949 1466 Petri
969 1440 1184 1466 successor
1201 1426 1418 1465 Romanus
1437 1424 1636 1465 Pontifex
1659 1422 1701 1463 in
1726 1422 1967 1464 universum

122 1492 272 1533 orbem
296 1502 439 1533 teneat
460 1492 704 1549 primatum,
727 1502 768 1532 et
788 1506 908 1531 verus
932 1490 1086 1531 Christi
1105 1489 1295 1541 vicarius,
1317 1491 1528 1547 totiusque
1549 1489 1742 1530 Ecclesiae
1760 1498 1903 1546 caput,
1927 1498 1968 1529 et

121 1557 312 1597 omnium
332 1557 659 1598 christianorum
681 1556 806 1596 Pater
830 1566 870 1596 et
894 1555 1045 1596 doctor
1063 1554 1230 1596 existat⁷
1248 1587 1255 1595 .

180 1668 229 1708 In
255 1683 336 1724 qua
364 1682 464 1708 sane
487 1682 586 1725 erga
615 1669 857 1708 Romanum
886 1666 1136 1708 Pontificem
1166 1666 1421 1725 populorum
1449 1666 1764 1715 communione,
1793 1675 1834 1706 et
1859 1664 1968 1707 obe-

123 1731 282 1773 dientia
316 1732 489 1785 tuenda,
515 1733 653 1773 brevis
681 1743 722 1772 et
753 1731 1055 1788 compendiosa
1080 1732 1146 1772 via
1177 1741 1237 1772 est
1269 1730 1322 1771 ad
1351 1731 1444 1771 illos
1472 1731 1515 1770 in
1547 1730 1761 1771 catholicae
1784 1729 1969 1771 veritatis

120 1797 378 1854 professione
396 1796 722 1838 conservandos.
746 1796 894 1852 Neque
912 1794 1023 1835 enim
1045 1795 1135 1836 fieri
1155 1806 1309 1853 potest,
1334 1806 1380 1835 ut
1404 1796 1494 1852 quis
1514 1811 1535 1835 a
1555 1795 1759 1836 catholica
1781 1794 1864 1836 fide
1886 1794 1969 1836 ulla

121 1878 308 1919 unquam
335 1878 387 1904 ex
414 1873 532 1920 parte
559 1861 749 1911 rebellet,
779 1860 857 1901 nisi
882 1871 923 1901 et
953 1861 1255 1915 auctoritatem
1274 1859 1441 1915 abjiciat
1463 1862 1666 1900 Romanae
1692 1858 1901 1910 Ecclesiae,
1925 1859 1968 1900 in

123 1944 204 1985 qua
228 1939 342 1969 extat
363 1927 552 1983 ejusdem
573 1926 673 1968 fidei
694 1925 1002 1968 irreformabile
1025 1925 1310 1983 magisterium
1337 1941 1358 1965 a
1383 1923 1526 1965 divino
1552 1924 1841 1981 Redemptore
1868 1922 1965 1964 fun-

123 1992 284 2044 datum,
317 2003 357 2033 et
382 1992 425 2033 in
449 2008 531 2049 qua
554 2002 779 2049 propterea
801 2006 966 2048 semper
990 2001 1235 2032 conservata
1266 1990 1344 2030 fuit
1373 2005 1438 2040 ea,
1469 2005 1562 2046 quae
1591 2000 1652 2030 est
1676 1989 1729 2029 ab
1754 1988 1968 2046 Apostolis

122 2057 311 2099 traditio.
330 2056 442 2098 Hinc
459 2073 546 2098 non
566 2056 696 2097 modo
719 2057 900 2112 antiquis
922 2055 1143 2106 haereticis,
1173 2055 1246 2096 sed
1264 2054 1390 2097 etiam
1407 2054 1711 2095 recentioribus
1729 2054 1967 2095 Protestan—

121 2122 250 2172 tibus,
265 2137 445 2179 quorum
463 2120 719 2178 caeteroquin
737 2131 855 2161 tanta
872 2121 914 2160 in
934 2119 1103 2177 reliquis
1122 2119 1204 2161 suis
1224 2120 1386 2177 placitis
1405 2118 1617 2160 discordia
1639 2129 1713 2168 est,
1734 2117 1838 2159 illud
1852 2133 1967 2159 com-

124 2202 252 2227 mune
270 2201 434 2243 semper
458 2186 548 2236 fuit,
578 2197 623 2227 ut
645 2186 935 2227 auctoritatem
960 2184 1262 2242 impugnarent
1277 2183 1530 2242 Apostolicae
1546 2183 1677 2233 Sedis,
1700 2198 1826 2239 quam
1848 2182 1967 2224 nullo

123 2267 294 2309 prorsus
313 2261 516 2308 tempore,
537 2251 734 2308 nullaque
759 2262 862 2302 arte,
888 2260 960 2291 aut
980 2250 1211 2300 molimine,
1235 2265 1290 2290 ne
1306 2248 1359 2290 ad
1382 2265 1513 2290 unum
1538 2247 1709 2305 quidem
1731 2263 1782 2288 ex
1802 2247 1884 2288 suis
1903 2262 1970 2288 er-

124 2315 290 2357 roribus
322 2314 591 2356 tolerandum
623 2316 825 2357 inducere
856 2326 1104 2373 potuerunt.
1129 2314 1291 2356 Idcirco
1320 2313 1518 2355 hodierni
1547 2314 1671 2355 etiam
1701 2314 1795 2365 Dei,
1823 2324 1864 2354 et
1886 2313 1968 2353 hu-

125 2396 264 2422 manae
299 2380 507 2421 societatis
535 2381 675 2422 hostes
703 2380 808 2421 nihil
836 2382 1030 2423 inausum
1061 2378 1316 2436 relinquunt,
1342 2389 1388 2419 ut
1416 2378 1543 2419 Italos
1567 2378 1745 2435 populos
1766 2394 1789 2419 a
1810 2378 1966 2419 Nostro

125 2445 370 2502 Sanctaeque
406 2444 592 2500 ejusdem
611 2445 728 2486 Sedis
746 2445 949 2502 obsequio
971 2444 1191 2497 divellant,
1212 2445 1290 2484 rati
1309 2442 1523 2494 nimirum,
1546 2453 1636 2483 tum
1655 2442 1825 2483 demum
1845 2457 1967 2500 posse

124 2510 203 2551 sibi
222 2510 481 2567 contingere,
505 2520 550 2550 ut
569 2509 733 2551 Italiam
757 2512 889 2568 ipsam
911 2508 1126 2567 impietate
1157 2508 1358 2550 doctrinae
1388 2523 1486 2558 suae,
1514 2523 1809 2565 novorumque
1832 2518 1966 2565 syste-

124 2584 285 2615 matum
310 2585 426 2632 peste
446 2575 751 2616 contaminent.

184 2640 324 2696 Atque
348 2638 401 2679 ad
433 2654 604 2696 pravam
628 2639 737 2680 hanc
767 2639 1020 2692 doctrinam,
1045 2650 1085 2680 et
1107 2648 1331 2696 systemata
1359 2636 1473 2693 quod
1507 2637 1669 2687 attinet,
1704 2648 1853 2678 notum
1877 2638 1966 2692 jam

125 2702 323 2746 omnibus
345 2714 423 2755 est,
446 2703 540 2744 illos
560 2718 610 2744 eo
635 2702 901 2760 potissimum
928 2714 1131 2760 spectare,
1160 2713 1207 2743 ut
1232 2701 1452 2756 libertatis,
1483 2713 1526 2743 et
1551 2702 1796 2759 {equalitatis
1822 2702 1965 2743 nomi-

126 2769 249 2809 nibus
270 2769 508 2820 abutentes,
527 2767 701 2808 exitiosa
725 2767 758 2808 C
762 2773 1028 2808 ommunismi
1047 2778 1088 2808 et
1109 2767 1357 2807 Socialz'smi
1374 2779 1609 2808 commenta
1631 2768 1673 2808 in
1694 2767 1841 2825 vulgus
1860 2766 1964 2808 insi-

236 2872 321 2909 Vid.
338 2872 536 2906 Tridentini
556 2885 635 2907 sess,
653 2873 705 2905 lv
722 2873 757 2905 in
776 2873 913 2906 Decret.
936 2872 979 2905 de
1002 2872 1150 2904 Editione
1169 2880 1201 2904 et
1218 2885 1275 2904 usu
1291 2885 1455 2904 sacrorum
1477 2872 1657 2906 Librorum.

236 2921 289 2954 Ex
307 2920 391 2954 actis
409 2920 574 2966 Ephesini
593 2920 757 2965 (10ηείΙῦἱ
778 2921 853 2954 Act.
872 2919 940 2961 III,
963 2928 994 2952 et
1011 2920 1048 2954 S.
1063 2919 1154 2952 Petri
1173 2919 1382 2965 Chrysologi
1400 2920 1511 2965 Epist.
1531 2919 1575 2954 ad
1590 2919 1787 2966 Eutychen.

236 2969 309 3002 Leo
329 2968 380 3003 M.
402 2967 512 3002 Serm.
534 2966 569 3000 in
590 2967 708 3002 anniv,
730 2969 908 3012 Assumpt.
925 2978 1007 3002 suae.

203 3042 209 3049 .
238 3015 368 3050 Matth.
389 3027 465 3057 xv1,
489 3016 543 3050 18.

200 3088 208 3096 .
236 3062 332 3096 Ibid.
350 3075 387 3096 v.
405 3065 461 3098 19.

235 3110 352 3154 Lucae,
372 3122 483 3152 xxvu,
505 3112 563 3152 31,
584 3110 642 3143 32.

202 3182 209 3190 .
235 3156 288 3190 Ex
305 3157 464 3191 Concilio
485 3155 699 3192 oecumenico
719 3154 921 3189 Florentino
938 3156 973 3188 in
995 3155 1073 3188 Def.
1096 3168 1152 3188 seu
1174 3155 1273 3189 Decr.
1295 3155 1459 3191 Unionis.

174 2877 209 3192 Qoeweaer
