2135 3442
138 233 158 267 l,
384 226 690 271 ENCYCLIQUE
720 225 783 259 DE
811 223 859 258 N.
891 223 934 259 T.
966 221 1004 260 S.
1035 222 1077 256 P.
1107 219 1167 254 LE
1195 218 1319 253 PAPE
1347 217 1426 252 1³1ss
1454 216 1526 252 lx.
1585 216 1701 253 1864.

139 314 410 379 Apostolicis
431 313 612 357 Litteris
635 311 895 374 praecipuos
919 307 1184 353 tristissima=
1208 313 1376 348 nostrae
1395 302 1538 347 aetatis
1562 317 1743 347 errores
1760 301 1959 350 damna-

139 382 307 437 uimus,
341 378 654 438 eximiamque
683 384 883 420 vestram
915 369 1226 435 episcopalem
1254 367 1541 429 vigilantiam
1571 367 1887 423 excitavimus,
1916 378 1962 414 et.

137 446 378 489 vniversos
402 441 641 487 catholicae
667 439 877 485 Ecclesiae
899 435 1040 481 Nobis
1064 434 1324 480 carissimos
1349 431 1468 476 filios
1492 432 1630 477 etiam
1656 442 1794 492 atque
1817 433 1954 480 etiam

141 508 411 554 monuimus
441 515 485 550 et
515 505 745 551 exhortati
779 518 954 557 sumus,
996 509 1044 544 ut
1076 509 1170 544 tam
1202 497 1311 542 dirae
1336 497 1551 557 contagia
1586 497 1725 558 pestis
1762 497 1960 544 omnino

135 574 381 619 horrerent
408 581 452 616 et
475 569 749 615 devitarent.
780 570 841 612 Ac
862 564 1113 629 praesertim
1135 565 1301 607 Nostra
1321 561 1472 623 prima
1488 561 1732 623 Encyclica
1757 561 1962 623 Epistola

137 638 212 684 die
241 640 269 684 9
302 635 570 681 novembris
594 650 719 679 anno
758 633 879 677 484ss
918 629 1064 674 Vobis
1103 627 1289 688 scripta,
1326 625 1541 687 binisque
1566 625 1957 685 Allocutionibus,

136 718 335 764 quarum
375 699 515 745 altera
539 698 613 743 die
637 699 664 744 9
693 695 952 742 decembris
985 709 1110 739 anno
1145 692 1284 746 4854,
1317 689 1460 736 altera
1492 706 1604 736 vero
1636 692 1664 736 9
1689 691 1810 752 junii
1834 707 1961 737 anno

139 767 263 813 4862
296 766 342 810 in
384 763 668 809 Consistorio
700 778 726 806 a
756 759 897 806 Nobis
927 758 1086 804 habita
1112 756 1210 811 fuit,
1239 764 1506 800 monstrosa
1543 755 1825 817 opinionum
1849 772 1961 819 por-

139 839 263 877 tenta
290 829 633 883 damnavimus,
662 843 763 888 quae
786 825 875 869 hac
891 823 1184 886 potissimum
1198 829 1328 865 aetate
1355 836 1463 865 cum
1477 821 1683 865 maximo
1699 821 1962 866 animarum

137 894 329 948 damno,
371 902 415 938 et
459 891 604 937 civilis
644 891 786 953 ipsius
822 888 1052 934 societatis
1082 885 1364 931 detrimento
1400 883 1724 942 dominantur,
1765 902 1962 948 quaeque

135 976 231 1005 non
257 959 408 1003 solum
430 956 668 1002 catholicae
692 954 922 1010 Ecclesiae,
950 952 1139 1014 ejusque
1163 950 1351 995 salutari
1375 950 1601 996 doctrinae
1615 965 1668 994 ac
1685 950 1962 997 venerandis

136 1022 336 1084 juribus,
367 1038 529 1066 verum
554 1021 692 1065 etiam
717 1019 1008 1081 sempiternoe
1032 1013 1232 1061 naturali
1258 1013 1346 1073 legi
1371 1031 1398 1061 a
1420 1017 1522 1060 Deo
1549 1015 1595 1059 in
1620 1015 1835 1059 omnium
1858 1032 1963 1060 cor-

134 1088 272 1133 dibus
315 1086 568 1148 insculptze,
607 1094 836 1145 rectaeque
860 1081 1028 1127 rationi
1054 1079 1255 1125 maxime
1279 1079 1605 1137 adversantur,
1645 1088 1690 1124 et
1714 1096 1767 1125 ex
1792 1079 1963 1141 quibus

136 1151 210 1197 alii
240 1167 388 1214 prope
411 1166 573 1194 omnes
599 1149 825 1210 originem
845 1146 1020 1191 habent
1043 1161 1239 1191 errores.

202 1216 296 1262 Etsi
338 1224 493 1260 autem
519 1213 642 1258 haud
681 1211 974 1257 omiserimus
1017 1209 1285 1272 potissimos
1321 1208 1596 1270 hujusmodi
1627 1225 1808 1255 errores
1844 1227 1962 1274 saepe

135 1279 425 1342 proscribere
461 1287 504 1322 et
538 1276 811 1339 reprobare,
853 1285 1008 1321 tamen
1047 1274 1288 1319 catholicae
1328 1274 1542 1320 Ecclesiae
1584 1290 1739 1331 causa,
1782 1275 1962 1321 anima-

134 1361 330 1404 rumque
355 1342 474 1388 salus
508 1341 650 1387 Nobis
689 1341 910 1386 divinitus
946 1339 1214 1397 commissa,
1253 1348 1393 1401 atque
1416 1339 1560 1401 ipsius
1582 1339 1801 1384 humanae
1823 1341 1965 1385 socie-

135 1409 236 1454 tatis
258 1408 438 1453 bonum
466 1407 663 1451 omnino
689 1404 946 1468 postulant,
974 1413 1025 1450 ut
1049 1405 1216 1449 iterum
1246 1404 1532 1467 pastoralem
1557 1413 1759 1449 vestram
1788 1404 1961 1450 sollici-

134 1473 344 1518 tudinem
383 1471 637 1516 excitemus
673 1470 730 1515 ad
768 1470 876 1515 alias
908 1485 1072 1532 pravas
1105 1468 1423 1532 profligandas
1463 1469 1729 1532 opiniones,
1772 1485 1874 1531 quae
1908 1486 1962 1515 ex

134 1537 308 1582 eisdem
334 1536 586 1591 erroribus,
613 1535 755 1580 veluti
780 1551 831 1579 ex
858 1533 1065 1579 fontibus
1078 1543 1350 1595 erumpunt.
1379 1535 1492 1590 Quae
1515 1533 1636 1579 salsae
1659 1549 1713 1579 ac
1735 1550 1966 1596 perversae

135 1601 381 1664 opiniones
405 1616 460 1645 eo
487 1602 629 1661 magis
652 1598 931 1644 detestandae
955 1608 1081 1656 sunt,
1109 1599 1238 1659 quod
1257 1614 1313 1642 eo
1335 1598 1630 1661 potissimum
1656 1607 1885 1661 spectant,
1914 1608 1965 1644 ut

135 1665 414 1728 impediatur
440 1673 482 1708 et
512 1672 786 1709 amoveatur
810 1662 1020 1708 salutaris
1045 1663 1122 1708 illa
1144 1663 1228 1719 vis,
1258 1678 1401 1723 quam
1425 1662 1655 1708 catholica
1684 1663 1889 1710 Ecclesia
1908 1680 1962 1709 ex

135 1729 282 1774 divini
302 1729 370 1774 sui
387 1730 597 1774 Auctoris
616 1728 903 1773 institutione
923 1737 966 1773 et
983 1727 1227 1784 mandato,
1247 1727 1391 1773 libere
1414 1743 1630 1773 exercere
1654 1727 1796 1774 debet
1816 1745 1964 1791 usque

134 1793 194 1840 acl
218 1794 672 1839 consummationem
694 1792 845 1838 saeculi
873 1809 969 1837 non
1011 1793 1167 1837 minus
1200 1808 1306 1853 erga
1325 1792 1532 1853 singulos
1559 1792 1791 1850 homines,
1821 1809 1963 1855 quam

134 1875 241 1920 erga
258 1859 488 1916 nationes,
519 1857 718 1920 populos
747 1873 1049 1919 summosque
1075 1873 1238 1902 eorum
1272 1857 1526 1920 Principes,
1558 1867 1700 1919 utque
1726 1857 1784 1904 de
1804 1858 1963 1903 medio

137 1923 323 1968 tollatur
338 1933 501 1967 mutua
516 1923 589 1967 illa
605 1922 723 1966 inter
748 1921 1069 1967 Sacerdotium
1095 1932 1139 1967 et
1157 1922 1413 1985 Imperium
1439 1922 1742 1968 consiliorum
1770 1924 1964 1969 societas

137 1997 178 2032 et
211 1986 482 2044 concordia,
520 2004 619 2048 qua*
652 1987 717 2032 rei
759 2003 867 2031 cum
897 2003 1035 2032 sacrae
1066 1997 1164 2032 tum
1199 1987 1320 2032 civili
1349 1986 1497 2033 fausta
1530 2004 1715 2050 semper
1738 1988 1887 2033 extitit
1910 2004 1964 2034 ac

136 2052 384 2097 salutaris¹.
439 2052 616 2096 Etenim
650 2051 796 2114 probe
824 2052 1029 2109 noscitis,
1058 2052 1358 2098 Venerabiles
1388 2056 1585 2110 Fratres,
1624 2052 1718 2098 hoc
1749 2063 1964 2116 tempore

138 2132 232 2160 non
260 2132 433 2178 paucos
459 2116 662 2178 reperiri,
700 2116 778 2177 qui
806 2116 925 2160 civili
952 2118 1189 2162 consortio
1215 2118 1414 2180 impium
1447 2117 1802 2179 absurdumque
1826 2129 1962 2163 nata-

139 2180 337 2236 ralz'smi,
366 2181 429 2223 uti
450 2189 636 2236 vocant,
663 2181 944 2243 principium
969 2181 1256 2244 applicantes
1276 2182 1451 2227 audent
1471 2183 1660 2240 docere,
1687 2202 1708 2224 c(
1736 2183 1964 2246 optimam

139 2244 365 2290 societatis
383 2244 578 2306 publicce
597 2245 844 2300 rationem,
872 2246 1147 2308 civilemque
1171 2263 1471 2310 progressum
1490 2248 1687 2293 omnino
1706 2247 1961 2308 requirere,

142 2317 191 2353 ut
231 2308 438 2353 humana
472 2309 664 2354 societas
693 2310 1000 2355 constituatur
1024 2320 1068 2356 et
1092 2311 1395 2372 gubernetur,
1424 2312 1553 2358 nullo
1578 2311 1739 2358 habito
1773 2312 1832 2357 ad
1858 2312 1964 2357 reli-

143 2373 326 2434 gionem
372 2383 598 2436 respectu,
642 2389 693 2418 ac
739 2374 773 2418 si
817 2390 868 2419 ea
909 2392 1004 2420 non
1050 2377 1290 2434 existeret,
1341 2377 1414 2422 vel
1458 2377 1620 2424 saltem
1661 2376 1793 2422 nullo
1842 2377 1964 2423 facto

143 2453 299 2482 veram
331 2438 448 2481 iuter
481 2438 706 2499 salsasque
730 2437 973 2498 religiones
1002 2440 1287 2487 discrimine.
1317 2462 1339 2484 υ
1373 2445 1519 2505 Atque
1536 2452 1700 2487 contra
1726 2457 1963 2487 sacrarum

144 2501 437 2559 Litterarum,
474 2502 697 2557 Ecclesia,
725 2514 1088 2566 sanctorumque
1118 2508 1306 2551 Patrum
1333 2506 1614 2565 doctrinam,
1639 2522 1841 2551 asserere
1868 2523 1964 2551 non

146 2564 378 2619 dubitant,
414 2584 433 2605 α
464 2567 688 2628 optimam
715 2582 810 2611 esse
837 2569 1155 2614 conditionem
1184 2572 1434 2629 societatis,
1461 2573 1507 2616 in
1529 2587 1624 2632 qua
1649 2573 1849 2633 Imperio
1870 2587 1965 2616 non

145 2630 410 2690 agnoscitur
432 2630 636 2674 osticium
663 2631 910 2675 coercendi
939 2634 1122 2679 sancitis
1146 2637 1296 2697 poenis
1317 2636 1566 2681 violatores
1590 2636 1830 2681 catliolicae
1855 2636 1967 2681 reli-

145 2695 310 2754 gionis,
352 2693 437 2737 uisi
484 2703 711 2755 quatenus
734 2711 822 2756 pax
856 2696 1044 2757 publica
1069 2700 1286 2760 postulet.
1331 2722 1352 2743 »
1389 2704 1453 2745 Ex
1491 2717 1585 2763 qua
1623 2702 1820 2746 omnino
1856 2701 1967 2746 falsa

144 2758 324 2802 socialis
353 2758 585 2817 regiminis
614 2758 714 2802 idea
745 2758 872 2804 haud
895 2762 1058 2806 timent
1083 2780 1327 2810 erroneam
1351 2766 1478 2810 illam
1507 2766 1664 2811 fovere
1691 2766 1967 2829 opinionem

144 2821 381 2867 catholicae
406 2822 634 2875 Ecclesiae,
652 2823 1006 2886 animarumque
1025 2827 1158 2872 saluti
1178 2830 1378 2875 maxime
1405 2830 1635 2876 exitialem
1653 2845 1679 2875 a
1703 2847 1795 2876 rec.
1819 2846 1960 2875 mem.

145 2887 371 2947 Gregorio
432 2889 529 2930 XVI
588 2886 928 2933 Praedecessore
988 2894 1153 2937 Nostro
1210 2893 1569 2940 deliramentum
1627 2895 1907 2959 appellatam
1924 2896 1962 2950 ²,

145 2951 367 2994 nimirum
413 2969 433 2991 «
473 2949 734 2996 libertatem
757 2954 1050 3000 conscientiae
1084 2965 1127 3000 et
1159 2958 1369 3004 cultuum
1403 2977 1500 3006 esse
1525 2961 1769 3023 proprium
1807 2959 1963 3020 cujus-

148 3030 350 3076 cumque
387 3013 592 3059 hominis
627 3016 720 3076 jus,
762 3017 891 3077 quod
924 3017 1022 3079 lege
1058 3021 1334 3081 proclamari
1359 3035 1402 3070 et
1426 3025 1566 3070 asseri
1599 3024 1737 3070 debet
1762 3024 1808 3069 in
1835 3023 1966 3068 omni

148 3087 269 3123 recte
292 3079 544 3124 constituta
568 3082 805 3137 societate,
836 3090 880 3125 et
901 3082 976 3142 jus
1003 3083 1181 3130 civibus
1205 3087 1354 3133 inesse
1379 3089 1438 3135 ad
1471 3088 1795 3135 omnimodam
1827 3087 1965 3133 liber-

202 3198 236 3232 i.
270 3196 431 3246 Gregor.
450 3198 538 3232 XVI
555 3195 670 3245 Epist.
695 3196 844 3245 Eurycl.
873 3201 1055 3244 «stlirari,
1083 3215 1100 3232 ιι
1124 3204 1172 3238 15
1188 3215 1274 3253 aug.
1302 3207 1419 3253 1832,
1435 3220 1530 3256 pag.
1559 3208 1650 3245 154.

199 3249 236 3284 Ξ.
268 3248 407 3286 Eadem
426 3249 577 3299 Encycl.
608 3266 624 3282 «
643 3252 802 3297 ,Hir-uri,
825 3266 842 3284 ³
863 3265 952 3301 pag.
976 3254 1064 3291 154.
