2135 3442
183 213 259 249 132
638 207 827 243 LETTRE
857 205 1202 250 APOSTOLIQUE
1233 205 1298 239 DE
1322 195 1449 238 LEON
1480 203 1570 237 XII.

187 320 204 335 «
233 297 360 340 etiam
377 294 557 337 sollicito
580 291 809 352 vigilantiae
831 291 971 334 studio
995 290 1151 332 instare
1175 305 1261 330 non
1284 287 1645 346 praetermisimus,
1671 298 1716 328 ut
1733 303 1756 328 a
1773 299 2023 346 competen-

185 384 203 400 «
233 361 348 403 tibus
363 359 574 417 judicibus
594 369 634 399 et
650 356 932 399 tribunalibus
953 356 1153 397 adversus
1173 353 1360 409 ejusdem
1376 352 1688 394 constitutionis
1703 351 1932 394 violatores
1946 368 2026 411 pro

189 449 203 463 «
231 426 375 468 delicti
397 440 589 466 mensura
606 422 924 481 procederetur,
944 419 1058 477 quod
1079 430 1120 460 et
1135 418 1187 459 ab
1210 419 1268 458 eis
1286 417 1420 475 reipsa
1434 432 1545 474 saepe
1565 417 1799 474 praestitum
1819 416 1912 468 fuit,
1937 433 2026 459 non

187 513 204 528 «ι
231 490 406 549 quidem
429 488 668 548 probabilia
693 487 926 535 dumtaxat,
959 483 1032 525 sed
1053 484 1178 541 plane
1199 481 1412 524 evidentia
1445 492 1488 523 et
1509 481 1749 523 indubitata
1777 494 2028 539 argumenta

188 579 205 594 «
235 555 492 606 dederimus,
519 570 570 594 ex
589 552 742 610 quibus
762 550 889 592 animi
923 549 1065 590 Nostri
1098 562 1242 588 sensus
1266 563 1314 587 ac
1332 546 1451 587 firma
1489 557 1531 587 et
1555 546 1786 588 deliberata
1829 547 2028 589 voluntas

191 645 208 659 ι(
233 620 374 680 quoad
398 634 582 662 censurae
605 633 680 675 per
713 616 872 658 dictum
894 614 1154 655 Clementem
1173 610 1544 668 praedecessorem,
1566 622 1613 652 ut
1632 611 1866 669 praefertur,
1888 613 2028 671 impo-

188 707 206 723 «
232 688 319 728 sitae
338 687 527 743 vigorem
546 694 587 724 et
623 680 932 723 subsistentiam
956 678 1055 718 satis
1088 687 1232 734 aperte
1254 675 1399 717 inferri
1420 676 1685 730 debuerant,
1721 678 1753 731 si
1777 692 1869 733 quae
1889 687 2030 719 autem

189 773 207 789 «
233 749 444 794 contraria
469 749 521 791 de
541 747 674 789 Nobis
698 744 843 803 opinio
865 742 1220 793 circumferretur,
1242 741 1332 782 Nos
1358 756 1452 782 eam
1470 742 1606 782 securi
1629 753 1902 783 contemnere
1926 757 2028 800 pos-

191 840 207 854 «
235 831 388 865 semus,
418 827 669 869 causamque
708 821 895 852 nostram
921 809 1035 862 justo
1058 805 1135 847 Dei
1168 805 1473 863 omnipotentis
1502 806 1662 861 judicio
1689 806 1946 864 relinquere,
1983 822 2031 848 ea

191 904 208 918 «
233 881 361 922 verba
394 889 656 937 usurpantes,
682 891 774 933 quae
799 874 900 915 olim
935 873 1044 912 inter
1076 887 1211 912 sacras
1249 870 1436 912 actiones
1471 871 1642 912 recitata
1665 870 1788 913 fuisse
1825 883 2023 914 constat:

191 970 208 983 «
237 971 292 977 -
313 946 482 993 Praesta,
506 956 760 1000 quaesumus,
774 936 971 987 Domine,
994 947 1040 977 ut
1056 936 1263 978 mentium
1280 936 1557 994 reprobarum
1579 952 1667 977 non
1691 952 1886 979 curemus
1902 937 2029 978 oblo-

191 1033 208 1048 κ
236 1009 401 1068 quium,
426 1008 500 1049 sed
518 1006 665 1048 eadem
689 1004 895 1063 pravitate
916 1002 1072 1043 calcata
1105 1017 1343 1052 exoramus,
1371 1012 1417 1042 ut
1435 1017 1513 1042 nec
1535 1002 1680 1043 terreri
1705 1019 1782 1044 nos
1804 1003 2028 1044 laceratio-

193 1098 209 1113 «
233 1074 358 1116 nibus
401 1071 572 1130 patiaris
609 1069 787 1125 injustis,
823 1082 902 1108 nec
941 1064 1139 1123 captiosis
1180 1065 1494 1107 adulationibus
1534 1065 1755 1123 implicari,
1789 1067 1862 1108 sed
1893 1066 2032 1124 potius

191 1162 207 1176 ι(
234 1153 391 1192 amare,
415 1136 528 1194 quod
550 1133 743 1193 praecipis
765 1151 773 1174 z
797 1157 851 1162 —-
872 1143 918 1172 ut
941 1131 1072 1172 habet
1091 1129 1313 1187 antiquum
1336 1130 1522 1180 Missale,
1552 1130 1667 1187 quod
1695 1143 1842 1173 sancto
1863 1131 2032 1174 Gelasio

191 1225 208 1240 a
234 1201 533 1262 praedecessori
558 1200 714 1240 Nostro
735 1196 952 1247 tribuitur,
977 1207 1018 1237 et
1038 1212 1060 1236 a
1080 1196 1313 1237 venerabili
1334 1211 1455 1237 servo
1477 1196 1552 1236 Dei
1569 1197 1751 1253 Josepho
1769 1198 1906 1239 Maria
1927 1197 2030 1237 Car-

191 1290 209 1305 «
236 1268 366 1310 dinali
382 1264 612 1308 Thomasio
633 1263 794 1305 editum
818 1262 896 1303 fuit
915 1263 959 1303 in
980 1261 1105 1303 missa
1121 1294 1130 1312 ,
1151 1277 1242 1318 quae
1263 1260 1502 1302 inscribitur
1525 1278 1533 1301 :
1557 1260 1717 1302 Contra
1747 1264 2028 1323 obloquentes.

250 1486 268 1501 «
294 1463 357 1504 Ne
372 1473 514 1502 tamen
536 1459 694 1516 aliquid
714 1475 789 1517 per
807 1458 896 1500 Nos
912 1456 1151 1515 improvide
1168 1457 1499 1515 praetermissum
1514 1457 1596 1498 dici
1617 1457 1788 1508 valeret,
1810 1473 1894 1513 quo
1915 1456 2034 1498 facile

195 1553 210 1568 «
239 1542 457 1588 possemus
499 1524 776 1566 mendacibus
812 1523 1034 1565 calumniis
1059 1522 1296 1564 fomentum
1325 1522 1528 1574 adimere,
1559 1534 1685 1580 atque
1719 1538 1764 1563 os
1799 1522 2033 1567 obstruere,

193 1617 210 1633 α
240 1593 385 1636 audito
402 1591 517 1649 prius
541 1589 845 1630 nonnullorum
860 1587 1179 1628 Venerabilium
1199 1589 1394 1628 Fratrum
1416 1588 1671 1629 Nostrorum
1694 1588 1800 1628 S.R.
1819 1587 1871 1627 E.
1886 1586 2035 1628 Cardi-

194 1682 211 1696 «
236 1657 397 1701 nalium
415 1654 608 1707 consilio,
621 1653 816 1696 eamdem
827 1653 1146 1710 praedecessoris
1159 1652 1302 1694 Nostri
1319 1653 1665 1693 constitutionem
1681 1650 1972 1709 praesentibus,
1991 1662 2037 1693 ut

195 1747 212 1761 u
238 1738 361 1781 supra
379 1720 432 1761 de
446 1720 577 1760 verbo
600 1719 652 1759 ad
672 1719 850 1759 verbum
869 1718 1069 1759 insertam
1094 1719 1137 1757 in
1163 1716 1299 1758 sorma
1319 1717 1527 1775 specifica,
1551 1733 1643 1774 quae
1661 1716 1852 1757 omnium
1868 1715 2037 1773 amplis-

194 1811 211 1826 «
241 1789 344 1830 sima
370 1796 412 1827 et
446 1782 729 1824 efficacissima
749 1784 948 1830 habetur,
975 1781 1227 1820 confirmare
1254 1780 1533 1830 decrevimus,
1559 1792 1687 1837 prout
1711 1797 1804 1821 eam
1837 1796 1890 1822 ex
1922 1791 2033 1821 certa

195 1877 211 1891 «
238 1851 425 1899 scientia,
447 1859 488 1888 et
506 1846 745 1905 apostolicae
765 1845 1024 1886 auctoritatis
1036 1844 1203 1885 Nostrae
1220 1843 1486 1900 plenitudine
1504 1844 1751 1884 earumdem
1766 1844 2036 1901 praesentium

199 1942 215 1956 «
242 1916 493 1958 Litterarum
512 1924 659 1953 tenore
684 1912 727 1952 in
749 1909 948 1952 omnibus
969 1920 1009 1950 et
1028 1925 1105 1966 per
1123 1909 1265 1949 omnia
1286 1907 1463 1966 perinde
1489 1924 1536 1949 ac
1554 1907 1586 1948 si
1607 1908 1771 1948 Nostris
1790 1919 1909 1948 motu
1931 1923 2035 1965 pro-

199 2005 215 2019 «
242 1982 352 2040 prio,
369 1978 631 2026 auctoritate,
653 1992 700 2017 ac
714 1976 889 2016 nomine
907 1974 1090 2032 primum
1107 1973 1231 2014 editae
1251 1971 1439 2023 fuissent,
1456 1971 1770 2024 confirmamus,
1787 1973 2036 2015 roboramus

199 2070 215 2084 «ι
246 2058 286 2088 et
304 2047 570 2092 innovamus,
591 2057 637 2082 ac
654 2051 905 2098 perpetuam
919 2040 1002 2080 vim
1017 2050 1058 2080 et
1068 2037 1297 2079 efficaciam
1313 2037 1470 2079 habere
1489 2037 1684 2078 volumus
1695 2049 1736 2078 et
1753 2037 2034 2080 decernimus.

255 2132 272 2148 «
294 2111 428 2151 Porro
461 2107 571 2147 iuter
597 2106 860 2163 gravissimas
890 2104 1075 2161 praefatae
1108 2102 1408 2161 prohibitionis
1443 2113 1483 2143 et
1517 2101 1801 2143 damnationis
1829 2117 1976 2143 causas
1993 2102 2034 2142 in

196 2198 215 2214 «
243 2173 486 2234 praeinserta
505 2170 806 2212 constitutione
829 2170 1074 2210 enunciatas
1089 2184 1173 2209 una
1197 2179 1273 2218 est,
1300 2166 1414 2224 quod
1432 2168 1475 2208 in
1501 2166 1746 2223 hujusmodi
1769 2167 2036 2208 societatibus

199 2264 216 2279 «
243 2251 284 2282 et
313 2236 612 2280 conventiculis
651 2236 947 2290 cujuscumque
985 2233 1201 2290 religionis
1234 2248 1281 2273 ac
1313 2244 1432 2273 sectae
1459 2233 1652 2273 homines
1677 2231 1856 2272 invicem
1879 2247 2035 2274 conso-

197 2325 216 2342 «
244 2304 422 2352 ciantur,
448 2317 529 2358 qua
556 2316 607 2341 ex
635 2316 679 2341 re
713 2300 810 2340 satis
842 2309 959 2356 patet
987 2314 1114 2355 quam
1143 2313 1296 2355 magna
1324 2297 1531 2355 pernicies
1566 2295 1782 2337 catholicae
1821 2295 2036 2354 religionis

200 2393 217 2407 «
240 2368 409 2428 puritati
441 2364 585 2406 inferri
623 2365 773 2405 valeat.
803 2363 944 2404 Altera
974 2374 1035 2404 est
1060 2373 1222 2403 arctum
1248 2373 1290 2403 et
1321 2362 1572 2419 impervium
1599 2360 1747 2402 secreti
1778 2360 1929 2412 foedus,
1952 2378 2036 2420 quo

199 2457 217 2472 «ι
241 2432 506 2475 occultantur
532 2445 601 2480 ea,
631 2445 724 2485 quae
756 2429 798 2469 in
834 2427 1076 2482 hujusmodi
1108 2426 1410 2468 conventiculis
1437 2426 1558 2476 fiunt,
1589 2425 1741 2482 quibus
1775 2426 1955 2483 proinde
1989 2443 2034 2468 ea

200 2521 218 2536 .‹
241 2498 444 2540 sententia
463 2495 613 2536 merito
629 2495 761 2551 aptari
778 2503 930 2551 potest,
946 2508 1072 2549 quam
1093 2491 1281 2533 Caecilius
1298 2491 1454 2532 Natalis
1474 2489 1585 2548 apud
1601 2491 1838 2531 Minucium
1856 2491 2037 2533 Felicem

198 2586 216 2601 «
243 2564 287 2604 in
322 2577 445 2604 causa
473 2558 672 2600 nimirum
700 2558 862 2599 diversa
891 2557 1095 2614 protulit:
1121 2581 1176 2587 ——
1208 2558 1397 2597 Honesta
1431 2570 1595 2612 semper
1627 2555 1795 2612 publico
1832 2556 2030 2613 gaudent,

199 2651 216 2666 «
242 2627 397 2670 scelera
416 2634 573 2666 secreta
598 2634 707 2664 sunt.
727 2647 786 2654 -—
811 2621 951 2663 Tertia
982 2632 1042 2662 est
1060 2621 1374 2676 jusjurandum,
1410 2635 1493 2676 quo
1526 2635 1569 2660 se
1600 2619 1841 2674 hujusmodi
1875 2633 2036 2663 secreto

201 2715 217 2731 (t
240 2689 536 2734 inviolabiliter
571 2686 777 2729 servando
811 2686 1098 2742 adstringunt,
1135 2687 1251 2741 quasi
1291 2685 1412 2725 liceat
1451 2683 1572 2725 alicui
1602 2685 1825 2740 cujuslibet
1856 2686 2036 2743 promis-

201 2780 216 2794 «
243 2758 370 2799 sionis
406 2765 477 2795 aut
502 2752 732 2808 juramenti
762 2752 939 2791 obtentu
968 2764 1010 2790 se
1041 2751 1148 2790 tueri
1166 2750 1394 2806 quominus
1415 2765 1437 2790 a
1459 2748 1646 2806 legitima
1672 2761 1880 2807 potestate
1907 2750 2035 2793 inter-

201 2845 218 2860 «
240 2832 412 2879 rogatus
443 2819 585 2859 omnia
618 2817 735 2857 fateri
764 2826 968 2865 teneatur,
1005 2830 1283 2870 quaecumque
1308 2814 1588 2870 exquiruntur
1622 2814 1675 2855 ad
1698 2815 2036 2873 dignoscendum

202 2910 218 2924 «ι
242 2903 294 2928 an
319 2884 478 2942 aliquid
499 2883 541 2923 in
560 2879 801 2937 hujusmodi
828 2877 1104 2920 conventibus
1125 2878 1211 2928 fiat,
1233 2878 1347 2936 quod
1369 2878 1421 2920 sit
1445 2890 1592 2920 contra
1611 2879 1843 2937 religionis,
1864 2891 1936 2921 aut
1955 2881 2036 2921 rei-

200 2974 218 2989 «
241 2950 422 3010 publicae
443 2959 613 2997 statum,
640 2957 681 2987 et
703 2946 833 3002 leges.
855 2946 1015 2997 Quarta
1037 2954 1114 2993 est,
1140 2943 1252 2999 quod
1276 2943 1520 2999 hujusmodi
1544 2945 1765 2986 societates
1788 2961 1873 2985 non
1897 2944 2036 2986 minus

202 3040 219 3055 «
245 3014 448 3064 civilibus,
467 3029 595 3070 quam
615 3009 827 3053 canonicis
847 3008 1135 3050 sanctionibus
1155 3007 1364 3049 adversari
1387 3008 1710 3066 dignoscuntur,
1729 3025 1859 3066 quum
1880 3009 2035 3051 scilicet

203 3104 219 3117 «
244 3083 336 3137 jure
356 3078 465 3121 civili
497 3077 639 3119 omnia
676 3073 850 3132 collegia
887 3084 928 3114 et
959 3072 1168 3122 sodalitia,
1195 3083 1350 3129 praeter
1372 3073 1585 3130 publicam
1613 3072 1905 3115 auctoritatem
1931 3088 2034 3114 con--

204 3167 220 3181 α
249 3144 407 3187 sociata
429 3142 754 3202 prohibeantur,
777 3150 823 3180 ut
838 3138 981 3180 videre
1006 3148 1068 3179 est
1090 3137 1134 3178 in
1160 3137 1473 3178 pandectarum
1495 3138 1605 3179 libro
1626 3139 1795 3187 XLVII,
1824 3139 1889 3179 tit.
1912 3143 1963 3179 22
1986 3138 2035 3178 (le

205 3232 221 3246 «
246 3210 443 3267 collegiis
460 3224 510 3249 ac
534 3206 777 3264 corporibus
803 3204 989 3255 illicitis,
1017 3213 1058 3243 et
1087 3202 1132 3243 iu
1170 3202 1326 3243 celebri
1354 3201 1531 3260 epistola
1558 3204 1605 3243 C.
1634 3202 1756 3244 Plinii
1782 3202 1937 3244 Caecilii
1964 3203 2036 3244 Se-

206 3295 220 3310 «
247 3273 390 3327 cundi,
416 3289 508 3330 quae
530 3283 592 3314 est
612 3270 782 3321 XCVII,
809 3269 885 3311 lib.
910 3269 967 3320 X,
992 3267 1033 3309 in
1058 3282 1140 3324 qua
1162 3266 1220 3309 ait
1246 3266 1384 3308 edicto
1413 3283 1488 3309 suo
1512 3267 1741 3309 secundum
1766 3265 2035 3325 imperatoris
