2135 3442
193 177 270 214 206
804 175 1117 212 ALLOCUTION
1145 176 1210 211 DE
1239 176 1319 211 PIE
1348 175 1420 211 IX.

191 264 240 304 lis
258 261 446 318 ejusdem
465 261 645 304 Ditionis
664 261 907 303 hominibus
921 261 1040 303 initio
1060 262 1150 319 ipso
1168 262 1437 304 pontificatus
1457 260 1601 303 Nostri
1619 261 1850 305 clementer
1868 263 2029 323 imper-

194 327 283 381 tita,
301 327 509 384 conjicere
525 327 764 377 voluerunt,
785 327 874 368 Nos
888 327 945 368 ita
962 327 1165 368 benevole
1180 328 1332 369 sentire
1355 327 1407 369 de
1428 341 1696 384 quocumque
1717 327 1943 370 hominum
1963 345 2032 388 ge-

195 407 308 446 nere,
335 404 380 434 ut
402 393 559 435 nedum
582 393 776 435 Ecclesiae
801 391 921 445 filios,
945 391 1019 433 sed
1040 403 1201 433 ceteros
1222 394 1349 434 etiam
1369 403 1414 434 ut
1434 407 1457 433 a
1480 391 1698 432 Catholica
1720 392 1881 434 unitate
1906 393 2031 436 alieni

192 469 484 516 permaneant,
507 473 592 499 esse
613 459 767 516 pariter
783 457 825 497 in
845 457 986 498 salutis
1000 456 1082 508 via,
1108 469 1231 515 atque
1249 459 1292 500 in
1310 469 1511 499 aeternam
1528 456 1658 498 vitam
1671 457 1890 514 pervenire
1907 473 2028 514 posse

194 524 463 565 arbitremur.
489 525 652 564 Desunt
671 522 804 563 Nobis
837 538 921 579 prae
941 522 1118 562 horrore
1138 522 1265 563 verba
1297 523 1348 564 ad
1377 537 1532 563 novam
1557 522 1667 562 hanc
1686 531 1836 562 contra
1858 521 1960 572 Nos,
1989 534 2033 565 et

191 600 280 629 tam
300 599 487 630 atrocem
506 587 702 644 injuriam
732 586 1043 628 detestandam.
1067 589 1272 629 Amamus
1300 588 1495 645 equidem
1526 587 1677 627 intimo
1711 585 1850 627 cordis
1877 584 2032 629 affectu

193 653 388 694 homines
407 653 635 703 universos,
668 668 757 693 non
781 651 903 692 aliter
926 663 1067 692 tamen
1093 668 1219 709 quam
1248 652 1290 693 in
1315 654 1491 694 caritate
1514 650 1592 692 Dei
1625 662 1665 692 et
1689 649 1864 691 Domini
1888 651 2032 693 Nostri

191 720 287 760 Jesu
310 717 480 767 Christi,
501 717 571 774 qui
594 717 709 759 venit
736 732 934 774 quaerere,
963 727 1004 757 et
1032 716 1190 758 salvum
1214 716 1353 758 facere
1382 717 1498 774 quod
1519 717 1711 774 perierat,
1736 715 1807 772 qui
1827 731 1904 773 pro
1933 731 2030 758 om-

192 783 316 824 nibus
335 793 525 824 mortuus
548 793 624 833 est,
650 783 721 839 qui
745 797 889 823 omnes
913 782 1107 823 homines
1127 782 1217 823 vult
1235 782 1370 824 salvos
1394 782 1498 833 fieri,
1521 792 1562 823 et
1593 780 1646 822 ad
1670 781 1933 838 agnitionem
1952 796 2029 823 ve-

193 848 325 889 ritatis
342 848 505 901 venire,
533 848 605 905 qui
630 848 740 888 misit
759 846 939 904 proinde
961 846 1188 904 discipulos
1209 863 1305 888 suos
1323 847 1368 888 in
1387 846 1596 888 mundum
1613 846 1854 887 universum
1873 836 2027 904 praedi-

193 928 290 955 care
312 911 586 969 Evangelium
619 911 735 954 omni
761 922 987 965 creaturae,
1012 912 1264 953 denuntians
1282 928 1352 954 eos
1378 913 1450 969 qui
1475 911 1731 954 crediderint
1756 921 1798 953 et
1822 910 2031 969 baptizati

196 976 356 1018 fuerint
390 977 525 1019 salvos
559 977 674 1028 fore,
707 977 775 1033 qui
813 993 915 1017 vero
948 992 1034 1018 non
1071 976 1331 1018 crediderint
1370 977 1701 1020 condemnatum
1738 974 1805 1017 iri.
1843 975 2031 1017 Veniant

192 1042 319 1100 igitur
352 1043 421 1100 qni
459 1042 559 1083 salvi
598 1041 687 1083 fieri
729 1041 873 1082 volunt
906 1042 960 1082 ad
991 1041 1233 1082 columnam
1260 1053 1302 1082 et
1331 1041 1644 1082 firmamentum
1674 1039 1878 1090 veritatis,
1915 1040 2030 1098 quod

193 1106 377 1149 Ecclesia
410 1117 492 1158 est,
524 1107 695 1148 veniant
724 1105 879 1147 scilicet
908 1105 961 1146 ad
997 1121 1140 1147 veram
1170 1106 1322 1146 Christi
1351 1105 1596 1156 Ecclesiam,
1629 1120 1722 1162 quae
1753 1105 1797 1145 in
1829 1104 1912 1146 suis
1934 1105 2032 1163 Epi-

192 1173 327 1230 scopis
347 1187 594 1228 summoque
616 1172 806 1212 omnium
819 1169 953 1228 capite
971 1171 1169 1212 Romano
1184 1169 1390 1212 Pontifice
1412 1170 1717 1212 successionem
1739 1169 1870 1211 habet
1889 1171 2029 1228 Apos—

191 1237 325 1278 tolicae
346 1235 603 1277 auctoritatis
621 1236 737 1277 nullo
753 1248 943 1294 tempore
962 1235 1257 1292 interruptam,
1281 1251 1372 1292 quae
1389 1234 1494 1276 nihil
1509 1249 1697 1292 unquam
1717 1235 1858 1291 potius
1880 1235 2031 1277 habuit

190 1317 318 1359 quam
345 1312 390 1341 ut
421 1300 680 1358 praedicaret,
713 1312 839 1357 atque
869 1300 986 1341 omni
1019 1315 1099 1358 ope
1133 1299 1363 1342 custodiret
1395 1315 1442 1340 ac
1481 1310 1670 1340 tueretur
1702 1297 1942 1340 doctrinam
1978 1315 2028 1341 ex

189 1366 341 1408 Christi
360 1365 563 1407 mandato
589 1366 640 1406 ab
662 1364 874 1422 Apostolis
894 1364 1216 1418 annunciatam3
1235 1380 1324 1421 quae
1343 1363 1444 1404 inde.
1464 1364 1516 1404 ab
1528 1362 1830 1421 Apostolorum
1849 1374 1969 1404 aetate
1987 1363 2030 1404 in

188 1430 338 1473 mediis
369 1446 496 1472 omne
526 1446 658 1488 genus
684 1429 1003 1472 difficultatibus
1035 1430 1178 1480 crevit,
1204 1440 1244 1470 et
1272 1444 1348 1487 per
1374 1439 1511 1470 totum
1544 1429 1695 1470 orbem
1732 1427 2029 1469 miraculorum

188 1495 413 1554 splendore
433 1495 600 1553 inclyta,
626 1496 863 1553 Martyrum
891 1495 1097 1552 sanguine
1121 1494 1388 1552 amplificata,
1416 1493 1716 1535 confessorum
1739 1503 1781 1534 et
1808 1491 2030 1551 Virginum

191 1561 409 1602 nobilitata
433 1559 674 1613 virtutibus,
697 1561 873 1600 Patrum
894 1559 1143 1601 testimoniis
1160 1559 1406 1617 scriptisque
1425 1557 1739 1616 sapientissimis
1752 1557 2027 1599 corroborata

184 1626 331 1684 viguit,
350 1625 544 1682 vigetque
565 1624 607 1665 in
630 1625 787 1666 cunctis
808 1635 928 1665 terrae
945 1623 1094 1681 plagis,
1116 1635 1157 1666 et
1172 1623 1360 1682 perfecta
1381 1623 1479 1664 fidei
1502 1634 1879 1676 sacramentorum,
1904 1624 2029 1665 sacri-

187 1706 267 1747 que
290 1689 506 1748 regiminis
523 1689 685 1731 unitate
707 1689 899 1747 refulget.
921 1690 1011 1730 Nos
1029 1690 1115 1746 qui,
1138 1688 1237 1730 licet
1264 1688 1444 1746 indigni,
1475 1688 1745 1746 praesidemus
1764 1689 1808 1728 in
1832 1702 2027 1746 suprema

184 1755 264 1796 hac
285 1753 397 1795 Petri
421 1754 612 1811 Apostoli
637 1753 862 1803 Cathedra,
887 1754 929 1794 in
955 1770 1035 1811 qua
1057 1754 1245 1794 Christus
1276 1753 1487 1794 Dominus
1511 1752 1703 1808 ejusdem
1722 1752 1916 1794 Ecclesiae
1946 1768 2028 1794 sua>

184 1819 512 1861 fundamentum
534 1819 688 1877 posuit,
716 1818 839 1859 nullis
862 1819 948 1859 ullo
970 1834 1159 1876 unquam
1177 1830 1368 1876 tempore
1392 1817 1500 1859 curis
1521 1817 1824 1873 laboribusque
1843 1817 2028 1859 abstine-

183 1884 336 1935 bimus,
358 1895 404 1924 ut
417 1899 494 1942 per
508 1883 636 1942 ipsius
656 1882 807 1924 Christi
824 1882 1001 1941 gratiam
1019 1899 1090 1924 eos
1110 1883 1179 1940 qui
1199 1882 1409 1940 ignorant,
1435 1893 1476 1923 et
1487 1893 1645 1933 errant,
1662 1881 1716 1921 ad
1736 1880 1905 1922 unicam
1918 1882 2029 1923 hanc

183 1948 369 1990 veritatis
392 1960 433 1989 et
452 1948 594 1990 salutis
612 1947 722 1989 viam
744 1947 1016 1989 adducamus.
1044 1947 1317 1988 Meminerint
1341 1958 1483 1988 autem
1501 1946 1757 2004 quicumque
1779 1961 1830 1987 ex
1848 1946 2026 1988 adverso

185 2025 296 2065 sunt,
312 2013 587 2055 transiturum
609 2012 781 2070 quidem
806 2012 957 2053 coelum
977 2023 1018 2053 et
1038 2023 1212 2063 terram,
1238 2011 1311 2053 sed
1329 2011 1434 2052 nihil
1450 2010 1662 2069 praeterire
1682 2027 1885 2068 umquam
1904 2026 2025 2069 posse

183 2094 233 2119 ex
254 2078 397 2119 verbis
417 2077 585 2128 Christi,
614 2093 750 2134 neque
774 2076 816 2117 in
841 2076 1032 2118 doctrina
1054 2075 1320 2126 commutari,
1353 2092 1477 2134 quam
1505 2092 1527 2117 a
1548 2075 1713 2117 Christo
1734 2075 1919 2118 Ecclesia
1953 2090 2025 2117 ca-

184 2141 338 2184 tholica
361 2141 699 2195 custodiendam,
724 2141 944 2195 tuendam,
970 2153 1011 2184 et
1025 2141 1340 2200 praedicandam
1357 2140 1534 2199 accepit.

242 2309 342 2350 Post
371 2309 458 2349 haec
489 2307 604 2349 haud
641 2323 874 2366 possumus,
904 2308 1005 2364 quin
1036 2306 1173 2360 vobis,
1200 2306 1472 2348 Venerabiles
1503 2307 1690 2355 Fratres,
1719 2303 1942 2362 loquamur
1968 2304 2022 2348 de

184 2374 340 2415 doloris
364 2374 605 2425 acerbitate,
631 2389 712 2431 qua
735 2374 915 2414 confecti
941 2372 1112 2423 fuimus,
1137 2383 1360 2430 propterea
1379 2370 1493 2428 quod
1514 2369 1656 2427 paucis
1685 2379 1780 2410 aute
1805 2368 1954 2411 diebus
1976 2370 2017 2411 in

183 2440 262 2480 hac
277 2438 387 2479 alma
403 2439 521 2479 Urbe
537 2438 705 2489 Nostra,
727 2437 942 2479 catholica?
956 2436 1190 2494 Religionis
1214 2451 1307 2477 arce
1329 2446 1368 2476 et
1388 2446 1548 2485 centro,
1570 2433 1764 2474 nonnulli
1781 2433 2019 2491 paucissimi

183 2504 243 2544 illi
260 2502 432 2559 quidem
455 2503 648 2543 homines
666 2519 797 2560 prope
818 2502 1041 2544 delirantes
1064 2502 1238 2559 reperiri
1262 2510 1502 2558 potuerunt,
1528 2499 1598 2555 qui
1621 2498 1685 2540 vel
1710 2499 1846 2556 ipsum
1867 2499 2018 2540 huma—

183 2567 322 2609 nitatis
340 2583 506 2608 sensum
529 2567 769 2623 abjicientes
788 2583 883 2608 cum
906 2568 1091 2607 maximo
1119 2566 1297 2606 aliorum
1320 2565 1445 2622 ipsius
1463 2563 1587 2603 Urbis
1610 2564 1762 2604 civium
1785 2563 1957 2605 fremitu
1979 2573 2021 2604 et

184 2632 475 2690 indignatione
499 2633 669 2672 minime
691 2633 997 2673 exhorruerunt
1016 2631 1155 2688 palam
1176 2629 1428 2687 publiceque
1448 2628 1707 2685 triumphare
1733 2627 1776 2668 in
1799 2628 2021 2669 luctuosis-

183 2697 290 2739 simo
316 2697 513 2737 intestino
542 2696 654 2737 bello
686 2712 821 2753 nuper
842 2697 949 2737 inter
966 2694 1179 2737 Helvetios
1205 2694 1403 2734 excitatO.
1429 2691 1555 2744 Quod
1582 2692 1707 2733 fatale
1736 2708 1835 2734 sane
1861 2692 2017 2734 bellum

182 2763 271 2804 Nos
301 2762 450 2802 intimo
480 2761 606 2802 corde
637 2761 961 2818 ingemiscimus,
994 2770 1083 2800 tum
1111 2758 1165 2799 ob
1196 2756 1377 2798 effusum
1406 2756 1513 2798 illius
1547 2758 1726 2799 nationis
1754 2757 2014 2815 sanguinem,

184 2827 491 2882 fraternamque
511 2824 684 2876 caedem,
705 2836 746 2865 ct
765 2836 938 2873 atroces,
959 2823 1191 2874 diuturnas,
1217 2822 1480 2877 funestasque
1500 2821 1743 2873 discordias,
1769 2821 1883 2874 odia,
1903 2821 2019 2862 dissi-

186 2891 267 2941 dia,
298 2906 388 2947 quae
406 2906 456 2931 ex
481 2889 670 2930 civilibus
697 2889 958 2946 potissimum
978 2888 1098 2929 bellis
1124 2887 1166 2926 in
1199 2885 1376 2943 populos
1405 2885 1642 2928 redundare
1665 2887 1815 2937 solent,
1843 2897 1933 2926 tum
1961 2885 2017 2926 ob

185 2955 435 2996 detrimenta
466 2970 555 3011 quae
581 2953 679 2994 inde
709 2952 921 2993 catholicin
950 2953 1009 2992 rei
1038 2951 1254 2992 obvenisse
1279 2950 1529 3007 acecpimus,
1552 2962 1592 2992 et
1615 2952 1850 2992 obventura
1878 2947 2016 2990 adhuc

183 3021 390 3073 timemus,
413 3031 502 3060 tum
523 3019 703 3075 denique
727 3017 782 3058 ol)
811 3016 1071 3074 deploranda
1094 3014 1308 3072 sacrilegia
1336 3014 1378 3054 in
1399 3015 1534 3071 primo
1557 3014 1754 3057 conflictu
1774 3012 2012 3065 commissa,

185 3101 276 3142 quae
301 3099 632 3126 commemorare
650 3082 814 3124 animus
834 3082 1001 3139 refugit.

241 3157 438 3197 Ceterum
455 3155 555 3197 dum
572 3155 661 3196 haec
684 3154 979 3203 lamentamur,
999 3149 1254 3191 humillimas
1272 3151 1361 3190 Dco
1387 3151 1511 3191 totius
1534 3150 1830 3192 consolationis
1853 3149 2013 3207 agimus

181 3219 348 3276 gratias,
366 3222 434 3278 qui
455 3220 498 3262 in
520 3219 787 3262 multitudine
806 3215 1099 3259 misericordiae
1123 3230 1204 3256 suae
1225 3230 1307 3256 non
1328 3214 1477 3256 desinit
1493 3216 1582 3257 Nos
1602 3213 1812 3258 consolari
1830 3213 1874 3254 in
1894 3214 2011 3256 omni
