<?xml version="1.0" encoding="UTF-8"?>
<!DOCTYPE html PUBLIC "-//W3C//DTD XHTML 1.0 Transitional//EN"
    "http://www.w3.org/TR/xhtml1/DTD/xhtml1-transitional.dtd">
<html xmlns="http://www.w3.org/1999/xhtml" xml:lang="en" lang="en">
 <head>
  <title>
</title>
<meta http-equiv="Content-Type" content="text/html;charset=utf-8" />
  <meta name='ocr-system' content='tesseract 3.04.00' />
  <meta name='ocr-capabilities' content='ocr_page ocr_carea ocr_par ocr_line ocrx_word'/>
</head>
<body>
  <div class='ocr_page' id='page_1' title='image "./recueildesallocu00cath_0410.png"; bbox 0 0 2135 3442; ppageno 0'>
   <div class='ocr_carea' id='block_1_1' title="bbox 179 105 1340 143">
    <p class='ocr_par' dir='ltr' id='par_1_1' title="bbox 179 105 1340 143">
     <span class='ocr_line' id='line_1_1' title="bbox 179 105 1340 143; baseline -0.002 -1"><span class='ocrx_word' id='word_1_1' title='bbox 179 107 256 143; x_wconf 81' lang='lat'>398</span> <span class='ocrx_word' id='word_1_2' title='bbox 852 105 1041 140; x_wconf 83' lang='lat' dir='ltr'>LETTRE</span> <span class='ocrx_word' id='word_1_3' title='bbox 1069 105 1134 140; x_wconf 90' lang='lat' dir='ltr'>DE</span> <span class='ocrx_word' id='word_1_4' title='bbox 1162 105 1242 140; x_wconf 88' lang='lat' dir='ltr'>PIE</span> <span class='ocrx_word' id='word_1_5' title='bbox 1270 105 1340 140; x_wconf 88' lang='lat' dir='ltr'>IX.</span> 
     </span>
    </p>
   </div>
   <div class='ocr_carea' id='block_1_2' title="bbox 174 190 2022 1548">
    <p class='ocr_par' dir='ltr' id='par_1_2' title="bbox 174 190 2022 1548">
     <span class='ocr_line' id='line_1_2' title="bbox 177 190 2017 248; baseline 0.001 -14"><span class='ocrx_word' id='word_1_6' title='bbox 177 194 258 235; x_wconf 85' lang='lat' dir='ltr'>mis</span> <span class='ocrx_word' id='word_1_7' title='bbox 281 192 365 233; x_wconf 92' lang='lat' dir='ltr'>suis</span> <span class='ocrx_word' id='word_1_8' title='bbox 386 190 557 233; x_wconf 83' lang='lat' dir='ltr'><strong>Litteris</strong></span> <span class='ocrx_word' id='word_1_9' title='bbox 578 191 646 234; x_wconf 91' lang='lat' dir='ltr'>die</span> <span class='ocrx_word' id='word_1_10' title='bbox 671 197 723 234; x_wconf 91' lang='grc'>10</span> <span class='ocrx_word' id='word_1_11' title='bbox 745 192 903 234; x_wconf 88' lang='lat' dir='ltr'><strong>mensis</strong></span> <span class='ocrx_word' id='word_1_12' title='bbox 923 192 1143 234; x_wconf 83' lang='lat' dir='ltr'>Februarii</span> <span class='ocrx_word' id='word_1_13' title='bbox 1166 191 1219 233; x_wconf 92' lang='lat' dir='ltr'>ad</span> <span class='ocrx_word' id='word_1_14' title='bbox 1244 192 1333 232; x_wconf 88' lang='lat' dir='ltr'>Nos</span> <span class='ocrx_word' id='word_1_15' title='bbox 1355 190 1522 248; x_wconf 89' lang='lat' dir='ltr'>scriptis</span> <span class='ocrx_word' id='word_1_16' title='bbox 1551 206 1648 233; x_wconf 90' lang='lat' dir='ltr'>cum</span> <span class='ocrx_word' id='word_1_17' title='bbox 1667 207 1830 234; x_wconf 88' lang='lat' dir='ltr'>summa</span> <span class='ocrx_word' id='word_1_18' title='bbox 1850 192 1914 234; x_wconf 89' lang='lat' dir='ltr'>sui</span> <span class='ocrx_word' id='word_1_19' title='bbox 1936 210 2017 236; x_wconf 88' lang='lat' dir='ltr'>no-</span> 
     </span>
     <span class='ocr_line' id='line_1_3' title="bbox 176 254 2018 314; baseline 0.002 -16"><span class='ocrx_word' id='word_1_20' title='bbox 176 257 304 299; x_wconf 86' lang='lat' dir='ltr'>minis</span> <span class='ocrx_word' id='word_1_21' title='bbox 336 256 462 298; x_wconf 86' lang='lat' dir='ltr'>laude</span> <span class='ocrx_word' id='word_1_22' title='bbox 498 256 765 314; x_wconf 85' lang='lat' dir='ltr'>amplissimis</span> <span class='ocrx_word' id='word_1_23' title='bbox 799 256 940 298; x_wconf 89' lang='lat' dir='ltr'>verbis</span> <span class='ocrx_word' id='word_1_24' title='bbox 977 256 1107 298; x_wconf 88' lang='lat' dir='ltr'>semel</span> <span class='ocrx_word' id='word_1_25' title='bbox 1151 257 1391 313; x_wconf 83' lang='lat' dir='ltr'>iterumque</span> <span class='ocrx_word' id='word_1_26' title='bbox 1425 254 1645 312; x_wconf 84' lang='lat' dir='ltr'>professus</span> <span class='ocrx_word' id='word_1_27' title='bbox 1677 266 1752 305; x_wconf 87' lang='lat' dir='ltr'>est,</span> <span class='ocrx_word' id='word_1_28' title='bbox 1795 257 1904 299; x_wconf 89' lang='lat' dir='ltr'>nihil</span> <span class='ocrx_word' id='word_1_29' title='bbox 1938 259 2018 302; x_wconf 85' lang='lat' dir='ltr'>sibi</span> 
     </span>
     <span class='ocr_line' id='line_1_4' title="bbox 174 319 2017 380; baseline 0.001 -16"><span class='ocrx_word' id='word_1_30' title='bbox 174 322 334 380; x_wconf 88' lang='lat' dir='ltr'>potius,</span> <span class='ocrx_word' id='word_1_31' title='bbox 362 337 490 378; x_wconf 89' lang='lat' dir='ltr'>quam</span> <span class='ocrx_word' id='word_1_32' title='bbox 510 337 714 380; x_wconf 76' lang='lat' dir='ltr'>supremae</span> <span class='ocrx_word' id='word_1_33' title='bbox 735 323 914 372; x_wconf 74' lang='lat' dir='ltr'>Nostrae,</span> <span class='ocrx_word' id='word_1_34' title='bbox 942 333 984 363; x_wconf 93' lang='lat' dir='ltr'>et</span> <span class='ocrx_word' id='word_1_35' title='bbox 1005 323 1131 377; x_wconf 89' lang='lat' dir='ltr'>hujus</span> <span class='ocrx_word' id='word_1_36' title='bbox 1152 321 1410 380; x_wconf 83' lang='lat' dir='ltr'>Apostolicae</span> <span class='ocrx_word' id='word_1_37' title='bbox 1436 319 1557 362; x_wconf 88' lang='lat' dir='ltr'>Sedis</span> <span class='ocrx_word' id='word_1_38' title='bbox 1585 320 1826 362; x_wconf 81' lang='lat' dir='ltr'>auctoritati</span> <span class='ocrx_word' id='word_1_39' title='bbox 1851 337 2017 380; x_wconf 85' lang='lat' dir='ltr'>semper</span> 
     </span>
     <span class='ocr_line' id='line_1_5' title="bbox 176 385 2020 444; baseline 0.001 -16"><span class='ocrx_word' id='word_1_40' title='bbox 176 388 492 444; x_wconf 89' lang='lat' dir='ltr'>obtemperare,</span> <span class='ocrx_word' id='word_1_41' title='bbox 512 397 553 428; x_wconf 95' lang='lat' dir='ltr'>et</span> <span class='ocrx_word' id='word_1_42' title='bbox 570 386 728 428; x_wconf 90' lang='lat' dir='ltr'>idcirco</span> <span class='ocrx_word' id='word_1_43' title='bbox 750 402 792 428; x_wconf 91' lang='lat' dir='ltr'>se</span> <span class='ocrx_word' id='word_1_44' title='bbox 814 386 1052 428; x_wconf 83' lang='lat' dir='ltr'>humillime</span> <span class='ocrx_word' id='word_1_45' title='bbox 1077 387 1284 443; x_wconf 84' lang='lat' dir='ltr'>subjicere</span> <span class='ocrx_word' id='word_1_46' title='bbox 1304 396 1640 427; x_wconf 88' lang='lat' dir='ltr'>commemorato</span> <span class='ocrx_word' id='word_1_47' title='bbox 1661 386 1842 427; x_wconf 87' lang='lat' dir='ltr'>Decreto</span> <span class='ocrx_word' id='word_1_48' title='bbox 1863 385 1916 428; x_wconf 91' lang='lat' dir='ltr'>de</span> <span class='ocrx_word' id='word_1_49' title='bbox 1935 388 2020 430; x_wconf 84' lang='lat' dir='ltr'>suis</span> 
     </span>
     <span class='ocr_line' id='line_1_6' title="bbox 177 449 2019 510; baseline 0.001 -18"><span class='ocrx_word' id='word_1_50' title='bbox 177 450 381 510; x_wconf 87' lang='lat' dir='ltr'>operibus</span> <span class='ocrx_word' id='word_1_51' title='bbox 405 451 692 510; x_wconf 83' lang='lat' dir='ltr'>promulgato.</span> <span class='ocrx_word' id='word_1_52' title='bbox 724 452 818 493; x_wconf 92' lang='lat' dir='ltr'>Hoc</span> <span class='ocrx_word' id='word_1_53' title='bbox 849 463 994 493; x_wconf 89' lang='lat' dir='ltr'>autem</span> <span class='ocrx_word' id='word_1_54' title='bbox 1028 452 1243 510; x_wconf 80' lang='lat' dir='ltr'>egregium</span> <span class='ocrx_word' id='word_1_55' title='bbox 1278 467 1378 493; x_wconf 88' lang='lat' dir='ltr'>sane</span> <span class='ocrx_word' id='word_1_56' title='bbox 1407 449 1620 492; x_wconf 88' lang='lat' dir='ltr'>Guntheri</span> <span class='ocrx_word' id='word_1_57' title='bbox 1649 451 1891 509; x_wconf 79' lang='lat' dir='ltr'>exemplum</span> <span class='ocrx_word' id='word_1_58' title='bbox 1928 453 2019 510; x_wconf 85' lang='lat' dir='ltr'>pari</span> 
     </span>
     <span class='ocr_line' id='line_1_7' title="bbox 176 515 2020 574; baseline 0.001 -17"><span class='ocrx_word' id='word_1_59' title='bbox 176 516 308 558; x_wconf 88' lang='lat' dir='ltr'>animi</span> <span class='ocrx_word' id='word_1_60' title='bbox 328 515 476 558; x_wconf 83' lang='lat' dir='ltr'>Nostri</span> <span class='ocrx_word' id='word_1_61' title='bbox 496 516 652 574; x_wconf 84' lang='lat' dir='ltr'>gaudio</span> <span class='ocrx_word' id='word_1_62' title='bbox 672 515 825 557; x_wconf 86' lang='lat' dir='ltr'>imitati</span> <span class='ocrx_word' id='word_1_63' title='bbox 844 527 946 557; x_wconf 92' lang='lat' dir='ltr'>sunt</span> <span class='ocrx_word' id='word_1_64' title='bbox 959 516 1102 574; x_wconf 88' lang='lat' dir='ltr'>plures</span> <span class='ocrx_word' id='word_1_65' title='bbox 1115 516 1270 558; x_wconf 88' lang='lat' dir='ltr'>Dileeti</span> <span class='ocrx_word' id='word_1_66' title='bbox 1290 515 1385 557; x_wconf 90' lang='lat' dir='ltr'>Filii</span> <span class='ocrx_word' id='word_1_67' title='bbox 1405 517 1614 557; x_wconf 87' lang='lat' dir='ltr'>Doctores</span> <span class='ocrx_word' id='word_1_68' title='bbox 1634 515 1893 573; x_wconf 83' lang='lat' dir='ltr'>Theologiae,</span> <span class='ocrx_word' id='word_1_69' title='bbox 1916 517 2020 559; x_wconf 89' lang='lat' dir='ltr'>Phi-</span> 
     </span>
     <span class='ocr_line' id='line_1_8' title="bbox 175 579 2018 640; baseline 0.001 -16"><span class='ocrx_word' id='word_1_70' title='bbox 175 581 395 640; x_wconf 84' lang='lat' dir='ltr'>losophiae,</span> <span class='ocrx_word' id='word_1_71' title='bbox 419 581 616 622; x_wconf 58' lang='lat' dir='ltr'>Historiae</span> <span class='ocrx_word' id='word_1_72' title='bbox 639 580 947 631; x_wconf 67' lang='lat' dir='ltr'>ecclesiasticae,</span> <span class='ocrx_word' id='word_1_73' title='bbox 970 592 1011 621; x_wconf 91' lang='lat' dir='ltr'>et</span> <span class='ocrx_word' id='word_1_74' title='bbox 1034 581 1237 623; x_wconf 87' lang='lat' dir='ltr'>Canonici</span> <span class='ocrx_word' id='word_1_75' title='bbox 1256 580 1367 623; x_wconf 84' lang='lat' dir='ltr'>Juris</span> <span class='ocrx_word' id='word_1_76' title='bbox 1388 579 1431 621; x_wconf 87' lang='lat' dir='ltr'>in</span> <span class='ocrx_word' id='word_1_77' title='bbox 1455 579 1580 622; x_wconf 81' lang='lat' dir='ltr'>variis</span> <span class='ocrx_word' id='word_1_78' title='bbox 1597 579 1834 621; x_wconf 84' lang='lat' dir='ltr'>Germaniae</span> <span class='ocrx_word' id='word_1_79' title='bbox 1853 581 2018 640; x_wconf 86' lang='lat' dir='ltr'>Lyceis‚</span> 
     </span>
     <span class='ocr_line' id='line_1_9' title="bbox 176 643 2019 705; baseline 0.001 -17"><span class='ocrx_word' id='word_1_80' title='bbox 176 663 223 688; x_wconf 89' lang='lat' dir='ltr'>ac</span> <span class='ocrx_word' id='word_1_81' title='bbox 251 645 446 705; x_wconf 89' lang='lat' dir='ltr'>primarii</span> <span class='ocrx_word' id='word_1_82' title='bbox 475 645 775 688; x_wconf 81' lang='lat' dir='ltr'>Guntherianae</span> <span class='ocrx_word' id='word_1_83' title='bbox 812 645 1017 687; x_wconf 68' lang='lat' dir='ltr'>doctrinae</span> <span class='ocrx_word' id='word_1_84' title='bbox 1047 647 1239 697; x_wconf 77' lang='lat' dir='ltr'>asseclae,</span> <span class='ocrx_word' id='word_1_85' title='bbox 1276 646 1348 703; x_wconf 91' lang='lat' dir='ltr'>qui</span> <span class='ocrx_word' id='word_1_86' title='bbox 1388 645 1472 687; x_wconf 89' lang='lat' dir='ltr'>suis</span> <span class='ocrx_word' id='word_1_87' title='bbox 1504 644 1558 686; x_wconf 88' lang='lat' dir='ltr'>ad</span> <span class='ocrx_word' id='word_1_88' title='bbox 1590 645 1677 686; x_wconf 91' lang='lat' dir='ltr'>Nos</span> <span class='ocrx_word' id='word_1_89' title='bbox 1707 643 1817 687; x_wconf 89' lang='lat' dir='ltr'>datis</span> <span class='ocrx_word' id='word_1_90' title='bbox 1847 646 2019 690; x_wconf 82' lang='lat' dir='ltr'>Litteris</span> 
     </span>
     <span class='ocr_line' id='line_1_10' title="bbox 177 709 2017 769; baseline 0.001 -16"><span class='ocrx_word' id='word_1_91' title='bbox 177 711 401 753; x_wconf 84' lang='lat' dir='ltr'>contestati</span> <span class='ocrx_word' id='word_1_92' title='bbox 423 722 537 762; x_wconf 87' lang='lat' dir='ltr'>sunt,</span> <span class='ocrx_word' id='word_1_93' title='bbox 564 726 606 751; x_wconf 90' lang='lat' dir='ltr'>se</span> <span class='ocrx_word' id='word_1_94' title='bbox 630 722 968 752; x_wconf 86' lang='lat' dir='ltr'>commemorato</span> <span class='ocrx_word' id='word_1_95' title='bbox 999 712 1179 753; x_wconf 87' lang='lat' dir='ltr'>Decreto</span> <span class='ocrx_word' id='word_1_96' title='bbox 1206 711 1442 753; x_wconf 88' lang='lat' dir='ltr'>humillime</span> <span class='ocrx_word' id='word_1_97' title='bbox 1475 710 1701 766; x_wconf 82' lang='lat' dir='ltr'>subjicere,</span> <span class='ocrx_word' id='word_1_98' title='bbox 1728 709 1920 769; x_wconf 85' lang='lat' dir='ltr'>nihilque</span> <span class='ocrx_word' id='word_1_99' title='bbox 1937 713 2017 754; x_wconf 80' lang='lat' dir='ltr'>sibi</span> 
     </span>
     <span class='ocr_line' id='line_1_11' title="bbox 175 774 2018 834; baseline 0.001 -17"><span class='ocrx_word' id='word_1_100' title='bbox 175 778 309 834; x_wconf 82' lang='lat' dir='ltr'>magis</span> <span class='ocrx_word' id='word_1_101' title='bbox 331 775 450 818; x_wconf 88' lang='lat' dir='ltr'>cordi</span> <span class='ocrx_word' id='word_1_102' title='bbox 470 791 576 826; x_wconf 88' lang='lat' dir='ltr'>esse,</span> <span class='ocrx_word' id='word_1_103' title='bbox 600 790 727 833; x_wconf 89' lang='lat' dir='ltr'>quam</span> <span class='ocrx_word' id='word_1_104' title='bbox 754 775 986 817; x_wconf 82' lang='lat' dir='ltr'>Pontificiae</span> <span class='ocrx_word' id='word_1_105' title='bbox 1015 776 1197 826; x_wconf 85' lang='lat' dir='ltr'>Nostrae,</span> <span class='ocrx_word' id='word_1_106' title='bbox 1221 787 1263 817; x_wconf 93' lang='lat' dir='ltr'>et</span> <span class='ocrx_word' id='word_1_107' title='bbox 1288 777 1414 832; x_wconf 89' lang='lat' dir='ltr'>hujus</span> <span class='ocrx_word' id='word_1_108' title='bbox 1448 775 1610 817; x_wconf 80' lang='lat' dir='ltr'>Sanctae</span> <span class='ocrx_word' id='word_1_109' title='bbox 1636 774 1758 816; x_wconf 88' lang='lat' dir='ltr'>Sedis</span> <span class='ocrx_word' id='word_1_110' title='bbox 1780 776 2018 819; x_wconf 73' lang='lat' dir='ltr'>auctoritati</span> 
     </span>
     <span class='ocr_line' id='line_1_12' title="bbox 177 839 2020 900; baseline 0.001 -18"><span class='ocrx_word' id='word_1_111' title='bbox 177 857 228 882; x_wconf 82' lang='lat' dir='ltr'>ex</span> <span class='ocrx_word' id='word_1_112' title='bbox 251 840 394 881; x_wconf 89' lang='lat' dir='ltr'>animo</span> <span class='ocrx_word' id='word_1_113' title='bbox 413 839 602 882; x_wconf 88' lang='lat' dir='ltr'>obedire.</span> <span class='ocrx_word' id='word_1_114' title='bbox 628 841 739 881; x_wconf 92' lang='lat' dir='ltr'>Dum</span> <span class='ocrx_word' id='word_1_115' title='bbox 757 856 858 881; x_wconf 86' lang='lat' dir='ltr'>vero</span> <span class='ocrx_word' id='word_1_116' title='bbox 876 842 954 882; x_wconf 87' lang='lat' dir='ltr'>hae</span> <span class='ocrx_word' id='word_1_117' title='bbox 977 856 1022 882; x_wconf 91' lang='lat' dir='ltr'>re</span> <span class='ocrx_word' id='word_1_118' title='bbox 1051 856 1324 898; x_wconf 82' lang='lat' dir='ltr'>summopere</span> <span class='ocrx_word' id='word_1_119' title='bbox 1343 840 1552 891; x_wconf 82' lang='lat' dir='ltr'>laetamur,</span> <span class='ocrx_word' id='word_1_120' title='bbox 1573 840 1617 881; x_wconf 89' lang='lat' dir='ltr'>in</span> <span class='ocrx_word' id='word_1_121' title='bbox 1637 856 1731 882; x_wconf 88' lang='lat' dir='ltr'>eam</span> <span class='ocrx_word' id='word_1_122' title='bbox 1750 857 1881 899; x_wconf 91' lang='lat' dir='ltr'>porro</span> <span class='ocrx_word' id='word_1_123' title='bbox 1901 857 2020 900; x_wconf 82' lang='lat' dir='ltr'>spem</span> 
     </span>
     <span class='ocr_line' id='line_1_13' title="bbox 177 904 2019 964; baseline 0.001 -17"><span class='ocrx_word' id='word_1_124' title='bbox 177 905 379 964; x_wconf 85' lang='lat' dir='ltr'>erigimur</span> <span class='ocrx_word' id='word_1_125' title='bbox 404 905 515 957; x_wconf 85' lang='lat' dir='ltr'>fore,</span> <span class='ocrx_word' id='word_1_126' title='bbox 548 916 596 946; x_wconf 92' lang='lat' dir='ltr'>ut</span> <span class='ocrx_word' id='word_1_127' title='bbox 624 904 694 945; x_wconf 91' lang='lat' dir='ltr'>alii</span> <span class='ocrx_word' id='word_1_128' title='bbox 730 921 880 947; x_wconf 88' lang='lat' dir='ltr'>omnes</span> <span class='ocrx_word' id='word_1_129' title='bbox 918 906 1223 948; x_wconf 83' lang='lat' dir='ltr'>Guntherianae</span> <span class='ocrx_word' id='word_1_130' title='bbox 1252 905 1457 947; x_wconf 80' lang='lat' dir='ltr'>doctrinae</span> <span class='ocrx_word' id='word_1_131' title='bbox 1485 916 1715 947; x_wconf 86' lang='lat' dir='ltr'>sectatores</span> <span class='ocrx_word' id='word_1_132' title='bbox 1747 905 2019 948; x_wconf 82' lang='lat' dir='ltr'>christianam</span> 
     </span>
     <span class='ocr_line' id='line_1_14' title="bbox 175 969 2022 1028; baseline 0 -16"><span class='ocrx_word' id='word_1_133' title='bbox 175 983 267 1012; x_wconf 88' lang='lat' dir='ltr'>tum</span> <span class='ocrx_word' id='word_1_134' title='bbox 288 972 417 1028; x_wconf 91' lang='lat' dir='ltr'>ipsius</span> <span class='ocrx_word' id='word_1_135' title='bbox 439 970 640 1019; x_wconf 80' lang='lat' dir='ltr'>auctoris,</span> <span class='ocrx_word' id='word_1_136' title='bbox 665 980 754 1012; x_wconf 91' lang='lat' dir='ltr'>tum</span> <span class='ocrx_word' id='word_1_137' title='bbox 777 970 935 1012; x_wconf 91' lang='lat' dir='ltr'>horum</span> <span class='ocrx_word' id='word_1_138' title='bbox 958 969 1087 1012; x_wconf 85' lang='lat' dir='ltr'>animi</span> <span class='ocrx_word' id='word_1_139' title='bbox 1110 969 1386 1020; x_wconf 81' lang='lat' dir='ltr'>docilitatem,</span> <span class='ocrx_word' id='word_1_140' title='bbox 1411 981 1453 1011; x_wconf 90' lang='lat' dir='ltr'>et</span> <span class='ocrx_word' id='word_1_141' title='bbox 1476 969 1781 1021; x_wconf 84' lang='lat' dir='ltr'>obedientiam,</span> <span class='ocrx_word' id='word_1_142' title='bbox 1810 970 2022 1013; x_wconf 89' lang='lat' dir='ltr'>debitam-</span> 
     </span>
     <span class='ocr_line' id='line_1_15' title="bbox 177 1034 2021 1094; baseline 0.001 -17"><span class='ocrx_word' id='word_1_143' title='bbox 177 1051 258 1093; x_wconf 90' lang='lat' dir='ltr'>que</span> <span class='ocrx_word' id='word_1_144' title='bbox 277 1035 521 1093; x_wconf 85' lang='lat' dir='ltr'>magisterio</span> <span class='ocrx_word' id='word_1_145' title='bbox 541 1034 698 1076; x_wconf 89' lang='lat' dir='ltr'>Nostro</span> <span class='ocrx_word' id='word_1_146' title='bbox 719 1035 1045 1090; x_wconf 84' lang='lat' dir='ltr'>subjectionem,</span> <span class='ocrx_word' id='word_1_147' title='bbox 1070 1036 1160 1077; x_wconf 90' lang='lat' dir='ltr'>Deo</span> <span class='ocrx_word' id='word_1_148' title='bbox 1175 1035 1288 1076; x_wconf 86' lang='lat' dir='ltr'>bene</span> <span class='ocrx_word' id='word_1_149' title='bbox 1305 1035 1495 1091; x_wconf 69' lang='lat' dir='ltr'>juvante,</span> <span class='ocrx_word' id='word_1_150' title='bbox 1519 1034 1706 1076; x_wconf 80' lang='lat' dir='ltr'>aemulari</span> <span class='ocrx_word' id='word_1_151' title='bbox 1726 1035 1874 1087; x_wconf 75' lang='lat' dir='ltr'>velint,</span> <span class='ocrx_word' id='word_1_152' title='bbox 1895 1046 2021 1094; x_wconf 90' lang='lat' dir='ltr'>atque</span> 
     </span>
     <span class='ocr_line' id='line_1_16' title="bbox 177 1098 2020 1158; baseline 0.001 -17"><span class='ocrx_word' id='word_1_153' title='bbox 177 1099 235 1141; x_wconf 86' lang='lat' dir='ltr'>ita</span> <span class='ocrx_word' id='word_1_154' title='bbox 256 1100 387 1157; x_wconf 91' lang='lat' dir='ltr'>ipsius</span> <span class='ocrx_word' id='word_1_155' title='bbox 407 1098 589 1140; x_wconf 88' lang='lat' dir='ltr'>auctoris</span> <span class='ocrx_word' id='word_1_156' title='bbox 610 1115 815 1141; x_wconf 88' lang='lat' dir='ltr'>coronam</span> <span class='ocrx_word' id='word_1_157' title='bbox 841 1112 1039 1158; x_wconf 82' lang='lat' dir='ltr'>augeant,</span> <span class='ocrx_word' id='word_1_158' title='bbox 1067 1111 1109 1141; x_wconf 88' lang='lat' dir='ltr'>et</span> <span class='ocrx_word' id='word_1_159' title='bbox 1130 1100 1332 1141; x_wconf 86' lang='lat' dir='ltr'>Nostram</span> <span class='ocrx_word' id='word_1_160' title='bbox 1358 1099 1554 1157; x_wconf 76' lang='lat' dir='ltr'>expleant</span> <span class='ocrx_word' id='word_1_161' title='bbox 1584 1099 1886 1157; x_wconf 81' lang='lat' dir='ltr'>cumulentque</span> <span class='ocrx_word' id='word_1_162' title='bbox 1911 1099 2020 1142; x_wconf 85' lang='lat' dir='ltr'>laeti-</span> 
     </span>
     <span class='ocr_line' id='line_1_17' title="bbox 175 1163 2022 1222; baseline 0.001 -17"><span class='ocrx_word' id='word_1_163' title='bbox 175 1163 294 1206; x_wconf 88' lang='lat' dir='ltr'>tiam.</span> <span class='ocrx_word' id='word_1_164' title='bbox 320 1165 478 1217; x_wconf 82' lang='lat' dir='ltr'>Habes,</span> <span class='ocrx_word' id='word_1_165' title='bbox 501 1164 661 1206; x_wconf 85' lang='lat' dir='ltr'>Dilecte</span> <span class='ocrx_word' id='word_1_166' title='bbox 682 1164 759 1206; x_wconf 87' lang='lat' dir='ltr'>Fili</span> <span class='ocrx_word' id='word_1_167' title='bbox 779 1166 954 1216; x_wconf 86' lang='lat' dir='ltr'>Noster,</span> <span class='ocrx_word' id='word_1_168' title='bbox 976 1181 1068 1222; x_wconf 83' lang='lat' dir='ltr'>quae</span> <span class='ocrx_word' id='word_1_169' title='bbox 1087 1164 1184 1206; x_wconf 87' lang='lat' dir='ltr'>Tibi</span> <span class='ocrx_word' id='word_1_170' title='bbox 1199 1164 1250 1206; x_wconf 92' lang='lat' dir='ltr'>de</span> <span class='ocrx_word' id='word_1_171' title='bbox 1272 1165 1354 1206; x_wconf 92' lang='lat' dir='ltr'>hoc</span> <span class='ocrx_word' id='word_1_172' title='bbox 1372 1175 1624 1222; x_wconf 86' lang='lat' dir='ltr'>argumento</span> <span class='ocrx_word' id='word_1_173' title='bbox 1641 1164 1915 1206; x_wconf 87' lang='lat' dir='ltr'>rescribenda</span> <span class='ocrx_word' id='word_1_174' title='bbox 1931 1179 2022 1207; x_wconf 83' lang='lat' dir='ltr'>esse.</span> 
     </span>
     <span class='ocr_line' id='line_1_18' title="bbox 178 1228 2020 1286; baseline 0.001 -16"><span class='ocrx_word' id='word_1_175' title='bbox 178 1229 524 1279; x_wconf 74' lang='lat' dir='ltr'>existimavimus,</span> <span class='ocrx_word' id='word_1_176' title='bbox 568 1240 696 1286; x_wconf 85' lang='lat' dir='ltr'>atque</span> <span class='ocrx_word' id='word_1_177' title='bbox 735 1230 812 1271; x_wconf 88' lang='lat' dir='ltr'>hae</span> <span class='ocrx_word' id='word_1_178' title='bbox 852 1229 983 1271; x_wconf 87' lang='lat' dir='ltr'>etiam</span> <span class='ocrx_word' id='word_1_179' title='bbox 1018 1228 1238 1272; x_wconf 88' lang='lat' dir='ltr'>occasione</span> <span class='ocrx_word' id='word_1_180' title='bbox 1274 1228 1552 1271; x_wconf 89' lang='lat' dir='ltr'>libentissime</span> <span class='ocrx_word' id='word_1_181' title='bbox 1581 1228 1755 1280; x_wconf 88' lang='lat' dir='ltr'>utimur,</span> <span class='ocrx_word' id='word_1_182' title='bbox 1790 1229 2020 1272; x_wconf 90' lang='lat' dir='ltr'>utiterum</span> 
     </span>
     <span class='ocr_line' id='line_1_19' title="bbox 177 1293 2018 1353; baseline 0.001 -19"><span class='ocrx_word' id='word_1_183' title='bbox 177 1293 447 1336; x_wconf 87' lang='lat' dir='ltr'>ostendamus</span> <span class='ocrx_word' id='word_1_184' title='bbox 474 1305 517 1335; x_wconf 90' lang='lat' dir='ltr'>et</span> <span class='ocrx_word' id='word_1_185' title='bbox 544 1295 849 1336; x_wconf 87' lang='lat' dir='ltr'>confirmemus</span> <span class='ocrx_word' id='word_1_186' title='bbox 872 1295 1148 1353; x_wconf 61' lang='lat' dir='ltr'>praecipuam,</span> <span class='ocrx_word' id='word_1_187' title='bbox 1182 1310 1265 1352; x_wconf 92' lang='lat' dir='ltr'>qua</span> <span class='ocrx_word' id='word_1_188' title='bbox 1290 1296 1350 1336; x_wconf 88' lang='lat' dir='ltr'>Te</span> <span class='ocrx_word' id='word_1_189' title='bbox 1384 1293 1429 1335; x_wconf 91' lang='lat' dir='ltr'>in</span> <span class='ocrx_word' id='word_1_190' title='bbox 1463 1295 1648 1335; x_wconf 90' lang='lat' dir='ltr'>Domino</span> <span class='ocrx_word' id='word_1_191' title='bbox 1679 1293 2018 1351; x_wconf 87' lang='lat' dir='ltr'>complectimur,</span> 
     </span>
     <span class='ocr_line' id='line_1_20' title="bbox 177 1357 2020 1417; baseline 0 -17"><span class='ocrx_word' id='word_1_192' title='bbox 177 1359 536 1401; x_wconf 83' lang='lat' dir='ltr'>benevolentiam.</span> <span class='ocrx_word' id='word_1_193' title='bbox 569 1361 698 1415; x_wconf 87' lang='lat' dir='ltr'>Cujus</span> <span class='ocrx_word' id='word_1_194' title='bbox 725 1375 896 1417; x_wconf 89' lang='lat' dir='ltr'>quoque</span> <span class='ocrx_word' id='word_1_195' title='bbox 924 1359 1210 1402; x_wconf 88' lang='lat' dir='ltr'>certissimum</span> <span class='ocrx_word' id='word_1_196' title='bbox 1232 1359 1386 1417; x_wconf 87' lang='lat' dir='ltr'>pignus</span> <span class='ocrx_word' id='word_1_197' title='bbox 1406 1374 1495 1400; x_wconf 88' lang='lat' dir='ltr'>esse</span> <span class='ocrx_word' id='word_1_198' title='bbox 1514 1358 1711 1400; x_wconf 84' lang='lat' dir='ltr'>volumus</span> <span class='ocrx_word' id='word_1_199' title='bbox 1732 1357 2020 1416; x_wconf 87' lang='lat' dir='ltr'>Apostolicam</span> 
     </span>
     <span class='ocr_line' id='line_1_21' title="bbox 175 1422 2021 1482; baseline 0.001 -19"><span class='ocrx_word' id='word_1_200' title='bbox 175 1423 538 1475; x_wconf 88' lang='lat' dir='ltr'>Benedictionem,</span> <span class='ocrx_word' id='word_1_201' title='bbox 576 1441 705 1482; x_wconf 88' lang='lat' dir='ltr'>quam</span> <span class='ocrx_word' id='word_1_202' title='bbox 732 1435 824 1466; x_wconf 86' lang='lat' dir='ltr'>toto</span> <span class='ocrx_word' id='word_1_203' title='bbox 862 1425 1003 1466; x_wconf 89' lang='lat' dir='ltr'>cordis</span> <span class='ocrx_word' id='word_1_204' title='bbox 1032 1423 1184 1466; x_wconf 83' lang='lat' dir='ltr'>affectu</span> <span class='ocrx_word' id='word_1_205' title='bbox 1219 1424 1317 1466; x_wconf 88' lang='lat' dir='ltr'>Tibi</span> <span class='ocrx_word' id='word_1_206' title='bbox 1344 1423 1440 1482; x_wconf 90' lang='lat' dir='ltr'>ipsi,</span> <span class='ocrx_word' id='word_1_207' title='bbox 1472 1423 1633 1465; x_wconf 86' lang='lat' dir='ltr'>Dilecte</span> <span class='ocrx_word' id='word_1_208' title='bbox 1661 1422 1740 1464; x_wconf 77' lang='lat' dir='ltr'>Fili</span> <span class='ocrx_word' id='word_1_209' title='bbox 1774 1423 1948 1476; x_wconf 80' lang='lat' dir='ltr'>Noster,</span> <span class='ocrx_word' id='word_1_210' title='bbox 1977 1434 2021 1465; x_wconf 80' lang='lat' dir='ltr'>et</span> 
     </span>
     <span class='ocr_line' id='line_1_22' title="bbox 175 1488 1518 1548; baseline 0.002 -19"><span class='ocrx_word' id='word_1_211' title='bbox 175 1488 292 1545; x_wconf 81' lang='lat' dir='ltr'>gregi</span> <span class='ocrx_word' id='word_1_212' title='bbox 314 1490 415 1530; x_wconf 79' lang='lat' dir='ltr'>Tuae</span> <span class='ocrx_word' id='word_1_213' title='bbox 435 1488 662 1546; x_wconf 76' lang='lat' dir='ltr'>vigilantiae</span> <span class='ocrx_word' id='word_1_214' title='bbox 684 1489 912 1532; x_wconf 81' lang='lat' dir='ltr'>commisso</span> <span class='ocrx_word' id='word_1_215' title='bbox 940 1500 1211 1548; x_wconf 85' lang='lat' dir='ltr'>peramanter</span> <span class='ocrx_word' id='word_1_216' title='bbox 1235 1490 1518 1547; x_wconf 86' lang='lat' dir='ltr'>impertimur.</span> 
     </span>
    </p>
   </div>
   <div class='ocr_carea' id='block_1_3' title="bbox 180 1715 2021 1823">
    <p class='ocr_par' dir='ltr' id='par_1_3' title="bbox 180 1715 2021 1823">
     <span class='ocr_line' id='line_1_23' title="bbox 236 1715 2021 1767; baseline 0 -10"><span class='ocrx_word' id='word_1_217' title='bbox 236 1717 394 1757; x_wconf 89' lang='lat' dir='ltr'>Datum</span> <span class='ocrx_word' id='word_1_218' title='bbox 415 1716 618 1758; x_wconf 64' lang='lat' dir='ltr'>Bononiae</span> <span class='ocrx_word' id='word_1_219' title='bbox 644 1716 712 1758; x_wconf 83' lang='lat' dir='ltr'>die</span> <span class='ocrx_word' id='word_1_220' title='bbox 736 1720 786 1758; x_wconf 87' lang='lat'>15</span> <span class='ocrx_word' id='word_1_221' title='bbox 807 1716 919 1758; x_wconf 85' lang='lat' dir='ltr'>Junii</span> <span class='ocrx_word' id='word_1_222' title='bbox 938 1718 1065 1758; x_wconf 87' lang='lat' dir='ltr'>Anno</span> <span class='ocrx_word' id='word_1_223' title='bbox 1098 1721 1225 1767; x_wconf 86' lang='lat'>1857,</span> <span class='ocrx_word' id='word_1_224' title='bbox 1249 1718 1523 1759; x_wconf 78' lang='lat' dir='ltr'>pontificatus</span> <span class='ocrx_word' id='word_1_225' title='bbox 1553 1716 1697 1759; x_wconf 87' lang='lat' dir='ltr'>Nostri</span> <span class='ocrx_word' id='word_1_226' title='bbox 1723 1719 1852 1758; x_wconf 88' lang='lat' dir='ltr'>Anno</span> <span class='ocrx_word' id='word_1_227' title='bbox 1870 1715 2021 1757; x_wconf 64' lang='lat' dir='ltr'>Unde-</span> 
     </span>
     <span class='ocr_line' id='line_1_24' title="bbox 180 1796 304 1823; baseline 0 -1"><span class='ocrx_word' id='word_1_228' title='bbox 180 1796 304 1823; x_wconf 80' lang='lat' dir='ltr'>cimo.</span> 
     </span>
    </p>
   </div>
  </div>
 </body>
</html>
