2135 3442
162 114 236 150 360
767 111 1079 148 ALLOCUTION
1107 113 1173 148 DE
1204 113 1284 148 PIE
1312 112 1385 150 IX.

160 200 393 243 omittimus
425 199 470 241 in
501 200 618 240 omni
646 198 853 250 oratione,
879 210 921 241 et
942 199 1245 256 1obsecratione
1275 215 1372 240 curn
1405 199 1637 257 gratiarum
1666 200 1828 242 actione
1855 202 1995 261 ipsum

159 265 331 307 divitem
360 267 403 306 in
434 264 720 306 misericordia
749 266 885 306 Deum
913 280 1101 315 exorare⁷
1128 275 1175 306 ut
1199 262 1428 305 uberrimis
1458 263 1696 321 quibusque
1732 265 1882 307 divinae
1912 283 1996 309 suae

158 332 300 389 gratiae
324 330 448 371 donis
480 345 626 371 omnes
652 328 927 371 venerabiles
952 331 1119 370 Fratres
1148 328 1368 386 Subalpini
1396 327 1532 386 Regni
1560 327 1927 387 Arehiepiscopos,
1952 342 1995 372 et

157 395 390 453 Episcopos
407 394 449 436 in
470 406 533 435 tot
550 394 751 451 angustiis
774 410 821 434 ac
841 393 1190 435 tribulationibus
1211 392 1462 435 constitutos
1487 393 1701 449 adjuvare,
1723 405 1762 434 et
1783 393 1995 436 consolari

156 476 376 517 nunquam
411 459 590 510 desinat,
615 474 698 515 quo
728 458 822 515 ipsi,
850 457 977 498 veluti
1001 458 1140 500 adhuc
1163 469 1278 500 tanta
1310 473 1404 499 cum
1440 457 1503 498 sui
1531 457 1716 499 nominis
1743 458 1867 500 laude
1896 474 1996 517 ege-

155 536 272 576 runt,
292 537 468 584 pergant
488 523 652 583 egregia
672 539 745 564 sua
769 522 996 581 episcopali
1014 523 1184 576 virtute,
1205 522 1455 573 constantia,
1478 534 1519 564 et
1542 522 1767 581 prudentia
1783 523 1996 581 religionis

157 601 198 632 et
215 590 408 632 Ecclesiae
431 605 601 631 causam
626 600 792 630 strenue
817 587 1058 639 defendere,
1083 605 1130 630 ac
1150 588 1309 647 proprii
1333 588 1469 647 gregis
1502 587 1625 630 saluti
1647 599 1690 629 et
1714 587 1997 630 incolumitati

157 655 459 698 studiosissime
492 655 738 712 advigilare.
772 655 913 710 Atque
937 653 1196 695 humillimas
1229 670 1416 711 quoque,
1456 653 1717 711 fervidusque
1753 653 1996 696 clementis-

157 721 264 764 simo
292 720 611 762 miserationum
641 718 827 761 Domino
857 718 945 759 sine
978 718 1292 761 intermissione
1324 718 1543 761 offerimus
1571 734 1730 777 preces,
1761 729 1809 759 ut
1837 717 1994 760 coelesti

156 802 229 828 sua
265 803 345 844 ope
382 785 626 827 confortare
661 784 861 841 dignetur
888 799 974 824 non
1006 783 1137 825 modo
1170 783 1339 825 fidelem
1376 784 1486 826 illius
1524 783 1660 841 Regni
1701 783 1887 833 Clernm,
1920 781 1992 839 qui

157 851 341 892 maxima
364 867 413 891 ex
431 861 550 908 parte
575 864 748 890 suorum
770 847 1018 889 Antistitum
1051 848 1245 906 exempla
1271 863 1451 905 sequens
1474 849 1649 907 proprio
1674 863 1850 889 munere
1876 862 1991 904 prae-

157 915 268 956 clare
293 915 498 974 fungitur,
522 929 667 956 verum
694 912 821 954 etiam
848 923 914 953 tot
943 913 1272 970 spectatissimos
1299 912 1428 970 ipsius
1457 914 1593 972 Regni
1614 914 1742 955 laicos
1766 912 1897 964 viros,
1921 911 1995 968 qui

156 980 375 1021 catholicis
397 978 589 1021 sensibus
610 977 776 1036 egregie
798 976 989 1026 animati,
1008 993 1056 1019 ae
1076 977 1229 1028 Nobis,
1254 989 1296 1019 et
1316 978 1412 1020 huic
1429 979 1544 1021 Petri
1559 979 1778 1021 Cathedrae
1790 994 1841 1020 ex
1855 976 1999 1018 animo

157 1044 330 1095 addicti,
363 1060 510 1086 eorum
537 1058 712 1102 operam
748 1041 791 1083 in
821 1041 1016 1084 Ecclesiae
1043 1042 1206 1098 juribus
1238 1042 1407 1085 tuendis
1444 1043 1694 1103 impendere
1722 1043 1996 1085 vehementer

158 1109 412 1167 gloriantur.
