2135 3442
167 195 216 232 68
881 186 1006 221 BREF
1032 186 1098 220 DF.
1127 185 1206 219 PIE
1236 184 1300 218 vl.

172 303 190 319 «
215 290 336 339 patus
351 291 483 318 novos
498 275 673 324 institui,
691 285 773 316 etc.
788 274 928 327 Quare
946 288 1033 313 nou
1053 281 1131 322 cst,
1150 267 1266 326 quod
1284 283 1303 309 a
1323 266 1542 308 communi
1556 264 1802 307 universalis
1816 266 2012 308 Ecclesiae

176 367 192 382 u
218 358 342 386 sensu
360 341 605 383 recedamus
624 339 733 380 soeda
751 340 792 379 in
814 339 1022 395 principes
1045 334 1303 382 adulatione,
1322 342 1369 372 ut
1386 331 1564 389 contigit
1578 330 1725 371 Marco
1753 331 1943 372 Antonio
1961 331 2014 372 de

175 431 191 446 «
215 406 424 457 Dominis,
453 406 525 462 qui
543 405 861 462 episcopatuum
881 399 1187 442 institutionem
1211 396 1380 455 regibus
1397 410 1639 454 pe1peram‚
1669 405 1710 435 et
1729 406 1877 436 contra
1902 396 2014 453 ipsos

174 495 190 510 κ
216 487 400 515 canones
425 468 621 522 asseruit',
647 469 763 523 cuj-us
784 469 1035 508 sententiam
1055 463 1311 504 recentiores
1329 459 1458 517 aliqui
1481 458 1663 517 amplexi
1691 469 1804 500 sunt.
1827 460 1936 501 Tota
1952 461 2015 502 rei

173 560 189 575 «
218 538 335 578 istius
353 533 627 593 disponendae
647 533 756 573 ratio
776 531 830 572 ad
847 528 1077 571 Ecclesiam
1095 526 1292 585 pertinet,
1318 523 1681 582 quemadmodum
1706 522 1810 564 dixi.
1839 544 1856 558 »

229 603 404 650 Verum,
431 599 639 655 inquiunt,
657 613 679 638 a
696 596 831 638 Nobis
848 593 1097 652 postulatur,
1118 602 1164 632 ut
1178 590 1392 632 decretam
1409 589 1654 631 dioecesium
1674 589 1926 630 divisionem
1942 604 2016 646 ap-

169 667 422 726 probemus,
448 675 489 705 at
512 674 675 703 mature
698 658 1027 718 expendendum
1046 668 1121 707 est,
1146 671 1249 697 num
1273 671 1295 696 a
1315 654 1448 696 Nobis
1471 654 1516 695 id
1537 653 1627 695 fieri
1648 653 1822 706 debeat,
1848 653 2016 696 obstare

169 731 377 789 siquidem
401 728 566 769 videtur
582 726 738 767 infecta
755 725 892 781 origo,
916 740 937 764 a
959 738 1041 779 qua
1060 719 1269 777 ejusmodi
1284 719 1502 760 hodiernae
1518 718 1746 760 divisiones
1763 729 1805 760 et
1825 733 2018 776 suppres-

173 797 313 836 siones
338 793 598 834 derivantur.
625 792 831 831 Praeterea
867 785 1290 829 animadvertendum
1315 795 1389 835 est,
1428 799 1515 825 non
1538 785 1603 841 agi
1640 784 1708 825 hic
1742 783 1794 825 de
1826 799 1913 824 una
1945 794 2018 825 aut

171 859 302 901 altera
333 856 501 899 dioecesi
523 854 802 904 immutanda,
828 852 899 894 sed
922 852 975 893 de
1004 849 1202 891 omnibus
1232 848 1318 889 fere
1343 847 1587 905 amplissimi
1614 849 1736 906 regni
1767 847 2017 890 dioecesibus

171 922 480 970 subvertendis,
506 921 641 978 deque
665 930 728 960 tot
750 930 922 974 tamque
940 915 1171 957 illustribus
1188 913 1384 955 Ecclesiis
1409 928 1431 954 θ
1449 928 1524 954 suo
1544 913 1639 954 loco
1660 912 1898 965 movendis,
1919 927 2016 954 cum

170 989 309 1047 plures
335 1003 385 1028 cx
413 986 492 1026 illis
518 1002 609 1042 qua·
632 980 975 1040 archiepiscopali
1002 981 1165 1020 honore
1190 978 1420 1036 fulgebant,
1446 977 1501 1018 ad
1526 977 1808 1036 episcopalem
1838 977 2017 1036 gradum

171 1052 435 1108 dejiciantur,
471 1051 513 1090 in
538 1064 664 1105 quam
693 1048 924 1088 novitatem
953 1045 1101 1085 acriter
1124 1054 1184 1085 est
1216 1044 1491 1084 Innocentius
1519 1043 1812 1096 IIIbinvectus,
1836 1042 1909 1083 ubi
1932 1042 2014 1083 Pa-

170 1118 395 1158 triarcham
428 1112 745 1155 Antiochenum
769 1110 834 1152 his
858 1109 996 1151 verbis
1022 1107 1424 1166 reprehendendum
1457 1122 1546 1149 esse
1572 1108 1750 1165 putavit,
1775 1128 1792 1144 «
1823 1106 2014 1164 quod....

175 1203 192 1219 «
217 1198 329 1222 novo
353 1178 539 1237 quodam
555 1176 799 1218 mutationis
819 1190 971 1234 genere
988 1172 1242 1231 parvificasti
1262 1173 1487 1227 majorem,
1508 1182 1551 1213 et
1582 1187 1787 1229 magnum
1810 1170 2019 1229 quodam-

176 1265 192 1284 «
220 1245 351 1287 modo
380 1242 614 1293 minorasti,
642 1240 885 1298 episcopare
911 1237 1292 1296 archiepiscopum,
1321 1236 1408 1278 imo
1432 1237 1571 1294 potius
1600 1236 2019 1294 dearchiepiscopare

177 1333 194 1346 «
223 1306 525 1367 praesumens1.
551 1327 568 1342 »

229 1375 331 1427 Quae
353 1373 453 1413 item
476 1371 536 1411 rei
552 1370 720 1410 novitas
732 1369 838 1409 tanti
860 1368 1002 1408 habita
1023 1377 1085 1407 est
1101 1367 1153 1407 ab
1174 1368 1303 1407 Ivone
1325 1365 1588 1420 Carnotensi,
1613 1376 1661 1406 ut
1680 1365 1734 1406 ad
1755 1365 1873 1407 illam
1895 1381 2018 1407 aver-

171 1438 342 1480 tendam
366 1435 648 1478 necessarium
675 1433 752 1474 sibi
782 1448 867 1473 esse
892 1431 1059 1473 duxerit
1080 1431 1133 1472 ad
1153 1431 1396 1472 Paschalem
1421 1432 1461 1472 II
1486 1430 1728 1488 confugere,
1754 1445 1935 1487 eumque
1955 1432 2021 1472 his

170 1502 309 1543 verbis
335 1498 613 1557 compellare2
640 1516 649 1538 2
679 1519 696 1534 «
718 1498 777 1537 Ut
796 1507 949 1538 statum
968 1496 1268 1546 Ecclesiarum,
1293 1495 1364 1553 qui
1385 1496 1704 1553 quadringentis
1737 1496 1868 1537 ferme
1899 1497 2020 1538 annis

177 1588 193 1602 «
220 1565 399 1615 duravit,
424 1564 721 1604 inconcussum
742 1576 912 1601 manere
932 1559 1189 1610 concedatis,
1209 1576 1262 1601 ne
1283 1561 1363 1601 hac
1381 1559 1603 1602 occasione
1620 1561 1813 1611 schisma,
1826 1561 1940 1618 quod
1959 1572 2020 1603 est

177 1654 193 1668 «
218 1633 261 1672 in
282 1629 522 1688 germanico
549 1643 682 1684 regno
704 1626 900 1666 adversus
920 1625 1073 1666 Sedem
1096 1625 1400 1682 Apostolicam,
1418 1626 1461 1665 in
1476 1625 1712 1666 Galliarum
1731 1641 1864 1683 regno
1888 1627 2018 1666 susci-

179 1718 195 1732 «
221 1695 331 1737 tetis.
361 1715 377 1729 »
406 1693 572 1734 Eodem
599 1689 776 1741 accedit,
796 1700 844 1730 ut
872 1690 1116 1747 priusquam
1135 1688 1187 1729 ad
1212 1689 1256 1730 id
1275 1688 1587 1730 deveniendum
1613 1700 1735 1740 esset,
1758 1691 2021 1747 interrogare

174 1761 421 1818 Episcopos,
444 1757 495 1798 de
523 1771 703 1813 quorum
730 1755 867 1811 agitur
885 1756 992 1809 jure,
1018 1754 1263 1806 debeamus,
1288 1769 1340 1794 ne
1356 1753 1529 1809 justitiae
1546 1754 1721 1796 violasse
1742 1754 1852 1812 leges
1873 1765 2019 1796 contra

175 1826 292 1882 ipsos
323 1837 547 1880 arguamur
577 1838 585 1861 :
617 1818 733 1876 quod
764 1829 1024 1876 quantopere
1053 1819 1096 1859 S.
1122 1818 1394 1858 Innocentius
1428 1819 1447 1858 I
1468 1818 1666 1860 Pontifex
1698 1819 1938 1869 detestetur,
1968 1834 2020 1860 ex

175 1889 362 1945 ejusdem
393 1887 642 1945 perspicitur
663 1883 934 1941 sequentibus
954 1882 1145 1924 verbis³t
1173 1903 1190 1918 ι(
1222 1882 1324 1935 Quis
1354 1882 1470 1923 enim
1499 1883 1606 1924 ferre
1628 1884 1759 1941 possit
1779 1899 1826 1925 ea
1846 1900 1937 1940 quae
1965 1884 2020 1925 ab

179 1976 196 1990 «
224 1954 303 1995 illis
325 1952 640 2008 delinquuntur,
666 1964 772 2006 quos
793 1964 876 2005 pree
900 1947 1056 1989 caeteris
1077 1947 1256 1988 decebat
1282 1946 1594 2003 tranquillitatis
1625 1959 1665 1988 et
1693 1949 1822 2006 pacis,
1850 1959 1891 1989 et
1918 1964 2022 1990 con-

179 2040 195 2054 «
221 2017 376 2059 cordiae
401 2031 489 2057 esse
511 2013 746 2055 studiosos?
765 2012 888 2053 Nunc
909 2023 1049 2053 autem
1066 2021 1326 2069 praepostero
1343 2027 1462 2051 more
1479 2012 1715 2053 sacerdotes
1738 2014 1901 2054 innoxii
1918 2028 1940 2055 θ
1961 2028 2022 2054 εθ-

180 2107 197 2121 «
224 2082 346 2123 dibus
362 2079 643 2122 Ecclesiarum
662 2092 832 2118 suarum
851 2077 1146 2118 exturbantur.
1163 2075 1290 2127 Quod
1306 2076 1477 2133 quidem
1497 2076 1657 2134 primus
1675 2076 1828 2132 injuste
1848 2092 2022 2134 perpes-

183 2168 198 2183 «
226 2162 291 2188 sus
326 2156 386 2186 est
416 2144 543 2184 frater
572 2154 613 2184 et
642 2141 920 2183 consacerdos
951 2151 1092 2181 noster
1123 2141 1306 2181 Joannes
1326 2141 1557 2199 Episcopus
1590 2153 1740 2192 vester,
1774 2157 1870 2182 cum
1903 2141 2021 2182 nulla

183 2234 198 2249 «
224 2209 387 2252 ratione
407 2208 548 2249 fnisset
568 2206 750 2248 auditus.
771 2205 944 2246 Nullum
965 2206 1123 2247 crimen
1144 2203 1334 2257 affertur,
1354 2220 1432 2246 nec
1451 2206 1634 2247 auditur.
1655 2207 1710 2246 Et
1726 2205 1943 2262 quodnam
1961 2216 2022 2246 est

183 2297 199 2311 «
224 2276 306 2316 hoc
334 2273 548 2331 perditum
568 2270 819 2312 consilium?
846 2271 904 2311 Ut
930 2286 1018 2310 non
1052 2269 1115 2320 sit,
1151 2281 1222 2310 aut
1251 2281 1464 2326 quaeratur
1492 2271 1576 2311 ulla
1605 2270 1762 2328 species
1782 2269 1944 2326 judicii,
1976 2270 2019 2310 in

184 2361 200 2375 «
225 2340 366 2380 locum
391 2337 617 2377 viventium
632 2335 908 2376 Sacerdotum
930 2334 998 2375 alii
1019 2335 1346 2386 substituuntur,
1368 2334 1483 2392 quasi
1502 2335 1573 2392 qui
1591 2335 1643 2375 ab
1660 2334 1903 2389 hujusmodi
1922 2334 2022 2376 faci-

183 2425 200 2439 «
227 2418 331 2443 nore
353 2399 555 2458 auspicati
585 2410 696 2451 sunt,
721 2398 877 2455 aliquid
903 2399 1005 2440 recti
1025 2410 1096 2439 aut
1115 2399 1288 2449 habere,
1317 2410 1388 2439 aut
1416 2399 1602 2456 exegisse
1627 2398 1806 2454 judicari
1837 2399 2017 2457 possint.

182 2489 199 2505 «
225 2468 376 2523 Neque
397 2464 511 2506 enim
528 2464 626 2504 talia
643 2479 828 2520 unquam
848 2479 871 2504 a
887 2463 1076 2521 patribus
1096 2463 1248 2504 nostris
1276 2474 1388 2521 gesta
1407 2478 1498 2504 esse
1522 2464 1819 2520 comperimus,
1843 2464 1917 2506 sed
1939 2479 2019 2522 po—

185 2554 201 2569 «
227 2532 309 2573 tius
337 2530 566 2588 prohibita,
590 2544 685 2569 cum
710 2527 870 2569 nemini
901 2527 1070 2569 licentia
1096 2527 1194 2568 data
1216 2528 1266 2568 sit
1297 2528 1340 2567 in
1369 2526 1510 2569 locum
1533 2527 1710 2569 viventis
1740 2528 1868 2569 alium
1899 2528 2018 2569 ordi—

185 2618 202 2633 «
228 2594 379 2647 nandi,
414 2609 512 2634 nam
545 2593 730 2649 reproba
767 2591 980 2634 ordinatio
1008 2593 1218 2632 honorem
1249 2591 1489 2633 Sacerdotis
1520 2593 1680 2633 auferre
1713 2609 1798 2634 non
1835 2604 1973 2652 potest
2008 2608 2017 2634 ε

185 2681 202 2696 «
227 2658 434 2717 siquidem
455 2659 488 2698 is
511 2657 741 2714 Episcopus
771 2656 943 2697 omnino
973 2671 1062 2697 esse
1090 2654 1250 2712 nequit,
1282 2657 1353 2712 qui
1382 2656 1533 2712 injuste
1564 2657 1839 2700 substituitur.
1877 2679 1894 2694 »
1921 2659 2022 2700 Pos-

181 2735 318 2765 tremo
336 2721 533 2764 certiores
556 2731 651 2761 ante
669 2721 756 2761 fieri
778 2720 1040 2769 deberemus,
1067 2720 1168 2777 quid
1184 2719 1263 2776 ipsi
1279 2721 1460 2762 sentiant
1475 2722 1622 2779 populi
1645 2723 1715 2780 qui
1730 2738 1780 2764 eo
1805 2724 2021 2781 privantur

179 2791 313 2842 bono,
335 2802 458 2830 suum
475 2787 692 2827 Pastorem
711 2784 830 2826 citius
850 2784 1196 2842 commodiusque
1213 2783 1411 2826 adeundi.

233 3138 264 3171 11,
293 3134 403 3180 Epist,
424 3137 482 3174 50,
498 3144 576 3178 pag.
593 3132 652 3172 29,
671 3142 768 3164 num.
791 3132 824 3171 1,
844 3128 1019 3174 epistolar.
1039 3129 1121 3165 edit.
1142 3130 1250 3164 Paris.
1270 3132 1386 3164 Baluz.
1408 3135 1509 3168 1682.

229 3186 264 3217 2.
291 3183 403 3228 Epist.
421 3183 503 3221 238,
521 3191 601 3225 pag.
624 3181 703 3219 103,
718 3185 809 3223 part.
828 3176 877 3218 II,
893 3189 991 3222 oper.
1007 3176 1091 3210 edit.
1111 3178 1235 3219 Paris,
1256 3181 1359 3214 1647.

228 3234 263 3266 3.
289 3230 400 3276 Epist.
420 3233 453 3271 7,
472 3240 571 3261 num.
591 3228 626 3268 2,
647 3224 692 3259 ad
705 3226 836 3259 clerum
854 3232 887 3257 et
903 3225 1026 3269 popul.
1044 3225 1327 3273 Constantinop.,
1349 3226 1446 3274 apud
1465 3227 1663 3269 Constant„
1680 3238 1760 3273 pag.
1781 3227 1860 3262 798.
