2135 3442
103 174 152 211 18
351 169 661 215 ENCYCLIQUE
688 168 754 203 DE
782 169 829 203 N.
859 168 903 202 T.
935 168 974 204 S.
1005 166 1047 202 P.
1078 164 1139 200 LE
1167 163 1292 199 PAPE
1319 161 1400 197 PIE
1427 160 1502 198 IX.
1559 159 1680 197 1864.

161 260 234 302 Vl.
271 255 427 299 Christi
445 256 546 298 fides
562 257 756 297 humanae
775 253 1011 309 refragatur
1030 249 1208 301 rationi3
1236 247 1463 303 divinaque
1479 244 1683 287 revelatio
1698 260 1786 286 non
1803 245 1939 287 solum

105 323 208 366 nihil
228 320 417 380 prodest,
441 335 586 362 verum
607 320 734 361 etiam
752 327 877 359 nocet
900 314 1085 357 hominis
1108 312 1375 372 perfectioni.

155 412 186 449 E
216 411 276 448 ist.
301 408 446 458 encycl.
471 410 546 455 Qui
569 406 756 457 pluribus,
774 406 797 442 9
815 401 1034 442 novembris
1059 402 1177 447 1846,
1197 412 1294 450 pag.
1315 400 1407 436 172.

157 466 191 501 A
207 461 282 501 loc.
304 465 487 500 Maxima
509 462 673 510 quidem,
694 461 716 496 9
735 457 832 506 junii
855 459 975 507 1862,
994 468 1090 504 pag.
1114 455 1205 491 454.

161 555 256 596 VII.
293 553 529 610 Prophetiae
550 563 591 594 et
611 549 810 592 miracula
830 549 873 589 in
897 548 1024 589 sacris
1042 544 1210 588 Litteris
1227 544 1417 602 exposita
1439 553 1481 584 et
1497 553 1669 585 narrata
1687 551 1787 584 sunt
1800 552 1944 599 poeta-

105 634 198 662 rum
218 628 474 667 commenta,
495 628 536 657 et
557 614 798 657 Christianae
824 612 921 653 fidei
940 610 1141 669 mysteria
1162 607 1555 667 philosophicarum
1572 606 1944 665 investigationum

106 698 291 736 summa,
315 693 355 723 et
383 681 596 738 utriusque
615 676 869 721 Testamenti
892 675 1010 717 libris
1033 675 1219 732 mythica
1244 672 1518 715 continentur
1543 674 1740 725 inventa3
1770 670 1945 730 ipseque

106 749 223 790 Jesus
242 747 433 788 Christus
456 756 520 786 est
539 743 727 802 mythica
746 741 877 783 fictio.

161 830 280 879 Epist.
303 827 449 877 encycl.
471 831 547 875 Qui
561 825 746 875 pluribus,
773 825 797 861 9
821 821 1042 860 novembris
1059 822 1178 868 1846,
1196 834 1291 871 pag.
1319 821 1410 858 172.

160 882 282 919 Alloc.
309 884 484 917 Maxima
499 881 664 929 quidem,
685 880 707 915 9
721 875 819 925 junii
836 877 955 924 1862,
973 889 1062 925 pag.
1086 877 1177 912 454.

967 1033 994 1092 g
1028 1032 1087 1075 11.

716 1129 1052 1172 Rationalismus
1073 1128 1331 1170 moderatus.

171 1229 286 1270 VIII.
322 1226 462 1278 Quum
494 1223 602 1267 ratio
632 1224 816 1266 humana
846 1222 924 1281 ipsi
961 1222 1159 1280 religioni
1187 1223 1484 1280 aequiparetur,
1515 1222 1668 1263 iccirco
1701 1219 1951 1277 theologicae

113 1292 346 1349 disciplinae
369 1289 543 1347 perinde
566 1304 615 1330 ac
633 1288 940 1346 philosophicae
959 1287 1189 1329 tractandae
1209 1298 1323 1329 sunt.

164 1369 288 1407 Alloc.
308 1369 503 1417 Singulari
524 1367 689 1415 quadam
707 1366 872 1414 perfusi,
890 1366 914 1402 9
932 1362 1144 1401 decembris
1165 1365 1283 1413 1854,
1301 1376 1392 1413 pag.
1415 1364 1506 1400 334.

169 1439 246 1480 IX.
281 1436 433 1477 Omnia
465 1433 833 1475 indiscriminatim
862 1432 1064 1492 dogmata
1093 1433 1310 1491 religionis
1336 1433 1584 1474 Christianae
1611 1441 1710 1473 sunt
1738 1431 1955 1487 objectum

112 1500 312 1544 naturalis
333 1498 518 1541 scientiae
539 1513 610 1539 seu
630 1498 934 1555 philosophiae3
961 1508 1004 1539 et
1026 1498 1213 1538 humana
1237 1499 1345 1539 ratio
1376 1496 1575 1538 historice
1597 1506 1764 1538 tantum
1789 1495 1956 1537 exculta

112 1576 252 1625 potest
278 1579 328 1605 ex
359 1562 440 1604 suis
463 1562 725 1604 naturalibus
748 1561 908 1604 viribus
940 1573 982 1604 et
1009 1561 1227 1619 principiis
1259 1562 1314 1603 ad
1341 1577 1485 1603 veram
1517 1560 1570 1602 de
1601 1560 1802 1602 omnibus
1827 1559 1957 1601 etiam

112 1627 468 1672 reconditioribus
507 1626 777 1683 dogmatibus
812 1625 1029 1666 scientiam
1064 1627 1311 1683 pervenire,
1344 1625 1477 1668 modo
1506 1625 1599 1667 haec
1638 1624 1842 1683 dogmata
1877 1624 1958 1683 ipsi

113 1695 267 1737 rationi
287 1704 502 1748 tamquam
519 1691 736 1746 objectum
752 1691 970 1749 proposita
987 1689 1162 1732 fuerint.

166 1770 286 1822 Epist.
308 1769 354 1806 ad
373 1766 554 1817 Archiep.
574 1766 736 1817 Frising.
762 1769 1024 1814 Gravia-simas,
1045 1769 1089 1804 11
1112 1765 1325 1804 decembris
1350 1768 1470 1814 1862,
1489 1781 1585 1817 pag.
1607 1767 1700 1804 466.

167 1823 287 1874 Epist.
311 1820 356 1859 ad
382 1819 576 1865 eumdem,
600 1822 699 1856 Tuas
717 1819 887 1867 libenter,
907 1821 953 1858 21
978 1819 1192 1856 decembris
1214 1821 1441 1870 1863,pag.
1464 1822 1558 1860 496.

173 1890 230 1933 X.
266 1889 408 1942 Quum
429 1885 543 1928 aliud
562 1885 614 1927 sit
630 1885 924 1944 philosophus,
943 1885 1058 1928 aliud
1077 1886 1365 1944 philosophia,
1382 1886 1452 1929 ille
1471 1889 1541 1943 jus
1564 1898 1606 1928 et
1625 1885 1814 1929 officium
1829 1886 1959 1929 habet

117 1970 160 1997 se
181 1951 457 1995 submittendi
480 1950 736 2002 auctoritati,
759 1967 886 2007 quam
905 1967 1048 1992 veram
1067 1951 1157 2009 ipse
1176 1951 1448 2009 probaverit3
1474 1962 1517 1994 at
1535 1951 1806 2010 philosophia
1821 1966 1961 2010 neque

115 2028 275 2076 potest,
299 2031 435 2073 neque
460 2015 586 2056 debet
605 2014 680 2056 ulli
700 2030 787 2056 sese
806 2014 1055 2057 submittere
1076 2015 1335 2058 auctoritati.

170 2094 290 2144 Epist.
329 2092 375 2129 ad
415 2091 595 2142 Archiep.
640 2091 802 2141 Frising.
844 2095 1106 2142 Gravissimas,
1141 2095 1183 2130 11
1217 2092 1429 2130 decembris
1457 2094 1579 2141 1862,
1603 2105 1700 2143 pag.
1720 2093 1815 2133 466.

175 2147 293 2198 Epist.
314 2145 362 2182 ad
383 2144 575 2190 eumdem,
602 2146 700 2180 Tuas
725 2145 897 2192 libenter,
920 2148 964 2183 21
990 2144 1203 2183 decembris
1224 2147 1341 2197 1863,
1362 2159 1458 2196 pag.
1482 2147 1576 2185 496.

176 2216 256 2258 XI.
291 2214 471 2255 Ecclesia
503 2229 591 2254 non
623 2213 759 2255 solum
789 2229 877 2255 non
907 2214 1034 2256 debet
1066 2216 1111 2256 in
1136 2215 1452 2274 philosophiam
1476 2230 1667 2275 unquam
1688 2213 1961 2258 animadver-

120 2291 221 2330 tere,
243 2293 388 2319 verum
412 2278 538 2318 etiam
563 2276 689 2318 debet
716 2279 846 2336 ipsius
873 2279 1151 2338 philosophiae
1174 2280 1357 2322 tolerare
1376 2296 1552 2333 errores,
1575 2280 1697 2340 eique
1720 2279 1958 2338 relinquere

119 2354 166 2386 ut
189 2343 278 2401 ipsa
298 2357 339 2383 se
360 2341 560 2398 corrigat.

171 2417 292 2467 Epist.
340 2415 387 2452 ad
420 2414 600 2466 Archiep.
635 2415 796 2466 Frising.
835 2419 1097 2468 Gravissimas,
1125 2419 1171 2457 tt
1208 2418 1420 2458 decembris
1456 2421 1576 2468 1862,
1601 2433 1697 2471 pag.
1720 2420 1815 2458 466.

178 2488 278 2529 XII.
313 2485 568 2542 Apostolicae
596 2484 730 2536 Sedis,
752 2487 1129 2545 Romanarumque
1157 2489 1550 2548 Congregationum
1581 2489 1754 2533 decreta
1774 2489 1960 2533 liberum

121 2551 305 2594 scientiae
322 2564 598 2607 progressum
619 2549 873 2607 impediunt.

174 2628 294 2679 Epist.
336 2626 384 2663 ad
419 2626 597 2677 Arc-hiep.
634 2626 797 2678 Frising.
824 2630 925 2665 Tuas
944 2628 1121 2677 libenter,
1146 2631 1193 2668 21
1230 2631 1441 2670 decembris
1465 2634 1583 2679 1863,
1601 2646 1695 2683 pag.
1719 2634 1813 2672 496.

181 2699 299 2741 ΧΙΙΙ.
335 2695 566 2738 Methodus
591 2706 633 2737 et
659 2696 880 2754 principia,
902 2697 1055 2755 quibus
1082 2700 1246 2758 antiqui
1278 2700 1474 2744 doctores
1505 2702 1745 2744 scholastici
1770 2699 1962 2745 Theolo-

123 2763 234 2822 giam
267 2760 556 2809 excoluerunt,
582 2771 824 2818 temporum
858 2773 1103 2806 nostrorum
1130 2765 1449 2809 necessitatibus
1477 2766 1830 2825 scientiarumque
1860 2776 1963 2825 pro—

123 2826 279 2885 gressui
300 2825 472 2867 minime
493 2836 750 2882 congruunt.

177 2903 295 2954 Epist.
335 2901 380 2938 ad
412 2901 595 2952 Arehiep.
624 2901 788 2953 Frising.
828 2904 927 2940 Tuas
963 2903 1131 2951 libenter,
1159 2908 1204 2944 21
1230 2905 1441 2945 decembris
1476 2909 1596 2957 1863,
1605 2922 1703 2959 pag.
1725 2906 1819 2946 496.

183 2973 299 3045 {HV
335 2970 605 3029 Philosophia
634 2971 855 3014 tractanda
886 2984 969 3030 est,
1003 2974 1119 3016 nulla
1155 2977 1487 3035 supernaturalis
1518 2976 1788 3021 revelationis
1818 2974 1963 3018 habita

122 3047 304 3079 ratione.

175 3114 296 3165 Epist.
334 3112 382 3150 ad
415 3112 594 3163 Archiep.
617 3112 778 3164 Frising.
811 3116 910 3151 Tuas
941 3115 1113 3164 lebenter,
1152 3120 1198 3155 21
1228 3117 1441 3157 decembris
1474 3122 1593 3168 1863,
1613 3132 1703 3169 pag.
1727 3120 1821 3156 496.

181 3185 246 3226 N.
273 3184 323 3225 Β.
346 3207 401 3215 -
419 3184 527 3224 Cum
556 3183 832 3226 rationalismi
862 3195 1087 3244 systemate
1110 3188 1323 3230 cohaerent
1355 3191 1582 3233 maximam
1604 3199 1771 3248 partem
1797 3200 1962 3230 errores
