2135 3442
197 164 272 200 508
870 160 1063 196 LETTRE
1089 161 1157 195 DE
1185 160 1263 195 PIE
1294 160 1364 195 IX.

196 249 469 306 actionesque
484 247 537 288 ad
552 246 849 298 materialium,
872 245 1168 305 fugaciumque
1190 248 1315 303 hujus
1331 245 1481 287 mundi
1501 261 1644 287 rerum
1662 246 1817 288 limites
1835 246 2034 306 redigan-

196 325 282 356 tur.
303 315 356 354 Et
373 312 576 370 quoniam
596 312 783 354 Ecclesia
802 328 895 370 quae
915 311 1112 353 columna
1131 322 1173 353 et
1197 311 1513 353 firmamentum
1534 310 1723 352 veritatis
1746 327 1769 352 a
1788 311 1941 354 Divino
1959 329 2034 354 suo

194 381 381 421 Auctore
406 377 486 419 fuit
505 377 750 428 constituta,
775 389 821 418 ut
854 391 1003 418 omnes
1034 375 1230 417 homiues
1262 376 1447 417 divinam
1472 375 1647 416 edoceat
1681 375 1826 425 fidem,
1863 376 2036 434 ejusque

196 443 438 501 depositum
456 442 536 484 sibi
570 442 773 483 traditum
797 442 1013 498 integrum
1034 440 1368 498 inviolatumque
1403 440 1630 491 custodiat,
1656 457 1703 482 ac
1726 441 1935 491 homines,
1962 457 2034 482 eo-

195 524 373 566 rumque
395 507 608 550 consortia
638 518 679 548 et
717 505 906 547 actiones
932 505 987 546 ad
1023 522 1194 548 morum
1220 507 1505 556 honestatem,
1542 506 1721 563 vitaeque.
1748 505 2034 563 integritatem

192 575 314 629 juxta
334 574 527 615 revelatae
545 571 749 613 doctrinae
773 586 971 612 normam
991 570 1141 628 dirigat
1157 582 1198 612 et
1219 571 1365 630 fingat,
1392 570 1543 612 iccirco
1563 587 1791 627 pravarum
1816 570 2035 612 doctrina—

195 653 290 679 rum
316 639 502 679 fautores
537 647 577 677 et
598 646 906 694 propagatores
938 635 1080 675 omnia
1102 646 1325 686 conantur,
1360 645 1406 676 ut
1432 634 1759 676 ecclesiasticam
1783 645 2034 693 potestatem

195 718 269 745 sua
284 718 382 761 erga
400 704 630 744 humanam
652 701 897 742 societatem
917 700 1167 742 auctoritate
1188 700 1386 759 spolient.
1416 701 1708 754 Quamobrem
1729 699 1834 741 nibil
1851 699 2036 741 intenta-

194 780 301 819 tum,
326 767 514 826 nihilque
534 767 805 824 inexpertum
831 766 1098 823 relinquunt,
1125 777 1172 807 ut
1206 782 1379 808 omnem
1407 765 1604 807 Ecclesiae
1626 776 1895 823 potestatem,
1926 766 2036 821 ejus-

196 849 277 890 que
309 833 538 874 salutarem
568 831 668 882 vim,
708 847 837 888 quam
864 831 955 889 ipsa
982 831 1169 872 Ecclesia
1201 848 1252 872 ex
1290 830 1429 873 diviua
1457 848 1529 873 sua
1568 830 1833 872 institutione
1869 846 2037 888 semper

195 897 382 939 exercuit
411 908 451 938 et
478 898 520 939 iu
556 897 753 938 humanae
780 895 991 938 societatis
1023 896 1219 938 Instituta
1242 912 1435 937 exercerc
1462 897 1603 946 debet,
1638 896 1703 936 vel
1724 894 1857 954 magis
1881 894 1925 936 in
1950 894 2038 936 dies

195 974 427 1014 coarctent,
449 963 513 1004 vel
536 962 587 1002 ab
614 960 774 1003 eisdem
795 960 1003 1002 Institutis
1024 971 1208 1010 arceant,
1245 972 1287 1002 et
1314 960 1404 1018 ipsa
1426 961 1620 1002 Instituta
1641 960 1769 1018 pleno
1788 959 1936 1010 civilis,
1955 975 2036 1017 po-

194 1027 399 1085 liticaeque
419 1025 680 1068 auctoritatis
706 1025 884 1066 arbitrio
909 1024 1136 1081 subjiciant
1157 1025 1210 1066 ad
1232 1025 1537 1084 imperantium
1566 1025 1735 1083 placita,
1769 1036 1810 1066 et
1837 1024 1891 1066 ad
1913 1023 2036 1065 volu-

194 1092 345 1134 bilium
366 1092 497 1133 fetatis
516 1090 770 1148 opinionum
788 1089 1016 1131 rationem.

252 1157 367 1199 Nihil
388 1172 487 1197 vero
508 1155 663 1197 mirum
699 1155 732 1197 si
765 1154 1013 1211 hujusmodi
1043 1154 1319 1196 funestissimi
1347 1171 1447 1196 sane
1478 1165 1654 1196 conatus
1671 1154 1715 1195 iu
1735 1153 1950 1212 publicam
1964 1155 2036 1210 ju-

193 1221 377 1263 ventutis
424 1220 735 1262 institutionem
777 1220 1160 1277 educationemque
1204 1220 1248 1262 in
1298 1221 1447 1279 primis
1485 1230 1808 1278 comparentur,
1848 1217 2038 1275 nihilque

195 1287 497 1339 dubitandum,
522 1286 622 1344 quin
646 1287 831 1327 bumana
852 1286 1032 1328 societas
1063 1286 1320 1344 gravissimis
1353 1286 1567 1344 repleatur
1589 1297 1628 1326 et
1648 1296 1822 1327 vexetur
1854 1284 2035 1335 damnis,

194 1351 305 1392 ubia
324 1351 491 1409 publica
517 1363 558 1392 et
577 1351 739 1410 privata
757 1351 992 1407 juventutis
1023 1351 1307 1403 institutione,
1339 1367 1422 1409 qua
1450 1350 1510 1392 rei
1544 1367 1641 1392 cum
1666 1366 1807 1400 sacrae,
1842 1360 1933 1390 tum
1956 1365 2037 1406 pu-

193 1416 314 1458 blicae
343 1416 521 1458 felicitas
554 1428 777 1475 tantopere
811 1417 1080 1466 continetur,
1116 1416 1242 1458 suerit
1286 1416 1549 1458 moderatrix
1581 1415 1777 1457 Ecclesiae
1811 1416 2041 1456 auctoritas

194 1483 369 1539 ejusque
391 1481 605 1523 salutifera
626 1483 688 1524 vis
713 1494 868 1524 amota.
897 1484 990 1524 Hoc
1008 1482 1123 1523 enim
1141 1482 1271 1523 modo
1288 1483 1474 1524 humana
1497 1481 1674 1523 societas
1697 1496 1798 1522 vero
1816 1479 1889 1520 illo
1907 1479 2040 1521 chris-

192 1546 309 1588 tiano
331 1547 482 1604 spiritu
507 1547 663 1588 sensim
684 1549 889 1606 privatur,
915 1547 987 1605 qui
1008 1564 1118 1589 unus
1138 1558 1281 1605 potest
1303 1560 1343 1589 et
1366 1547 1526 1606 publici
1546 1545 1725 1597 ordinis,
1752 1543 2038 1602 tranquillita—

192 1611 332 1669 tisque
346 1611 622 1653 fundamenta
641 1613 846 1654 stabiliter
866 1629 1034 1654 servare
1055 1629 1102 1654 ac
1121 1630 1269 1654 verum
1287 1614 1519 1670 utilemque
1543 1612 1751 1654 civilitatis
1767 1625 2040 1668 progressum

195 1677 360 1718 efficere
382 1693 428 1718 ac
446 1677 676 1726 moderari,
711 1689 753 1718 et
782 1694 831 1718 ea
857 1677 1001 1718 omnia
1022 1677 1269 1719 hominibus
1290 1679 1478 1735 praebere
1506 1676 1708 1725 subsidia,
1735 1691 1826 1731 quae
1857 1673 1910 1714 ad
1937 1673 2036 1714 ulti—

193 1758 312 1783 mum
338 1757 462 1783 suum
486 1754 584 1800 post
606 1742 797 1783 mortalis
821 1742 996 1797 hujusce
1018 1741 1114 1783 vitae
1136 1738 1361 1783 stationem
1385 1742 1512 1783 finem
1534 1739 1861 1796 assequendum,
1883 1737 2039 1779 scilicet

193 1807 247 1848 ad
264 1818 466 1848 {eternam
487 1807 666 1848 salutem
684 1806 967 1848 obtinendam
987 1817 1086 1848 sunt
1106 1806 1359 1848 necessaria.
1386 1808 1439 1847 Et
1458 1822 1558 1847 sane
1584 1803 1810 1853 institutio,
1836 1819 1928 1859 quae
1950 1819 2039 1843 non

192 1872 332 1913 solum
358 1888 501 1913 rerum
525 1872 744 1913 dumtaxat
771 1871 1030 1912 naturalium
1060 1871 1300 1922 scientiam,
1338 1888 1384 1912 ac
1408 1883 1585 1912 terrente
1614 1868 1781 1909 socialis
1803 1867 1898 1908 vitae
1936 1866 2040 1907 fines

191 1947 367 1994 spectat,
393 1953 539 1977 verum
561 1937 691 1978 etiam
717 1953 736 1977 a
769 1935 1018 1978 veritatibus
1043 1952 1066 1976 a
1092 1937 1181 1976 Deo
1207 1935 1404 1976 revelatis
1427 1934 1608 1984 decedit,
1641 1933 1684 1973 in
1711 1931 1879 1981 erroris,
1913 1947 2039 1973 men-

194 2001 389 2059 daciique
411 2002 606 2060 spiritum
634 2001 887 2059 prolabatur
911 2012 1097 2059 oportet,
1126 2012 1167 2042 et
1193 2000 1404 2050 educatio,
1436 2016 1527 2056 quac
1558 1998 1648 2039 siue
1677 1996 1916 2039 christianae
1937 1995 2038 2037 doc—

195 2066 316 2108 trinae
336 2084 589 2125 morumque
608 2066 840 2125 disciplinaer
859 2066 1015 2109 auxilio
1041 2077 1209 2107 teneras
1237 2065 1572 2106 adolescentium
1601 2073 1782 2112 mentes,
1809 2076 2040 2119 eorumque

195 2148 315 2173 cerea
336 2133 377 2173 in
395 2134 544 2174 vitium
566 2132 675 2174 flecti
698 2132 828 2174 corda
850 2132 1066 2181 informat,
1091 2147 1177 2172 non
1196 2141 1339 2188 potest
1367 2146 1454 2170 nou
1473 2144 1622 2187 parere
1653 2126 1920 2186 progeniem,
1949 2141 2040 2183 quae

195 2196 336 2254 pravis
357 2196 662 2254 cupiditatibus
680 2197 949 2255 propriisque
966 2195 1203 2237 rationibus
1225 2206 1389 2236 tantum
1410 2206 1622 2252 permota,
1645 2204 1687 2234 et
1703 2192 1885 2250 impulsa
1902 2190 2039 2233 maxi-

196 2276 286 2302 mas
306 2272 397 2302 tum
418 2261 592 2319 privatis
614 2262 799 2313 familiis,
826 2274 919 2303 tum
939 2261 1179 2319 reipublicae
1198 2260 1321 2302 affert
1342 2260 1616 2301 calamitates.

254 2339 312 2378 At
331 2353 430 2378 vero
452 2353 549 2379 cum
573 2339 817 2393 hujusmodi
838 2337 1195 2397 perniciosissima
1229 2337 1411 2379 docendi
1443 2337 1551 2378 ratio
1581 2337 1771 2391 sejuncta
1791 2351 1813 2375 a
1834 2332 2041 2375 catholica

197 2401 295 2452 fide,
321 2413 361 2442 et
385 2403 437 2442 ab
459 2402 656 2444 Ecclesiae
679 2414 891 2461 potestate
910 2402 1097 2444 maximo
1114 2403 1166 2444 sit
1180 2402 1442 2453 hominibus,
1468 2413 1508 2444 et
1531 2399 1721 2443 societati
1742 2400 1914 2449 damno,
1939 2397 2041 2439 dum

198 2466 334 2525 agitur
367 2467 418 2508 de
444 2466 593 2509 litteris
624 2469 991 2525 severioribusque
1022 2467 1254 2526 disciplinis
1281 2466 1515 2517 tradendis,
1540 2482 1586 2507 ac
1609 2465 1662 2506 de
1696 2463 1946 2506 educatione
1967 2478 2042 2504 cu—

197 2531 331 2572 randa
355 2530 397 2571 in
429 2531 583 2573 scholis
603 2533 870 2605 publicisque
894 2530 1119 2585 InstitutiS,
1144 2549 1236 2590 quae
1261 2532 1577 2573 honestioribus
1603 2529 1814 2572 societatis
1839 2527 2041 2571 classibus

198 2607 295 2637 sunt
314 2596 537 2646 destinata
557 2598 699 2655 ecquis
720 2615 807 2640 non
824 2598 955 2649 videt,
978 2598 1112 2639 multo
1141 2598 1335 2656 gravi01a
1364 2596 1475 2638 mala
1508 2607 1549 2637 et
1575 2595 1730 2636 damna
1763 2610 1814 2635 ex
1843 2593 1920 2634 hac
1946 2607 2038 2633 me-

197 2660 333 2702 thodo
355 2660 560 2711 derivare,
580 2661 612 2703 si
630 2663 807 2704 eadem
796 2680 840 2704 m
862 2663 1090 2721 populares
1110 2662 1337 2704 inducatur
1357 2661 1553 2703 scholas?
1576 2660 1776 2702 Etenim
1766 2676 1810 2700 111
1823 2658 1938 2700 hisce
1958 2673 2039 2727 po-

198 2724 408 2766 tissimum
443 2695 599 2767 scholis
627 2743 775 2770 omnes
807 2730 1011 2785 cujusque
1035 2744 1056 2769 e
1080 2727 1239 2786 populo
1272 2726 1413 2768 classis
1441 2725 1644 2783 puerixel
1675 2741 1698 2766 a
1730 2724 1885 2766 teneris
1919 2720 2041 2763 annis

200 2789 476 2831 sanctissimae
497 2802 652 2832 nostiae
686 2792 904 2850 religionis
927 2809 998 2851 my
1003 2804 1156 2843 stellis,
1181 2808 1227 2833 ac
1253 2807 1305 2849 p1
1309 2790 1613 2849 acceptionibus
1635 2789 1783 2831 sedulo
1819 2798 1918 2830 sunt
1940 2802 2036 2828 eru—

201 2854 359 2906 (11611111,
383 2865 425 2895 et
446 2855 500 2896 ad
520 2854 719 2913 pietatem
755 2872 1007 2914 morumque
1037 2856 1326 2906 honestatem,
1351 2867 1393 2897 et
1417 2855 1471 2896 ad
1500 2854 1766 2912 1eligionem,
1789 2852 2039 2908 civilemque

199 2919 370 2961 vivendi
389 2919 598 2961 rationem
622 2931 814 2961 accurate
835 2920 1065 2963 formandi.
1100 2923 1241 2979 Atque
1268 2920 1312 2962 in
1338 2920 1497 2962 eisdem
1523 2919 1676 2961 scholis
1705 2917 1901 2975 religiosa
1925 2931 2037 2974 prae-

200 2983 347 3025 sertim
368 2984 559 3026 doctrina
580 2985 636 3026 ita
654 2984 904 3043 primarium
932 2986 975 3026 in
995 2985 1277 3036 institutione,
1302 2996 1344 3026 et
1364 2984 1612 3026 educatione
1629 2984 1772 3025 locum
1793 2982 1966 3031 habere,
1989 2995 2037 3020 ac

201 3048 413 3090 dominari
438 3050 581 3101 debet,
601 3061 649 3091 ut
675 3049 853 3091 aliarum
880 3065 1023 3091 retum
1047 3051 1323 3109 cognitiones,
1345 3049 1530 3107 quibus
1517 3066 1590 3121 Juv
1595 3060 1715 3090 entus
1734 3048 1793 3089 ibi
1814 3045 2032 3092 imbuitur,

201 3113 329 3154 veluti
346 3114 588 3156 adventiciae
602 3124 849 3173 appareant.
868 3114 1137 3187 Quaproptei
1149 3117 1350 3186 juventus
1366 3114 1559 3156 maximis
1579 3114 1803 3172 exponitur
1818 3107 2030 3170 periculis,

202 3177 282 3220 nisi
303 3180 392 3236 ejus
408 3179 453 3222 111
470 3179 716 3223 memoratis
736 3178 919 3222 scholis
909 3179 1118 3221 institutio
1140 3180 1374 3223 a1ctissimo
1399 3196 1495 3222 cum
1512 3179 1709 3237 religiosa
1728 3175 1922 3219 doctrina
1940 3187 2034 3213 vm-
