2135 3442
149 148 227 185 5012·
643 142 829 178 LETTRE
856 142 1196 188 APOSTOLIQUE
1223 143 1288 178 DE
1315 143 1395 178 PIE
1424 143 1495 182 IX.

151 231 323 289 exsequi
354 229 522 288 regulas
553 229 606 270 ab
640 229 825 272 Ecclesia
856 245 1022 289 semper
1052 240 1250 280 servatas,
1279 239 1321 270 et
1349 228 1524 270 obedire
1561 230 1759 273 omnibus
1788 231 1982 286 decretis,

151 313 242 355 quae
263 295 373 338 circa
394 293 629 336 doctrinam
647 311 670 336 a
687 296 889 353 Suprema
909 295 1064 337 Nostra
1083 294 1302 337 Pontificia
1321 295 1574 337 auctoritate
1590 296 1789 338 eduntur.

209 363 308 402 Haec
339 370 482 402 autem
514 359 656 401 omnia
677 360 755 402 tibi
780 359 1158 411 communicamus,
1184 376 1232 401 ac
1255 375 1523 417 summopere
1553 372 1765 418 optamus,
1792 374 1839 404 ut
1863 378 1912 404 ea
1935 363 1985 405 iis

151 426 347 469 omnibus
374 424 580 484 significes
602 425 714 476 viris,
737 425 809 482 qui
837 425 880 466 in
909 436 1145 466 memorato
1167 427 1388 467 Conventu
1412 424 1543 476 fuere,
1574 425 1691 477 dum,
1714 427 1745 468 si
1782 438 1987 486 opportu-

152 508 254 533 num
279 506 368 532 esse
393 490 700 540 censuerimus,
729 490 844 531 haud
878 490 1119 532 omittemus
1145 489 1225 532 alia
1245 490 1337 541 tibi,
1362 501 1403 531 ct
1421 491 1746 533 Venerabilibus
1774 493 1988 535 Fratribus

151 556 387 598 Germaniae
411 557 636 598 Sacrorum
661 554 932 596 Antistitibus
950 556 1030 598 hac
1056 572 1181 615 super
1208 572 1253 597 re
1274 555 1524 613 significare,
1548 568 1778 615 postquam
1797 569 1929 609 tuam,
1948 569 1990 600 et

151 621 401 664 eorumdem
426 620 675 662 Antistitum
706 620 960 661 sententiam
985 620 1314 662 intellexerimus
1345 621 1396 662 de
1422 622 1666 677 hujusmodi
1695 624 1990 664 Conventuum

152 686 488 745 opportunitate.
508 687 691 726 Demum
710 685 968 743 pastoralem
994 696 1111 727 tuam
1131 686 1470 737 sollicitudinem,
1491 703 1537 728 ac
1560 686 1819 745 vigilantiam
1839 688 1990 730 iterum

151 752 425 794 vehementer
449 750 691 801 excitamus,
713 761 760 791 ut
783 767 867 792 una
890 767 985 793 cum
1006 751 1096 793 aliis
1109 751 1434 793 venerabilibus
1458 751 1676 793 Fratribus
1699 752 1923 794 Sacrorum
1948 753 1992 794 in

152 816 380 859 Germania
398 815 686 866 Antistitibus,
709 831 828 857 curas
845 831 1008 866 omnes,
1027 816 1387 874 cogitationesque
1410 817 1452 857 in
1469 817 1673 858 tuendam
1693 829 1734 859 et
1753 833 2010 876 propagan-⁴

155 881 254 923 dam
277 897 425 922 sanam
447 880 684 922 doctrinam
707 880 872 922 assidue
896 880 1105 923 conseras.
1129 882 1275 938 Neque
1297 882 1466 923 omittas
1487 883 1682 924 omnibus
1700 882 1926 935 inculcare,
1948 894 1994 925 ut

153 947 353 1004 profanas
373 962 518 988 omnes
543 945 751 987 novitates
772 945 996 1004 diligenter
1016 946 1217 997 devitent,
1240 962 1374 1004 neque
1397 948 1450 987 ab
1478 947 1559 988 illis
1582 963 1624 989 se
1650 947 1787 1006 decipi
1807 963 1995 1006 unquam

153 1013 384 1069 patiantur,
408 1011 478 1068 qui
505 1010 656 1052 falsam
682 1010 866 1052 scientia-3
894 1011 1152 1062 libertatem,
1177 1012 1348 1068 ejusque
1374 1027 1462 1052 non
1488 1013 1626 1053 solum
1654 1028 1802 1054 verum
1830 1011 1994 1070 profec-
2051 1009 2054 1013 ’

153 1087 259 1129 tum,
284 1076 357 1118 sed
379 1077 505 1118 etiam
536 1091 698 1117 errores
728 1087 945 1133 tamquam
968 1092 1211 1135 progressus
1233 1075 1502 1134 impudenter
1526 1078 1701 1132 jactant.
1734 1080 1874 1134 Atque
1905 1078 1996 1136 pari

154 1141 292 1183 studio
316 1152 357 1182 et
383 1142 655 1182 contentione
678 1157 730 1182 ne
753 1140 918 1182 desinas
944 1157 1090 1184 omnes
1113 1142 1287 1193 hortari,
1318 1152 1363 1182 ut
1388 1142 1571 1182 maxima
1591 1158 1704 1193 cura,
1730 1153 1770 1183 et
1793 1141 1995 1184 industria

154 1207 198 1246 in
217 1221 360 1247 veram
381 1205 650 1247 christianam
676 1217 718 1247 et
736 1206 987 1247 catholicam
1007 1206 1258 1265 sapientiam
1279 1207 1540 1260 incumbant,
1563 1217 1703 1264 atque,
1729 1207 1790 1248 uti
1818 1224 1895 1266 par
1917 1220 1991 1258 est,

154 1272 197 1311 in
219 1286 383 1312 summo
407 1272 544 1328 pretio
569 1271 758 1312 habeant
777 1286 902 1312 veros
932 1271 1172 1330 solidosque
1207 1271 1386 1313 scientiae
1415 1287 1677 1330 progressus,
1705 1273 1791 1330 qui,
1816 1274 1993 1315 sanctis(

155 1336 257 1377 sima
285 1351 332 1375 ac
366 1334 508 1376 divina
545 1335 627 1377 fide
657 1335 780 1386 duce,
813 1347 854 1377 et
882 1336 1095 1394 magistra,
1127 1336 1170 1377 in
1206 1336 1419 1378 catholicis
1451 1337 1602 1379 scholis
1644 1337 1776 1378 habiti
1810 1338 1992 1389 fuerunt,

155 1412 282 1458 utque
320 1400 580 1459 theologicas
618 1400 850 1459 praesertim
897 1401 1136 1460 disciplinas
1188 1402 1382 1443 excolant
1421 1401 1654 1443 secundum
1692 1402 1911 1461 principia,
1958 1414 1999 1445 et

155 1476 397 1507 constantes
418 1465 646 1516 doctrinas,
676 1465 828 1523 quibus
852 1466 1106 1508 unanimiter
1124 1465 1258 1508 innixi
1278 1467 1575 1525 sapientissimi
1598 1469 1807 1509 Doctores
1826 1469 1999 1510 immor-

155 1531 282 1571 talem
311 1530 389 1571 sibi
420 1530 604 1571 nominis
629 1530 814 1582 laudem,
848 1543 888 1573 et
914 1533 1145 1573 maximam
1176 1532 1370 1574 Ecclesiae
1401 1543 1441 1574 et
1474 1532 1656 1574 scientiae
1685 1532 1923 1585 utilitatem,
1952 1549 1998 1575 ac

157 1594 426 1652 splendorem
452 1608 721 1653 pepererunt.
753 1597 845 1638 Hoc
873 1613 972 1638 sane
996 1597 1127 1639 modo
1156 1598 1352 1639 catholici
1377 1597 1453 1639 viri
1483 1598 1525 1639 in
1555 1598 1738 1640 scientiis
1760 1598 2001 1641 excolendis

157 1671 374 1718 poterunt,
390 1661 480 1701 Deo
507 1660 748 1711 auxiliante,
771 1661 904 1718 magis
923 1662 967 1701 in
988 1662 1075 1703 dies
1095 1674 1300 1720 quantum
1315 1663 1479 1703 homini
1498 1662 1556 1703 sas
1577 1674 1653 1714 est,
1676 1679 1862 1715 noscere,
1883 1664 1998 1706 evol-

158 1740 269 1773 vere,
301 1735 343 1766 et
369 1725 595 1783 explanare
617 1725 843 1766 veritatum
869 1726 1130 1777 thesaurum,
1162 1743 1265 1783 quas
1295 1726 1344 1767 in‘
1369 1737 1528 1767 natnrae
1556 1739 1598 1769 et
1628 1727 1769 1786 gratiae
1799 1730 2000 1787 operibus

159 1791 274 1831 Deus
292 1791 446 1848 posuit,
471 1802 515 1832 ut
545 1791 675 1832 homo
704 1802 931 1848 postquam
954 1791 1044 1832 illas
1067 1791 1243 1833 rationis
1273 1803 1312 1832 et
1341 1791 1439 1832 fidei
1461 1792 1620 1834 lumine
1649 1793 1828 1844 noverit,
1857 1810 1999 1836 suam-

160 1871 240 1912 que
271 1855 400 1895 vitam
434 1855 487 1896 ad
529 1871 597 1896 eas
630 1855 777 1897 sedulo
815 1856 1155 1906 conformaverit,
1189 1856 1320 1914 possit
1352 1857 1396 1897 in
1432 1868 1595 1897 mternae
1632 1857 1776 1915 gloriae
1812 1859 2002 1902 claritate

160 1935 366 1961 summam
393 1920 629 1970 veritatem,
657 1921 794 1960 Deum
825 1919 995 1974 scilicet,
1026 1920 1115 1962 sine
1143 1921 1230 1962 ullo
1251 1921 1457 1962 velamine
1479 1920 1649 1973 intueri,
1683 1937 1817 1980 eoque
1846 1923 2001 1966 felicis-

163 1984 267 2025 sime
300 1984 344 2026 in
381 1997 586 2026 aeternum
612 1984 771 2043 perfrui
804 1996 843 2026 et
879 1985 1078 2043 gaudere.

224 2181 345 2220 Hanc
368 2191 512 2221 autem
537 2178 804 2221 occasionem
834 2179 1114 2221 libentissimo
1137 2180 1279 2221 animo
1310 2181 1619 2240 amplectimur,
1642 2196 1688 2225 ut
1714 2184 1854 2226 denuo
1874 2196 2003 2228 teste-

163 2259 258 2285 mur
272 2255 312 2284 et
328 2243 627 2285 confirmemus
645 2244 903 2302 praecipuam
921 2245 1118 2286 Nostram
1138 2245 1179 2286 in
1199 2257 1239 2287 te
1260 2246 1493 2289 caritatem.
1516 2249 1642 2304 Cujus
1665 2265 1833 2306 quoque
1850 2249 2005 2308 pignus

164 2325 254 2351 esse
292 2310 483 2351 volumus
521 2310 812 2368 Apostolicam
847 2309 1195 2352 Benedictionem
1232 2327 1361 2368 quam
1398 2311 1531 2354 effuso
1565 2313 1704 2354 cordis
1738 2312 1891 2356 affectu
1926 2315 2003 2356 tibi

164 2374 257 2431 ipsi,
280 2374 544 2416 Venerabilis
565 2377 728 2425 Frater,
753 2386 794 2415 et
822 2375 938 2434 gregi
958 2387 1044 2417 tuae
1062 2391 1171 2417 curae
1189 2376 1414 2418 commisso
1433 2389 1702 2435 peramanter
1722 2377 1999 2436 impertimus.

223 2441 379 2480 Datum
397 2441 540 2481 Romae
561 2441 674 2499 apud
696 2442 897 2482 Sanctum
918 2442 1094 2484 Petrum
1119 2441 1186 2484 die
1208 2447 1256 2483 21
1281 2442 1517 2485 decembris
1535 2459 1646 2485 anno
1674 2448 1799 2496 1863,
1822 2444 2002 2487 Pontifi-

165 2515 282 2546 catus
299 2504 440 2546 Nostri
465 2521 576 2547 anno
601 2506 767 2548 decimo
790 2518 953 2549 octavo.

1445 2574 1568 2615 PIUS
1598 2575 1681 2617 PP.
1716 2576 1791 2617 IX.
