2135 3442
164 162 211 196 26
415 153 724 200 ENCYCLIQUE
752 153 818 188 DE
846 152 893 188 N.
925 151 970 186 T.
1003 149 1041 185 S.
1072 149 1116 184 P.
1146 147 1210 183 LE
1237 147 1364 183 PAPE
1393 147 1472 183 PIE
1501 147 1572 184 IX.
1631 148 1752 185 1864.

221 244 352 286 XLII.
377 243 426 283 In
448 239 647 283 conflictu
666 240 807 297 legum
827 238 1043 293 utriusque
1063 232 1297 292 potestati5‚
1315 234 1383 288 jus
1406 233 1525 275 civile
1547 233 1761 292 praevalet.

214 326 302 365 Litt.
325 327 462 376 Apost.
487 326 552 360 Ad
568 325 804 372 Apostolicae,
823 322 873 362 22
887 316 1172 370 augusti1851,
1193 329 1286 367 pag.
1305 316 1400 355 292.

220 414 373 456 XLIII.
392 411 516 454 Laica
536 422 718 469 potestas
738 407 1030 450 auctoritatem
1044 405 1176 446 habet
1187 403 1473 456 rescindendi,
1498 402 1742 446 declarandi
1760 418 1809 445 ac
1819 403 2003 451 faciendi

165 479 299 520 irritas
319 478 527 520 solemnes
554 473 856 517 conventiones
877 471 1018 529 (vulgo
1047 468 1335 527 Concorclata)
1362 484 1491 527 super
1508 485 1586 511 usu
1604 468 1764 526 jurium
1787 467 1842 513 ad
1865 468 2003 516 eccle-

163 542 373 585 siasticam
399 540 709 583 immunitatem
730 537 1035 596 pertinentium
1061 549 1158 575 cum
1186 533 1295 576 Sede
1324 533 1571 593 Apostolica
1599 534 1739 586 initas,
1766 534 1856 576 sine
1880 534 2006 591 hujus

164 623 387 658 consensu,
412 607 544 647 immo
565 616 607 646 et
623 620 673 646 ca
691 603 964 645 reclamante.

215 689 340 729 Alloc.
360 693 407 726 In
426 689 689 734 consistoriali,
713 688 731 722 1
755 682 977 722 novembris
993 684 1112 729 1850,
1127 695 1223 732 pag.
1246 682 1340 722 276.

216 742 337 783 Alloc.
362 744 500 779 Multis
515 739 774 790 gravibusque,
800 741 848 777 17
869 734 1082 774 decembris
1103 737 1222 780 1860,
1237 747 1334 785 pag.
1350 735 1443 773 424.

222 824 373 866 XLIV.
391 822 531 864 Civilis
543 821 770 863 auctoritas
786 828 926 877 potest
943 832 987 859 se
1007 817 1244 858 immiscere
1258 816 1384 857 rebus
1403 826 1497 872 quae
1509 815 1565 857 ad
1583 815 1850 874 religionem,
1868 830 2009 862 mores

164 900 202 930 ct
221 888 409 946 regimen
430 887 641 944 spirituale
668 883 900 943 pertinent,
925 882 1036 924 Hinc
1059 891 1203 940 potest
1225 879 1278 922 de
1301 879 1654 922 instructionibus
1673 879 1882 936 judicare,
1904 894 2010 938 quas

165 952 355 994 Ecclesia*
368 963 554 1010 pastores
572 950 625 991 ad
643 947 992 991 conscientiarum
1006 961 1202 988 normam
1217 962 1295 1004 pro
1310 960 1387 987 suo
1406 961 1583 987 munere
1598 945 1746 994 edunt,
1766 945 1868 1001 quin
1882 945 2011 989 etiam

165 1027 301 1074 potest
324 1016 376 1057 dc
401 1015 641 1056 divinorum
664 1023 1025 1054 sacramentorum
1054 1010 1423 1059 administratione
1441 1021 1484 1052 et
1512 1008 1861 1069 dispositionibus
1880 1009 1936 1056 ad
1960 1025 2011 1052 ea

163 1080 425 1138 suscipienda
445 1077 685 1121 necessariis
705 1078 951 1119 decernere.
1549 1093 1555 1097 ’

216 1163 339 1202 Alloc.
360 1167 407 1200 In
425 1164 690 1210 consistoriali,
713 1164 730 1198 1
764 1159 987 1197 novembris
1005 1161 1238 1209 1850,pag.
1262 1161 1356 1199 276.

215 1216 341 1256 Alloc.
361 1217 541 1253 Maoeima
551 1216 718 1263 quidem,
739 1216 762 1252 9
776 1212 876 1261 junii
902 1215 1019 1260 1862,
1035 1226 1129 1264 pag,
1151 1215 1246 1251 454.

221 1298 347 1339 XLV.
369 1298 528 1338 Totum
552 1296 793 1337 scholarum
813 1295 1083 1353 publicarum
1098 1295 1306 1353 regimen,
1329 1293 1374 1335 in
1391 1294 1544 1352 quibus
1556 1295 1756 1349 juventus
1777 1295 2013 1338 christianae

163 1361 332 1417 alicujus
355 1360 614 1419 Reipublicae
644 1360 894 1410 instituitur,
921 1358 1231 1419 episcopalibus
1259 1359 1483 1401 dumtaxat
1512 1357 1746 1401 seminariis
1768 1357 1909 1418 aliqua
1937 1374 2011 1400 ra-

163 1420 488 1483 tioneexceptis,
504 1436 648 1483 potest
667 1441 714 1466 ac
733 1424 861 1466 debet
880 1424 1053 1466 attribui
1073 1425 1315 1469 auctoritati
1335 1423 1463 1476 civili,
1486 1434 1530 1465 et
1544 1424 1602 1464 ita
1624 1422 1800 1480 quidem
1822 1422 2012 1478 attribui,

163 1501 210 1531 ut
232 1489 396 1531 nullum
417 1489 486 1529 alii
507 1490 757 1545 cuicumque
782 1489 1002 1530 autoritati
1023 1499 1354 1547 recognoscatur
1376 1491 1444 1544 jus
1464 1487 1732 1530 immiscendi
1753 1503 1796 1529 se
1820 1489 1866 1530 in
1888 1486 2014 1534 disci-

163 1553 277 1612 plina
297 1553 553 1603 schohrum,
575 1553 618 1593 in
635 1553 839 1611 regimine
860 1552 1115 1605 studiorum,
1140 1554 1184 1594 in
1203 1553 1413 1612 graduum
1427 1552 1670 1604 collatione,
1691 1553 1736 1594 in
1759 1551 1924 1595 delectu
1941 1563 2015 1595 aut

165 1619 471 1677 approbatione
494 1619 813 1675 magistrorum.
1358 1618 1360 1620 ’

219 1701 343 1738 Alloc.
367 1703 696 1747 Iszconsi.s-t01·iali,
719 1702 736 1736 1
761 1699 981 1737 novembris
999 1701 1117 1748 1850,
1134 1714 1230 1750 pag.
1257 1702 1351 1741 276.

221 1753 346 1791 Alloc.
370 1752 512 1800 Quibus
528 1753 826 1801 luctuosis-simis,
845 1756 867 1791 5
887 1752 1114 1804 septembris
1139 1756 1258 1802 1851,
1273 1767 1369 1804 pag.
1391 1754 1485 1791 302.

227 1837 379 1878 XLVI.
397 1838 535 1877 Immo
557 1837 600 1877 in
620 1837 722 1893 ipsis
745 1837 995 1879 clericorum
1017 1837 1251 1880 seminariis
1264 1837 1493 1880 methodus
1513 1837 1752 1881 studiorum
1773 1838 2016 1881 adhibenda

172 1901 281 1943 civili
304 1901 542 1943 auctoritati
562 1900 798 1956 subjicitur.

221 1983 343 2020 Alloc.
362 1986 564 2032 Nunquam
580 1984 677 2032 sore,
697 1985 748 2020 15
768 1982 983 2021 decembris
1001 1985 1234 2037 1856‚pag.
1261 1988 1356 2026 382.

230 2070 401 2111 XLVII.
430 2070 621 2111 Postulat
647 2070 807 2127 optima.
827 2071 958 2113 civilis
989 2074 1200 2115 societatis
1226 2075 1359 2126 ratio,
1393 2086 1440 2117 ut
1464 2075 1691 2133 populares
1723 2073 1890 2125 scholae,
1924 2089 2017 2131 quae

171 2144 317 2192 patent
337 2135 535 2175 omnibus
558 2135 759 2192 cujusque
782 2151 805 2176 e
829 2136 991 2193 populo
1016 2138 1155 2179 classis
1179 2138 1337 2196 pueris,
1366 2155 1413 2181 ac
1437 2139 1610 2198 publica
1633 2137 1861 2181 universim
1887 2139 2015 2180 Insti-

174 2210 279 2250 tuta,
307 2215 397 2256 quoe
419 2198 566 2239 litteris
590 2199 956 2257 scverioribusque
980 2200 1210 2260 disciplinis
1229 2203 1450 2246 tradendis
1465 2215 1506 2246 et
1529 2202 1769 2246 educationi
1787 2204 2018 2258 juventutis

174 2262 368 2304 curandae
392 2274 488 2303 sunt
509 2262 729 2314 destinata,
757 2265 995 2306 eximantur
1012 2265 1064 2306 ab
1085 2268 1203 2308 omni
1224 2268 1421 2310 Ecclesiae
1445 2268 1710 2321 auctoritate,
1735 2267 2018 2310 moderatrice

172 2327 213 2367 vi
233 2338 273 2368 et
294 2328 546 2384 ingerentia,
571 2327 782 2384 plenoque
805 2328 933 2370 civilis
954 2345 1002 2371 ae
1023 2331 1206 2388 politicae
1231 2333 1491 2375 auctoritatis
1516 2331 1690 2374 arbitrio
1713 2332 2012 2389 subjiciantur,

174 2389 229 2432 ad
245 2390 545 2448 imperantium
563 2391 714 2448 placita
732 2402 774 2432 et
796 2392 850 2434 ad
870 2397 1163 2438 communium
1183 2399 1316 2440 aetatis
1337 2397 1593 2456 opinionum
1617 2398 1835 2440 amussim.

228 2478 349 2529 Epist.
370 2478 418 2516 ad
438 2478 620 2530 Archiep.
639 2479 815 2532 Friburg.
839 2484 960 2530 Quum
978 2498 1048 2521 non
1066 2489 1162 2537 sine,
1190 2489 1241 2525 14
1259 2486 1345 2535 julii
1366 2488 1484 2535 1864,
1502 2501 1599 2538 pag.
1623 2488 1715 2527 506.

231 2572 428 2614 XLVIII.
461 2572 689 2614 Catholicis
720 2574 820 2617 viris
847 2577 1024 2634 probari
1055 2590 1200 2636 potest
1236 2596 1285 2622 ea
1309 2580 1545 2637 juventutis
1576 2579 1852 2630 instituendae
1885 2580 2015 2634 ratio,

175 2650 268 2693 quae
296 2635 350 2677 sit
378 2652 401 2677 a
435 2637 642 2678 catholica
672 2638 755 2679 sule
793 2651 834 2681 et
865 2641 918 2682 ab
951 2642 1150 2685 Ecclesiae
1182 2656 1392 2703 potestate
1418 2648 1626 2702 sejuncta,
1663 2662 1844 2704 quaeque
1873 2662 2018 2697 rerum

175 2699 393 2741 dumtaxat
419 2701 675 2742 naturalium
703 2702 921 2746 scientiam
953 2722 1000 2749 ac
1026 2718 1204 2751 terrente
1233 2710 1398 2753 socialis
1429 2711 1526 2752 vitae
1558 2711 1665 2753 fines
1692 2722 1860 2753 tantum
1886 2711 2016 2753 modo

174 2764 240 2807 vel
257 2764 406 2807 saltem
428 2766 630 2823 primario
651 2779 829 2825 spectet.

225 2853 343 2907 Epist.
364 2853 411 2890 ad
433 2853 612 2903 Archiep.
632 2854 810 2907 Fribnrg.
833 2859 955 2906 Quum
975 2872 1047 2896 non
1062 2865 1156 2911 sine,
1178 2864 1226 2900 14
1243 2862 1330 2910 J'ulii
1348 2867 1466 2912 1864,
1482 2878 1578 2916 pag,
1603 2867 1694 2904 506.

234 2941 388 2983 XLIX.
415 2940 555 2982 Civilis
583 2942 814 2986 auctoritas
839 2955 979 3002 potest
1002 2946 1209 3005 impedire
1238 2952 1466 3007 quominus
1493 2968 1711 2995 sacrorum
1730 2952 1954 2995 Antistites
1973 2964 2014 2994 et

176 3005 318 3047 fideles
341 3005 489 3064 populi
508 3022 604 3048 cum
622 3008 818 3049 Romano
839 3009 1041 3052 Pontifice
1059 3011 1192 3055 libere
1209 3029 1257 3056 ac
1273 3026 1422 3058 mutuo
1441 3019 1773 3061 communicent.

228 3091 350 3131 Alloc.
372 3096 554 3131 Maxima
572 3096 737 3143 quidem,
757 3097 780 3132 9
797 3095 896 3143 junii
913 3097 1034 3148 1862,
1048 3112 1146 3150 pag.
1169 3102 1262 3140 4512.

233 3181 280 3221 L.
304 3181 427 3223 Laica
448 3183 671 3224 auctoritas
689 3182 818 3225 habet
831 3198 908 3242 per
926 3199 969 3227 se
982 3186 1049 3241 jus
1068 3189 1352 3245 praesentandi
1370 3191 1617 3250 Episcopos‚
1643 3201 1683 3232 et
1699 3201 1840 3249 potest
1860 3191 1913 3234 ab
1928 3189 2011 3234 illis
