2135 3442
203 159 279 194 2224
810 156 1122 192 ALLOCUTION
1149 157 1215 191 DE
1244 156 1322 191 PIE
1351 155 1423 190 IX.

264 245 397 300 Atque
414 241 523 284 inter
544 242 634 283 haec
655 243 808 284 Nostra
825 243 1118 285 ardentissima
1139 242 1343 284 desideria
1364 241 1478 283 haud
1500 257 1724 298 possumus
1748 258 1820 284 eos
1840 259 1924 284 non
1943 259 2035 285 mo-

206 324 302 350 nere
321 308 552 366 speciatim,
586 318 629 349 et
661 308 927 367 redarguere,
955 308 1025 365 qui
1054 308 1223 349 decreto
1246 307 1320 357 illi,
1349 323 1433 364 quo
1457 308 1673 347 Romanus
1698 307 1895 350 Pontifex
1917 309 2034 350 omni

202 372 333 415 civilis
363 373 426 413 sui
453 371 624 429 Imperii
656 373 833 422 honore,
872 388 919 413 ac
940 372 1141 430 dignitate
1165 383 1226 414 est
1246 372 1462 430 spoliatus,
1494 370 1717 429 plaudunt,
1750 387 1798 412 ac
1819 370 2035 415 decretum

202 439 314 480 idem
339 437 392 479 ad
418 436 548 494 ipsius
575 437 769 478 Ecclesiae
796 437 1049 487 libertatem,
1077 437 1403 493 felicitatemque
1431 434 1744 494 procurandam
1762 436 1829 477 vel
1851 437 2033 480 maxime

202 502 439 544 conducere
462 512 666 543 asserunt.
707 501 786 542 Hic
816 512 954 542 autem
976 502 1115 559 palam
1138 502 1392 559 publiceque
1418 500 1677 559 profitemur,
1709 499 1825 541 nulla
1847 500 1935 542 Nos
1957 501 2037 544 do-

201 567 391 609 minandi
409 566 655 624 cupiditate,
680 567 796 608 nullo
818 567 1062 624 temporalis
1082 567 1344 624 Principatus
1363 565 1572 607 desiderio
1589 566 1678 606 haec
1694 565 1826 622 loqui,
1845 567 2034 622 quando-

202 633 536 691 quidemNostra
556 631 734 676 indoles,
751 630 1019 690 etingenium
1038 648 1059 672 a
1079 633 1221 689 quavis
1238 630 1529 672 dominatione
1546 630 1736 688 profecto
1752 642 1814 671 est
1831 630 2030 679 alienum,

199 700 503 741 Verumtamen
520 697 645 738 officii
667 697 813 738 Nostri
832 698 937 738 ratio
961 697 1159 754 postulat,
1183 708 1228 738 ut
1247 697 1289 737 in
1316 696 1422 737 civili
1453 696 1704 753 Apostolicae
1730 696 1848 737 Sedis
1869 696 2035 737 Princi-

201 774 305 821 patu
331 761 490 803 tuendo
518 762 611 816 jura
635 760 1001 819 possessionesque
1035 762 1194 803 Sanctae
1225 763 1429 802 Romame
1453 761 1664 814 Ecclesiae,
1695 771 1820 818 atque
1848 760 2037 816 ejusdem

202 828 319 869 Sedis
341 827 594 875 libertatem,
619 842 711 883 quae
732 842 828 867 cum
852 827 978 867 totius
1003 826 1197 868 Ecclesiae
1218 826 1434 876 libertate,
1462 836 1503 866 et
1523 825 1700 867 utilitate
1727 836 1788 867 est
1812 827 2036 880 conjuncta

202 893 300 934 totis
318 890 476 933 viribus
502 889 792 932 defendamus.
821 891 874 931 Et
900 890 1070 947 quidem
1093 890 1301 943 homines,
1331 892 1402 947 qui
1424 902 1757 932 commemorato
1787 889 2036 948 plaudentes

204 957 373 998 decreto
396 967 484 997 tam
504 955 620 1007 falsa,
648 966 689 996 et
715 955 897 996 absurda
930 954 1159 1005 affirmant,
1193 955 1259 996 vel
1291 954 1488 1013 ignorant
1509 955 1573 995 vel
1601 956 1793 1012 ignorare
1817 954 2034 1008 simulant,

204 1022 402 1080 singulari
432 1036 600 1078 prorsus
622 1019 772 1060 divinae
803 1019 1081 1060 Providentiae
1101 1020 1277 1061 consilio
1302 1020 1458 1060 factum
1482 1036 1584 1070 esse,
1609 1031 1655 1060 ut
1676 1021 1870 1061 Romano
1894 1021 2037 1077 Impe-

202 1087 266 1129 rio
285 1087 327 1127 in
350 1087 468 1144 plura
486 1100 630 1142 regna,
659 1085 876 1140 variasque
900 1084 1080 1125 ditiones
1100 1084 1246 1134 diviso,
1276 1086 1494 1125 Romanus
1512 1084 1719 1134 Pontifex,
1741 1085 1807 1125 cui
1830 1100 1852 1125 a
1870 1086 2036 1126 Christo

203 1151 386 1193 Domino
407 1151 532 1190 totius
562 1149 756 1189 Ecclesiae
776 1150 980 1206 regimen,
1007 1159 1047 1189 et
1068 1164 1165 1189 cura
1197 1148 1274 1189 fuit
1303 1149 1525 1189 commissa
1559 1148 1722 1189 civilem
1750 1149 2036 1206 Principatum

201 1218 282 1258 hac
311 1230 408 1257 sane
429 1214 481 1255 de
505 1229 626 1255 causa
651 1214 843 1262 haberet,
869 1225 915 1255 ut
947 1213 1000 1253 ad
1021 1214 1155 1271 ipsam
1176 1212 1407 1254 Ecclesiam
1428 1213 1675 1271 regendam,
1699 1215 1870 1269 ejusque
1894 1214 2036 1253 unita-

202 1293 288 1323 tem
306 1279 507 1321 tuendam
525 1278 651 1336 plena
668 1278 737 1319 illa
759 1279 966 1337 potiretur
982 1278 1188 1327 libertate,
1220 1294 1310 1334 quae
1333 1277 1386 1318 ad
1416 1277 1599 1335 supremi
1629 1277 1863 1334 Apostolici
1886 1279 2036 1319 minis-

204 1346 297 1386 terii
320 1360 470 1386 munus
502 1343 749 1385 obeundum
774 1343 1017 1400 requiritur.
1055 1344 1247 1401 Namque
1272 1342 1467 1384 omnibus
1500 1353 1766 1399 compertum
1789 1353 1865 1393 est,
1896 1341 2038 1384 fideles

202 1409 396 1468 populos,
416 1419 578 1467 gentes,
612 1424 742 1466 regna
775 1424 1005 1465 numquam
1044 1408 1215 1466 plenam
1260 1407 1473 1460 fiduciam,
1511 1419 1552 1448 et
1600 1407 1911 1448 observantiam
1950 1422 2038 1449 esse

202 1475 435 1533 praestitura
458 1476 654 1514 Romano
675 1472 883 1523 Pontifici,
911 1474 942 1513 si
960 1472 1079 1513 illum
1103 1472 1273 1528 alicujus
1293 1471 1514 1529 Principis,
1540 1471 1605 1513 vel
1623 1471 1826 1513 Gubernii
1847 1471 2037 1513 dominio

203 1540 453 1595 subjectum,
481 1554 529 1579 ac
552 1537 725 1578 minime
756 1537 935 1578 liberum
957 1553 1045 1578 esse
1066 1539 1375 1595 conspicerent.
1402 1537 1617 1593 Siquidem
1643 1536 1786 1578 fideles
1810 1536 1972 1594 populi,
1998 1548 2039 1578 et

202 1619 331 1661 regna
354 1603 628 1644 vehementer
647 1601 845 1658 suspicari
864 1617 911 1642 ac
936 1601 1067 1642 vereri
1091 1618 1320 1658 numquam
1343 1601 1599 1654 desinerent,
1635 1616 1686 1641 ne
1708 1601 1900 1642 Pontifex
1925 1600 2039 1642 idem

203 1684 278 1709 sua
299 1679 389 1708 aeta
415 1667 467 1708 ad
491 1666 598 1707 illius
619 1666 823 1723 Principis
845 1666 908 1708 vel
929 1665 1147 1715 Gubernii,
1176 1666 1217 1705 in
1243 1666 1359 1721 cujus
1385 1664 1545 1706 ditione
1566 1675 1821 1717 versaretur,
1839 1665 2037 1707 volunta-

202 1744 289 1774 tem
312 1732 612 1780 conformaret,
651 1741 773 1787 atque
803 1729 954 1771 iccirco
976 1731 1075 1770 actis
1099 1730 1176 1770 illis
1200 1731 1279 1770 hoc
1310 1740 1516 1786 praetextu
1541 1728 1688 1786 saepius
1727 1728 1928 1787 refragari
1952 1746 2038 1772 non

203 1797 462 1838 dubitarent.
483 1797 536 1836 Et
559 1794 730 1852 quidem
755 1795 896 1836 dicant
918 1795 984 1835 vel
1008 1794 1084 1852 ipsi
1106 1796 1244 1836 hostes
1259 1793 1387 1835 civilis
1411 1794 1672 1851 Principatus
1694 1794 1944 1851 Apostolicae
1969 1796 2040 1837 Se·

203 1861 282 1914 dis,
307 1862 377 1918 qui
398 1877 509 1901 nunc
537 1862 683 1901 Romae
711 1859 998 1913 dominantur,
1031 1876 1213 1916 quanam
1247 1858 1413 1908 fiducia,
1443 1870 1484 1900 et
1516 1860 1782 1900 observantia
1803 1859 1878 1916 ipsi
1905 1871 2040 1902 essent

203 1927 417 1984 excepturi
441 1924 718 1975 hortationes,
743 1925 920 1974 monita,
946 1925 1161 1975 mandata,
1184 1923 1502 1965 constitutiones
1519 1925 1679 1965 Summi
1695 1924 1922 1975 Pontificis,
1946 1940 2042 1966 cum

202 1991 323 2032 illum
352 1991 526 2044 cujusvis
549 1989 767 2047 Principis,
812 2001 884 2030 aut
917 1990 1120 2031 Gubernii
1148 1988 1325 2047 imperio
1351 1988 1564 2030 subditum
1595 2004 1682 2030 esse
1717 2001 2035 2048 cognoscerent,

203 2054 438 2113 praesertim
461 2070 561 2096 vero
599 2055 630 2095 si
656 2053 721 2094 cui
755 2055 942 2095 subesset
971 2054 1170 2112 Principi,
1198 2055 1309 2095 inter
1332 2069 1458 2111 quem
1493 2065 1533 2095 et
1559 2055 1796 2095 Romanam
1822 2054 2039 2096 Ditionem

206 2120 449 2161 diuturnum
475 2119 645 2177 aliquod
670 2130 864 2176 ageretur
887 2120 1045 2161 bellum
1064 2119 1081 2160 P

265 2215 432 2254 Interea
452 2229 575 2254 nemo
594 2228 680 2253 non
697 2212 813 2253 videt
834 2212 985 2270 quibus
1006 2211 1253 2270 quantisque
1273 2213 1518 2254 vulneribus
1538 2212 1580 2253 in
1598 2211 1696 2270 ipsis
1717 2212 1949 2255 Pontificiae
1974 2214 2039 2256 di-

207 2278 332 2319 tionis
352 2276 596 2334 regionibus
620 2277 886 2318 immaculata
907 2277 1059 2318 Christi
1091 2278 1249 2335 Sponsa
1272 2292 1386 2318 nunc
1416 2276 1635 2326 afficiatur,
1666 2277 1816 2333 quibus
1845 2276 2034 2329 vinculis,

208 2359 290 2401 qua
313 2343 547 2400 turpissima
570 2343 766 2384 servitute
790 2342 921 2401 magis
943 2343 1158 2400 magisque
1183 2345 1458 2400 opprimatur,
1485 2342 1734 2398 quantisque
1758 2343 1957 2401 angustiis
1980 2345 2040 2385 vi-

209 2407 328 2448 sibile
361 2406 469 2447 illius
500 2408 635 2464 Caput
667 2408 887 2449 obruatur.
915 2409 1066 2464 Ecquis
1089 2409 1201 2448 enim
1234 2407 1416 2464 ignorat,
1442 2406 1574 2446 Nobis
1610 2406 2037 2450 communicationem

208 2488 306 2513 cum
326 2471 595 2521 UrbeRoma,
611 2471 802 2528 illiusque
824 2472 959 2512 Nobis
983 2472 1196 2513 carissimo
1218 2471 1358 2521 Clero,
1384 2481 1425 2511 et
1446 2471 1637 2512 universo
1659 2471 1891 2513 Pontificiae
1912 2472 2040 2515 ditio-

211 2535 275 2577 nis
295 2535 566 2592 Episcopatu,
593 2536 825 2593 ceterisque
858 2536 1049 2577 fidelibus
1071 2538 1127 2577 ita
1152 2552 1241 2578 esse
1262 2534 1554 2593 praepeditam,
1581 2547 1627 2576 ut
1651 2552 1704 2579 ne
1729 2537 1924 2594 epistolas
1947 2539 2043 2595 qui-

210 2600 308 2642 dem
333 2600 384 2641 de
422 2600 707 2641 ecclesiasticis
733 2601 846 2651 licet,
875 2618 922 2643 ac
953 2601 1234 2659 spiritualibus
1267 2599 1442 2658 negotiis
1469 2613 1638 2658 agentes
1662 2602 1727 2643 vel
1760 2602 1941 2653 mittere,
1971 2604 2037 2646 vel

211 2666 399 2721 accipere
422 2663 552 2705 libere
585 2666 814 2721 possimus?
839 2667 942 2719 Quis
977 2666 1122 2716 nescit,
1157 2665 1319 2706 Urbem
1348 2666 1547 2706 Romam.
1565 2667 1799 2725 principem
1831 2668 2043 2709 catholicae

210 2728 404 2770 Ecclesiae
427 2728 593 2778 Sedem,
614 2728 654 2768 in
670 2731 904 2786 praesentia,
933 2731 1037 2787 proli
1057 2729 1180 2771 dolor
1199 2730 1206 2769 l
1236 2729 1380 2770 silvam
1408 2729 1677 2772 frementium
1704 2731 1932 2774 bestiarum
1955 2747 2044 2774 esse

212 2793 379 2842 factam,
409 2809 502 2833 cum
522 2809 570 2834 ea
592 2795 783 2834 omnium
806 2794 1029 2835 nationum
1052 2794 1293 2835 hominibus
1317 2794 1545 2848 redundet,
1572 2796 1644 2853 qui
1660 2796 1725 2837 vel
1741 2807 1954 2854 apostatae,
1977 2798 2041 2838 vel

211 2857 409 2907 haeretici,
441 2857 505 2898 vel
520 2864 827 2909 commmzimni,
853 2859 915 2899 uti
942 2858 1103 2908 dicunt,
1129 2869 1200 2899 aut
1217 2859 1454 2899 socialismz·
1474 2859 1673 2918 magistri,
1695 2876 1741 2902 ac
1761 2876 1924 2902 summo
1942 2876 2043 2902 con-

211 2934 274 2963 tra
284 2921 529 2964 catholicam
544 2921 762 2963 veritatem
775 2922 874 2964 odio
892 2924 1063 2964 animati
1075 2935 1163 2964 tum
1174 2939 1292 2976 voce,
1309 2934 1397 2965 tum
1412 2926 1487 2965 scri
1494 2924 1588 2983 ptis,
1601 2937 1690 2967 tum
1705 2925 1792 2967 aliis
1801 2925 2034 2983 quibusque

211 2986 349 3028 modis
360 2986 606 3044 omnigenos
626 2987 842 3044 pestiferos
863 3003 1023 3028 errores
1039 2987 1203 3037 docere,
1222 2988 1507 3040 disseminare,
1528 2992 1801 3047 omniumque
1823 3002 1982 3032 mentes
2000 3003 2043 3033 et

214 3050 374 3092 animos
397 3063 633 3109 pervertere
654 3063 874 3101 conantur,
896 3063 942 3092 ut
962 3051 1003 3092 in
1023 3053 1128 3093 urbe
1146 3052 1249 3110 ipsa,
1268 3053 1299 3094 si
1322 3054 1409 3094 fieri
1430 3070 1628 3112 umquam
1646 3065 1801 3112 posset,
1825 3054 2041 3096 catholica*

212 3116 438 3174 Religionis
459 3116 668 3169 sanctitas,
696 3128 737 3158 et
757 3117 1072 3157 irreformabilis
1090 3117 1187 3158 fidei
1211 3117 1351 3175 regula
1375 3119 1654 3177 depravetur?
1676 3120 1751 3160 Cui
1769 3121 1857 3174 jam
1871 3131 2035 3170 notum,

214 3180 488 3237 auditumque
511 3198 595 3222 non
622 3192 697 3233 est,
718 3182 760 3221 in
785 3181 999 3222 pontificia
1026 3181 1201 3232 ditione,
1224 3183 1414 3224 Ecclesiae
1436 3185 1562 3235 bona,
1586 3183 1742 3224 reditus
1762 3186 2042 3241 possessiones
