2135 3442
135 189 184 224 54
849 185 973 220 BREF
1000 184 1067 219 DE
1095 184 1175 219 PIE
1201 185 1269 220 VI.

199 274 279 315 Ubi
307 284 367 314 est
394 273 522 330 igitur
547 272 619 314 illa
645 271 874 330 cogitandi,
906 271 1144 329 agendique
1169 270 1359 319 libertas,
1389 283 1518 324 quam
1547 277 1780 308 conventus
1812 266 1979 308 decreta

139 339 333 380 tribuunt
360 337 525 378 homini
551 337 595 377 in
620 338 818 378 societate
842 337 1090 386 constituto,
1118 345 1323 391 tanquam
1346 332 1477 390 ipsius
1502 341 1665 372 naturae
1687 331 1756 386 jus
1786 330 1982 372 immuta—

136 404 220 445 bile
239 404 257 445 ?
285 403 510 460 Oportebit
526 402 651 460 igitur
671 418 723 443 ex
745 417 889 443 eorum
911 401 1178 442 decretorum
1201 398 1408 440 sententia
1429 395 1514 452 juri
1543 393 1836 436 contradicere
1852 397 1981 436 Crea-

137 467 257 519 toris,
273 483 350 525 per
375 482 501 524 quem
522 467 751 517 existimus,
778 477 818 507 et
846 468 963 521 cujus
988 463 1244 513 liberalitati,
1273 460 1485 519 quidquid
1507 475 1667 510 sumus,
1699 469 1826 515 atque
1844 459 1981 501 habe-

137 548 251 583 mus,
291 542 509 589 acceptum
543 530 702 572 referre
740 530 959 572 debemus.
1001 530 1206 570 Praeterea
1240 525 1333 582 quis
1361 527 1452 580 jam
1483 524 1655 582 ignoret
1690 534 1855 565 creatos
1893 538 1985 565 esse

142 596 349 645 homines,
372 607 419 636 ut
442 612 529 637 non
553 596 689 636 solum
713 594 863 653 singuli
887 593 981 644 sibi,
1009 592 1083 634 sed
1109 604 1150 633 et
1166 591 1256 632 aliis
1277 590 1434 641 vivant,
1462 606 1509 631 ac
1529 588 1696 648 prosint
1714 586 1988 630 hominibus?

140 662 188 702 In
213 662 292 703 hac
316 660 429 702 enim
457 671 618 702 naturae
650 659 895 701 infirmitate
924 669 1074 699 mutuo
1101 656 1294 714 indigent
1323 655 1379 696 ad
1405 654 1470 696 sui
1497 653 1863 696 conservationem
1886 651 1989 693 sub-

142 725 275 777 sidio3
303 737 428 782 atquc
447 724 604 766 idcirco
628 741 651 765 a
671 726 762 765 Dco
784 736 826 766 et
847 723 1072 773 rationem,
1110 733 1152 763 et
1179 721 1382 779 loquendi
1406 719 1652 761 facultatem
1673 727 1918 769 tenuerunt,
1942 727 1990 758 ut

143 801 185 832 et
201 805 327 847 opem
350 800 507 847 petere,
534 801 574 830 et
597 789 838 846 petentibus
860 798 1057 845 praestare
1091 786 1262 838 scirent,
1291 801 1340 826 ac
1368 795 1572 842 possent3
1606 782 1790 842 proinde
1813 781 1866 822 ab
1898 780 1990 839 ipsa

143 865 301 896 naturae
332 854 579 895 inductione
615 855 656 895 in
682 853 924 895 societatem
954 852 1388 907 communionemque
1417 850 1627 891 coierunt.
1661 849 1755 888 Jam
1781 862 1878 888 cum
1906 846 1988 887 ho-

143 918 269 960 minis
299 920 352 960 sit
383 920 440 959 ita
475 925 548 960 s'ua
580 917 745 959 ratione
782 917 863 967 uti,
901 933 954 958 ne
991 931 1238 974 supremum
1268 916 1501 956 Auctorem
1536 928 1675 962 suum,
1702 928 1789 952 non
1826 921 1992 952 tantum

146 999 386 1040 agnoscere,
424 998 570 1025 verum
612 994 654 1023 et
695 983 857 1031 colere,
896 980 1117 1031 admirari,
1153 980 1208 1021 ad
1246 994 1429 1036 eumque
1463 979 1606 1019 omnia
1634 977 1792 1019 referre
1820 976 1989 1026 debeat,

145 1063 327 1104 cumque
352 1049 491 1105 ipsum
517 1047 665 1102 subjici
683 1049 774 1102 jam
794 1047 847 1087 ab
868 1046 988 1087 initio
1015 1045 1248 1100 majoribus
1272 1044 1354 1085 suis
1376 1058 1548 1085 necesse
1567 1042 1710 1093 fuerit,
1743 1053 1790 1083 ut
1816 1041 1870 1082 ab
1897 1040 1996 1098 ipsis

146 1122 330 1169 regatur,
353 1123 480 1168 atque
496 1113 742 1161 instruatur,
758 1111 972 1167 vitamque
995 1125 1114 1151 suam
1137 1109 1191 1150 ad
1211 1109 1404 1156 rationis,
1430 1107 1722 1160 humanitatis,
1753 1106 1995 1164 religionis-

148 1191 228 1232 que
256 1191 452 1217 normam
482 1175 700 1216 instituere
728 1175 886 1228 valeat3
921 1186 1034 1216 certe
1058 1176 1112 1215 ab
1142 1174 1472 1230 uniuscujusque
1500 1184 1597 1214 ortu
1623 1172 1785 1213 irritam
1815 1182 1995 1223 constat,

147 1250 271 1296 atque
301 1241 471 1281 inanem
500 1254 587 1281 esse
604 1241 805 1295 jactatam
829 1239 945 1279 illam
971 1239 1084 1280 inter
1106 1238 1304 1280 homines
1328 1237 1630 1295 aequalitatem,
1660 1252 1709 1277 ac
1734 1235 1995 1277 libertatem.

147 1304 407 1344 Necessitate
433 1304 591 1344 subditi
618 1304 788 1345 estote1.
816 1305 964 1360 Itaque
990 1315 1036 1344 ut
1066 1303 1261 1344 homines
1288 1304 1332 1344 in
1362 1302 1528 1344 civilem
1554 1302 1800 1343 societatem
1834 1300 1998 1341 coales-

147 1382 240 1409 cere
260 1379 451 1424 possent,
469 1368 788 1426 gubernationis
812 1367 950 1409 sorma
975 1368 1175 1409 constitui
1203 1367 1367 1419 debuit,
1393 1383 1469 1425 per
1497 1383 1627 1424 quam
1648 1368 1743 1422 jura
1772 1364 1843 1406 illa
1870 1364 2001 1406 liber-

147 1433 241 1472 tatis
265 1432 478 1490 adscripta
506 1444 604 1473 sunt
633 1433 710 1473 sub
742 1432 855 1489 leges
881 1448 1210 1489 supremamque
1234 1431 1507 1490 regnantium
1534 1441 1811 1490 potestatem,
1840 1445 1892 1471 ex
1918 1444 2002 1487 quo

146 1498 416 1553 consequitur
447 1496 565 1553 quod
601 1498 645 1538 S.
684 1496 947 1553 Augustinus
982 1496 1106 1537 docet
1139 1498 1183 1537 in
1219 1497 1308 1537 haec
1347 1497 1475 1538 verba
1503 1515 1513 1538 ε
1552 1518 1569 1533 «
1602 1494 1811 1537 Generale
1846 1495 2002 1552 quippe

151 1582 167 1595 «
205 1572 375 1618 pactum
413 1572 474 1602 est
508 1561 719 1602 societatis
754 1562 949 1601 liumanae
979 1561 1155 1602 obedire
1186 1561 1356 1619 regibus
1385 1560 1469 1602 suis
1491 1560 1524 1604 ².
1560 1580 1577 1595 »
1610 1561 1882 1617 Quapropter
1914 1558 2004 1599 haec

146 1636 331 1682 potestas
350 1641 438 1665 non
462 1636 548 1666 tam
575 1641 597 1665 a
622 1625 765 1666 sociali
787 1635 1022 1674 contractu,
1051 1641 1179 1681 quam
1199 1626 1251 1665 ab
1273 1625 1366 1681 ipso
1390 1626 1480 1665 Deo
1502 1624 1607 1666 recti
1623 1623 1810 1680 justique
1829 1633 2002 1664 auctore

146 1689 379 1747 repetenda
423 1701 500 1730 est.
539 1690 666 1741 Quod
717 1689 891 1746 quidem
931 1688 1201 1730 confirmavit
1233 1689 1468 1746 Apostolus
1508 1689 1553 1730 in
1599 1689 1787 1746 superius
1833 1686 2005 1728 laudata

147 1753 375 1811 epistola³t
424 1775 440 1789 «
473 1754 622 1795 Omnis
659 1755 800 1795 anima
832 1754 1114 1811 potestatibus
1152 1753 1468 1795 sublimioribus
1499 1751 1671 1794 subdita
1706 1752 1783 1807 sit3
1818 1768 1907 1793 non
1942 1763 2006 1793 est

153 1839 170 1853 «
209 1820 321 1859 enin]
350 1829 536 1875 potestas
564 1817 642 1858 nisi
666 1834 689 1858 a
718 1819 835 1871 Deo3
865 1833 957 1874 qnae
985 1829 1127 1858 autem
1155 1829 1268 1868 sunt,
1298 1833 1321 1858 a
1344 1819 1438 1858 Deo
1468 1817 1676 1858 ordinatae
1695 1827 1796 1858 sunt
1820 1832 1828 1858 :
1860 1818 2004 1873 itaque

153 1903 170 1917 «
208 1881 280 1939 qui
304 1882 457 1923 resistit
479 1883 700 1940 potestati,
721 1883 801 1923 Dei
820 1881 1082 1923 ordinationi
1105 1881 1261 1923 resistit
1282 1899 1292 1922 :
1321 1881 1393 1939 qui
1414 1893 1557 1923 autem
1576 1882 1797 1932 resistunt,
1824 1880 1905 1938 ipsi
1926 1879 2004 1922 sibi

152 1967 169 1982 «
206 1947 527 1988 damnationem
545 1946 787 2003 acquirunt.
819 1968 836 1983 »

207 2013 345 2068 Atque
373 2011 442 2052 hic
464 2011 620 2052 referre
642 2011 746 2052 libet
765 2026 977 2051 canonem
1005 2010 1185 2051 Concilii
1211 2011 1472 2051 Turonensis
1499 2011 1556 2062 II,
1587 2009 1727 2050 habiti
1747 2025 1860 2051 anno
1889 2013 1999 2061 567,

148 2077 264 2130 cujus
292 2075 432 2116 verbis
463 2076 731 2116 anathemate
756 2075 966 2132 plectitur,
1002 2091 1090 2116 non
1116 2075 1254 2116 solum
1287 2075 1358 2132 qui
1389 2075 1568 2116 decretis
1590 2074 1849 2132 Apostolicae
1882 2075 2002 2117 Sedis

149 2138 358 2180 contraire
382 2139 616 2196 precsuinit3
640 2140 714 2181 sed
733 2151 775 2181 et
797 2160 814 2175 «
844 2139 960 2196 quod
978 2141 1100 2196 pejus
1121 2151 1200 2190 est,
1224 2141 1296 2197 qui
1315 2150 1462 2181 contra
1486 2139 1756 2190 sententiam,
1782 2154 1910 2196 quam
1931 2154 2002 2180 vas

155 2226 172 2239 «
210 2204 424 2244 electionis
450 2204 603 2244 Paulus
632 2204 848 2261 apostolus
878 2203 1037 2261 Spiritu
1074 2215 1218 2245 sancto
1245 2205 1513 2246 ministrante
1544 2203 1831 2262 promulgavit
1849 2236 1858 2254 ‚
1887 2203 2002 2245 aliud

155 2289 171 2303 «
209 2268 475 2310 conscribere
495 2268 580 2308 ulla
603 2268 767 2310 ratione
791 2279 1032 2326 praesumat,
1059 2283 1156 2309 cum
1184 2268 1297 2310 dicat
1324 2270 1414 2325 ipse
1438 2285 1513 2326 per
1536 2268 1740 2325 Spiritum
1766 2279 1958 2310 sanctum
1985 2285 1995 2309 :

155 2353 171 2368 ιι
207 2333 290 2386 Qui
306 2331 596 2390 praedicaverit
613 2344 763 2389 praeter
784 2333 828 2373 id
849 2333 966 2389 quod
986 2332 1226 2390 praedicavi,
1245 2333 1471 2374 anathema
1495 2332 1547 2374 sit
1563 2333 1597 2374 ¹⁰.
1623 2353 1641 2369 »

214 2475 290 2514 Ast
321 2472 374 2514 ad
408 2473 680 2514 refutandum
713 2472 1062 2515 absurdissimum
1094 2474 1183 2529 ejus
1213 2472 1421 2514 libertatis
1449 2484 1759 2522 commentum,
1791 2473 1890 2514 satis
1915 2473 1997 2515 hoc

151 2538 279 2578 etiam
299 2552 386 2578 esse
406 2548 561 2594 potest,
584 2536 617 2578 si
638 2537 827 2578 dicamus
847 2536 1093 2593 hujusmodi
1115 2553 1269 2594 nempe
1286 2536 1538 2578 sententiam
1564 2536 1687 2577 fuisse
1712 2538 1758 2577 V
1757 2537 1995 2578 alclensium

152 2612 192 2641 et
217 2601 538 2657 Begua1·clor·u1n
572 2617 595 2641 a
628 2601 844 2643 Clemente
872 2602 925 2651 V,
952 2616 1069 2642 sacro
1088 2602 1353 2659 approbante
1373 2602 1633 2642 oecumenico
1654 2600 1844 2642 Concilio
1863 2601 1996 2644 Vien-

150 2664 314 2715 nensi⁶,
358 2665 670 2717 damnatorum,
705 2681 834 2722 quam
868 2664 1022 2706 deinde
1054 2665 1185 2707 secuti
1219 2676 1315 2706 sunt
1355 2665 1667 2721 lVieleplzistae,
1705 2677 1748 2706 et
1776 2676 1994 2723 postremo

150 2729 358 2770 Lutlzerus
384 2729 463 2770 illis
486 2729 571 2770 suis
603 2729 747 2771 verbis
775 2747 783 2770 :
808 2729 952 2770 Liberi
975 2745 1118 2769 sumus
1147 2729 1198 2770 ab
1230 2728 1464 2770 omnibus⁶.
1487 2730 1789 2771 Verumtamen
1819 2746 1913 2787 quae
1941 2730 1994 2773 de

151 2792 392 2835 obedientia
415 2793 612 2851 legitimis
629 2795 907 2850 potestatibus
933 2792 1075 2834 debita
1097 2794 1364 2842 asseruimus,
1391 2793 1588 2835 nolumus
1615 2810 1666 2835 eo
1692 2794 1823 2852 accipi
1849 2810 1991 2848 sensu,

150 2868 196 2898 ut
213 2873 237 2898 a
252 2857 371 2898 nobis
388 2857 498 2899 dicta
519 2857 680 2899 fuerint
697 2858 841 2899 animo
866 2857 1140 2915 oppugnandi
1166 2873 1296 2899 novas
1317 2857 1455 2899 civiles
1479 2858 1606 2916 leges,
1633 2860 1784 2916 quibus
1803 2874 1878 2901 rex
1902 2860 1991 2917 ipse

199 2960 233 2991 1.
261 2958 383 3001 Apost.
402 2956 512 3001 Epist.
534 2956 578 2989 ad
594 2957 741 2989 Roman.
753 2983 762 3001 ,
780 2969 857 3002 cap.
875 2969 959 2997 x111,
976 2969 1066 2989 vers.
1081 2958 1116 2989 ὃ.

224 3029 232 3037 .
259 3004 340 3037 Lib.
359 3003 415 3035 111
434 3003 670 3045 Confession.,
689 3016 765 3048 cap.
782 3017 864 3045 v111,
880 3011 965 3037 tom.
982 3003 1009 3044 1,
1028 3003 1134 3048 Oper.
1157 3002 1238 3037 edit.
1262 3003 1433 3047 Maurin.,
1449 3017 1529 3051 pag.
1549 3007 1607 3040 94.

225 3075 232 3083 .
260 3051 382 3095 Apost.
403 3050 514 3095 Epist.
536 3049 579 3083 ad
599 3051 765 3091 Roman„
789 3062 864 3095 cap.
884 3062 968 3090 x111‚
990 3062 1078 3084 vers.
1104 3054 1119 3085 1
1146 3059 1179 3083 et
1199 3054 1231 3086 2.

223 3122 231 3129 .
259 3097 380 3130 Canon
400 3099 457 3138 20,
476 3097 510 3129 in
527 3097 662 3132 collect.
682 3098 812 3138 Labbe,
834 3106 920 3131 tom.
940 3097 1007 3137 VI,
1024 3109 1103 3142 pag.
1126 3100 1182 3131 54.

223 3171 230 3178 .
259 3143 344 3189 Cap.
368 3156 413 3177 111
434 3145 469 3177 in
492 3145 702 3178 Clementin.
722 3145 776 3178 tit.
802 3143 844 3177 de
864 3144 1047 3178 haereticis.

150 3236 183 3271 N
223 3217 230 3224 .
257 3191 305 3270 Iit
322 3191 430 3275 ἷξὲεέῑ
451 3200 572 3226 auctor
595 3191 782 3238 appendic.
806 3190 850 3225 ad
876 3191 912 3225 S.
934 3191 1123 3234 Thomam,
1144 3190 1256 3237 prima
1275 3192 1446 3238 secundae,
1468 3193 1650 3239 quaestion.
1674 3194 1733 3236 96,
1756 3201 1823 3227 art.
1844 3196 1880 3236 5,
1897 3191 1983 3226 edit.

185 3248 270 3283 eapo
290 3264 296 3270 .
417 3262 426 3273 .

197 3006 218 3224 mena->0259
