2135 3442
184 181 260 218 396
862 178 1048 213 LETTRE
1079 178 1142 213 DE
1171 178 1249 213 PIE
1278 178 1350 212 IX.

183 281 389 325 pugnare,
412 277 454 307 et
471 265 566 307 illos
582 265 712 306 libros
730 265 820 306 sine
843 264 987 305 debita
1007 264 1202 306 facultate
1223 264 1378 322 legere,
1401 279 1447 304 ac
1467 262 1666 304 retinere.
1691 264 1729 303 A
1745 278 1832 319 quo
1851 263 2023 320 quidem

185 330 452 383 obedientia,
483 330 701 386 debitique
735 329 927 387 obsequii
955 329 1095 370 officio
1128 345 1254 370 nemo
1278 326 1479 369 immunis
1502 338 1727 385 propterea
1747 326 1898 376 xideli,
1922 344 2020 370 cen-

184 396 351 452 selique
373 406 552 453 potelat,
577 395 725 453 quod
716 412 758 436 m
790 394 941 436 eodem
973 396 1155 435 Deci-eto
1187 394 1251 435 vel
1276 393 1398 434 nullae
1423 392 1677 434 nominatim
1706 392 2025 463 propositiones

184 471 448 510 notarentur,
485 460 550 501 vel
576 460 689 500 nulla
707 470 838 508 certa,
865 468 1057 514 stataque
1082 458 1360 499 adhiberetur
1383 473 1574 499 censura.
1600 459 1741 514 Ipsum
1762 456 1876 498 enim
1893 473 1969 514 per
1985 472 2027 498 se

184 525 352 567 valebat
368 527 609 574 Decretum,
636 540 689 564 ne
718 523 787 580 qui
814 522 893 563 sibi
921 524 1134 580 integrum
1155 533 1356 580 putaient
1379 523 1466 563 ab
1457 523 1523 574 iis,
1550 538 1641 578 qua
1662 523 1750 563 Nos
1771 521 2026 579 comproba-

183 590 336 640 ximus,
364 600 594 646 utcumque
617 588 850 630 discedere.
884 587 967 628 Sed
987 588 1262 629 vehementer
1297 598 1457 637 errant,
1491 586 1561 643 qui
1594 586 1799 644 generalis
1820 585 2027 642 ejusmodi

184 654 486 715 prohibitionis
506 670 673 695 causam
695 652 792 693 inde
813 651 1049 709 plofectam
1074 667 1159 693 esse
1186 653 1463 702 arbitrantur,
1488 650 1601 708 quod
1632 653 1718 709 ipsa
1745 649 2027 708 Congregatio

186 721 319 762 nullas
343 720 584 778 singillatim
604 716 1001 760 Gunthe1ianorum
1023 733 1201 774 operum
1221 716 1467 767 sententias,
1496 716 1716 773 nullasque
1737 715 1909 773 praecise
1931 713 2028 772 opi-

188 786 334 826 niones
359 801 533 826 censura
555 784 701 840 dignas
726 781 1073 839 deplehenderit.
1099 782 1268 822 Etenim
1294 798 1380 822 non
1402 781 1489 822 sine
1511 781 1658 822 dolore
1675 781 1867 839 apprime
1887 779 2030 821 nosci-

185 866 294 900 mus,
318 851 361 890 in
382 849 531 891 iisdem
554 847 753 906 operibus
787 862 1031 897 erroneum,
1061 862 1109 887 ac
1136 847 1556 904 peiniciosissimum,
1589 857 1629 886 et
1652 848 1705 886 ab
1736 847 1814 887 hac
1842 846 2029 903 Aposto-

185 914 263 956 lica
284 914 390 956 Sede
410 930 517 971 soepe
545 913 795 954 damnatum
828 911 1109 953 rationalismi
1135 922 1315 968 systema
1343 911 1539 969 ampliter
1571 910 1807 964 dominari3
1842 910 2030 966 itemque

188 981 416 1031 noscimus,
439 979 482 1019 in
506 977 657 1019 iisdem
680 977 801 1018 libris
823 993 871 1018 ea
890 977 1000 1018 inter
1021 977 1101 1017 alia
1124 992 1212 1016 non
1238 992 1371 1033 pauca
1401 976 1499 1033 legi,
1524 992 1615 1033 quae
1642 993 1664 1017 a
1695 976 1901 1017 catholica
1925 973 2026 1024 fide,

188 1044 434 1100 sinceraque
454 1042 734 1100 explicatione
755 1042 808 1083 de
826 1041 988 1083 unitate
1009 1041 1171 1081 Divinae
1195 1041 1437 1081 substantiae
1454 1041 1494 1081 in
1510 1042 1661 1081 Tribus
1673 1040 1897 1089 distinctis,
1916 1054 2029 1080 sem-

188 1109 448 1167 piternisque
468 1109 665 1149 Personis
689 1123 776 1148 non
798 1107 1023 1147 minimum
1047 1107 1262 1146 aberrant.
1292 1107 1340 1146 In
1366 1107 1593 1163 compertis
1619 1105 1778 1163 pariter
1806 1106 2027 1153 habemus,

190 1189 327 1230 neque
352 1173 546 1223 meliora,
576 1188 712 1230 neque
733 1170 996 1213 accuratiora
1021 1186 1127 1222 esse,
1161 1186 1251 1228 quae
1274 1171 1500 1212 traduntur
1527 1170 1579 1211 de
1608 1172 1881 1212 Sacramento
1901 1168 2033 1210 Verbi

188 1238 416 1288 Incarnati,
448 1238 584 1295 deque
610 1236 771 1278 unitate
803 1235 953 1277 divinae
987 1236 1119 1276 Verbi
1147 1251 1338 1293 personae
1371 1236 1415 1276 in
1440 1235 1602 1276 duabus
1630 1234 1790 1276 naturis
1820 1234 1961 1275 divina
1992 1242 2034 1273 et

188 1303 390 1344 humana.
423 1302 665 1353 Noscimus,
698 1301 849 1343 iisdem
876 1300 997 1342 libris
1025 1300 1122 1342 laedi
1156 1299 1408 1342 catholicam
1436 1300 1689 1342 sententiam
1718 1315 1766 1341 ac
1795 1298 2034 1341 doctrinam

188 1368 240 1409 de
263 1368 453 1419 homine,
479 1368 549 1425 qui
571 1383 750 1425 corpore
775 1377 816 1408 et
838 1365 977 1407 anima
1002 1365 1059 1407 ita
1080 1365 1342 1417 absolvatur,
1365 1376 1412 1406 ut
1433 1365 1571 1406 anima
1595 1379 1727 1421 eaque
1746 1362 1963 1405 rationalis
1981 1361 2035 1404 sit

188 1450 286 1475 vera
316 1449 392 1491 per
420 1448 480 1484 se,
511 1443 639 1489 atque
662 1432 907 1474 immediata
936 1430 1131 1489 corporis
1153 1431 1306 1472 forma.
1337 1431 1488 1488 Neque
1508 1429 1769 1488 ignoramus,
1807 1444 1856 1471 ea
1886 1427 2035 1470 iisdem

188 1498 305 1539 libris
331 1498 477 1539 doceri
509 1508 551 1539 et
580 1496 722 1547 statui,
756 1513 847 1554 quae
886 1496 1103 1538 catholica?
1136 1495 1340 1537 doctrinae
1368 1495 1420 1536 de
1458 1510 1655 1552 suprema
1685 1495 1762 1535 Dei
1790 1494 1986 1535 libertate
2011 1507 2034 1532 a

190 1561 335 1619 quavis
360 1561 612 1604 necessitate
632 1561 771 1603 soluta
792 1563 835 1602 in
857 1562 985 1602 rebus
1011 1560 1288 1619 procreandis
1308 1560 1433 1618 plane
1458 1560 1748 1601 adversantur.
1772 1560 1911 1616 Atque
1931 1557 2037 1599 illud

190 1627 318 1669 etiam
346 1628 410 1668 vel
442 1627 624 1668 maxime
655 1625 989 1684 improbandum
1023 1641 1070 1666 ac
1093 1624 1405 1676 damnandum,
1441 1624 1555 1681 quod
1587 1624 1888 1665 Guntherianis
1919 1621 2038 1663 libris

189 1693 384 1733 humanae
416 1691 571 1733 rationi
601 1702 642 1732 et
668 1689 963 1748 philosophiae,
993 1706 1085 1747 quae
1118 1691 1160 1730 in
1192 1690 1407 1747 religionis
1434 1691 1561 1730 rebus
1594 1705 1681 1730 non
1711 1686 1937 1738 dominari,
1963 1686 2037 1729 sed

191 1755 378 1798 ancillari
399 1755 576 1797 omnino
595 1755 769 1806 debent,
791 1755 1018 1812 magisterii
1035 1756 1104 1810 jus
1119 1766 1277 1796 temere
1296 1755 1566 1805 attribuatur,
1590 1771 1637 1795 ac
1653 1765 1876 1812 propterea
1895 1752 2037 1794 omnia

190 1822 511 1879 perturbentur,
552 1836 645 1877 quae
684 1818 929 1861 firmissima
961 1835 1135 1860 manere
1178 1819 1342 1861 debent
1386 1830 1476 1860 tum
1517 1819 1569 1860 de
1613 1819 1887 1860 distinctione
1928 1819 2039 1859 inter

191 1885 410 1927 scientiam
431 1897 473 1926 et
501 1884 650 1935 fidem,
679 1895 771 1926 tum
798 1884 851 1926 de
887 1885 1066 1942 perenni
1096 1883 1194 1925 fidei
1222 1883 1584 1933 immutabilitate,
1618 1899 1710 1940 quae
1738 1899 1821 1925 una
1853 1897 2037 1940 semper,

191 1961 318 2008 atque
356 1950 505 1991 eadem
534 1960 621 2001 est,
654 1949 757 1991 dum
789 1949 1085 2007 philosophia,
1123 1949 1405 2005 humanaeque
1436 1947 1668 2006 disciplinae
1705 1964 1842 2005 neque
1873 1962 2041 2005 semper

192 2015 271 2057 sibi
299 2025 520 2066 constant,
561 2030 698 2071 neque
719 2025 819 2056 sunt
839 2030 862 2055 a
882 2013 1105 2072 multiplici
1128 2029 1319 2054 errorum
1343 2012 1541 2055 varietate
1576 2012 1805 2055 immunes.
1842 2010 2036 2062 Accedit,

191 2096 269 2122 nec
299 2096 346 2121 ea
381 2081 559 2121 Sanctos
588 2080 736 2121 Patres
770 2079 1011 2121 reverentia
1047 2078 1213 2129 haberi,
1240 2094 1368 2135 quam
1398 2077 1688 2120 Conciliorum
1708 2079 1902 2119 Canones
1929 2091 2036 2134 prae-

193 2144 399 2195 scribunt,
441 2160 655 2202 quamque
691 2143 1035 2202 splendidissima
1071 2143 1271 2185 Ecclesiae
1309 2143 1470 2184 lumina
1508 2142 1685 2184 omnino
1717 2152 2036 2200 promerentur,

192 2225 271 2251 nec
303 2210 357 2249 ab
387 2208 435 2250 iis
470 2208 514 2250 in
546 2208 777 2250 catholicas
813 2208 988 2250 Scholas
1034 2207 1220 2249 dicteriis
1260 2207 1491 2258 abstineri,
1536 2223 1628 2265 quae
1666 2207 1899 2248 recolendae
1943 2221 2038 2246 me-

193 2273 338 2315 moriae
370 2272 469 2315 Pius
501 2275 559 2315 VI
587 2275 795 2315 Decessor
820 2274 977 2315 Noster
1000 2273 1251 2315 solemniter
1282 2272 1516 2314 damnavit.
1557 2272 1703 2329 Neque
1736 2271 1904 2313 silentio
1934 2287 2040 2330 prae-

196 2339 432 2390 teribimus,
461 2338 504 2380 in
530 2339 833 2381 Guntherianis
850 2338 971 2380 libris
984 2339 1049 2379 vel
1073 2337 1252 2380 maxime
1272 2337 1422 2379 violari
1443 2353 1589 2379 sanam
1610 2337 1814 2394 loquendi
1836 2336 2033 2387 formam,

195 2419 241 2445 ac
269 2403 302 2445 si
326 2403 470 2445 liceret
496 2405 726 2446 verborum
751 2403 949 2462 Apostoli
977 2403 1097 2444 Pauli
1124 2402 1315 2444 oblivisci
1352 2403 1394 2458 (2
1432 2402 1486 2443 ad
1511 2401 1700 2443 Timoth.
1736 2403 1824 2459 13),
1855 2413 1927 2443 aut
1953 2401 2039 2442 ho-

195 2485 312 2519 rum,
364 2484 456 2526 quae
507 2469 754 2526 gravissime
795 2469 962 2510 monuit
996 2468 1277 2526 Augustinus,
1330 2489 1346 2504 «
1386 2466 1521 2509 Nobis
1557 2467 1610 2508 ad
1646 2478 1806 2509 certam
1849 2466 2040 2525 regulam

195 2532 310 2590 loqui
336 2532 397 2574 fas
429 2544 506 2582 est,
532 2549 586 2574 ne
614 2535 847 2575 verborum
870 2532 1041 2575 licentia
1066 2532 1194 2574 etiam
1218 2532 1271 2574 de
1298 2533 1441 2581 rebus,
1470 2547 1561 2589 quse
1582 2531 1647 2573 his
1674 2553 1691 2568 «
1729 2531 2036 2590 significantur,

195 2596 368 2655 impiam
390 2596 534 2654 gignat
558 2597 806 2655 opinionem
831 2620 848 2634 »
876 2600 955 2655 (De
973 2598 1098 2640 Civit.
1122 2596 1219 2648 Dei,
1242 2596 1339 2647 lib.‚
1367 2603 1419 2639 10
1448 2612 1540 2654 cap.
1571 2598 1658 2654 23).
1675 2597 1740 2638 Ex
1761 2596 1913 2654 quibus
1942 2611 2039 2637 om-

197 2661 322 2704 nibus
347 2662 540 2720 profecto
571 2663 705 2713 vides,
738 2663 900 2705 Dilecte
934 2663 1011 2705 Fili
1040 2664 1213 2713 Noster,
1238 2677 1318 2719 qua
1341 2677 1440 2702 cura
1461 2673 1511 2702 et
1529 2661 1671 2703 studio
1693 2678 1788 2703 cum
1809 2660 1923 2712 Tibi,
1946 2671 2039 2701 tum

198 2726 525 2769 venerabilibus
561 2729 783 2769 Fratribus
825 2727 1047 2786 Episcopis
1083 2727 1185 2769 Tuis
1215 2726 1499 2784 Suffraganeis
1538 2726 1591 2768 sit
1626 2726 1957 2784 advigilandum,
1993 2735 2041 2767 ut

197 2808 219 2834 a
255 2791 404 2833 vestris
438 2791 697 2833 Dioecesibus
731 2793 1022 2834 Guntheriana
1051 2808 1181 2850 opera
1219 2803 1509 2842 amoveantur,
1549 2802 1590 2832 et
1618 2807 1699 2849 qua
1731 2789 1932 2848 singulari
1958 2788 2042 2831 sol-

198 2856 419 2899 licitudine
461 2856 757 2899 excubandum
774 2891 782 2907 ‚
829 2874 882 2899 ne
929 2856 1123 2899 doctrina
1171 2856 1331 2898 eisdem
1365 2855 1567 2914 operibus
1613 2866 1838 2906 contenta,
1879 2866 1920 2896 et
1950 2855 2039 2910 jam

199 2922 437 2981 proscripta
458 2922 545 2963 ullo
568 2937 755 2978 unquam
788 2922 916 2963 modo
945 2922 1029 2964 sive
1057 2922 1101 2963 in
1125 2920 1455 2980 philosophicis,
1490 2921 1574 2962 sive
1601 2920 1643 2962 in
1670 2918 1921 2978 theologicis
1949 2916 2035 2959 dis-

201 2986 366 3045 ciplinis
395 3003 418 3028 a
447 2985 594 3045 quovis
632 2985 675 3027 in
710 2997 927 3043 posterum
951 2988 1159 3037 tradatur,
1197 2998 1269 3028 aut
1308 2988 1625 3044 comprobetur.
1670 2987 1762 3027 Jam
1801 3000 1898 3026 vero
1936 2981 2035 3023 dum

202 3051 412 3094 Guntheri
448 3067 578 3109 opera
618 3049 859 3091 damnanda
889 3067 977 3092 esse
1011 3053 1266 3102 censuimus,
1301 3068 1348 3092 ac
1377 3067 1612 3102 censemus,
1652 3049 1765 3091 haud
1794 3061 2035 3106 possumus,

203 3116 305 3173 quin
326 3117 423 3158 Tibi
443 3115 739 3174 significemus,
766 3114 902 3172 ipsum
923 3114 1132 3156 Dilectum
1153 3115 1306 3157 Filium
1330 3117 1636 3174 Presbyterum
1656 3112 1891 3156 Antonium
1917 3112 2036 3152 Gun-

204 3181 300 3222 ther
321 3198 406 3222 non
433 3180 636 3223 mediocri
664 3181 753 3222 Nos
775 3177 961 3220 affecisse
988 3180 1293 3231 consolatione,
1325 3179 1669 3237 quandoquidem
1705 3174 2013 3233 obsequentissi
