2135 3442
143 145 219 181 234
749 139 1060 176 ALLOCUTION
1088 139 1154 174 DE
1180 137 1258 174 PIE
1286 137 1355 173 IX.

145 228 372 272 ricordiam
395 243 420 269 a
442 228 532 269 Deo
555 239 882 284 consequantur,
913 238 954 267 et
987 225 1165 285 gratiam
1203 224 1418 266 inveniant
1441 223 1485 264 in
1515 222 1669 263 auxilio
1705 235 1960 281 opportuno.

142 295 230 335 Nec
249 309 350 334 vero
375 291 653 334 intermittant
682 292 793 333 viros
818 292 1006 348 ingenio,
1032 306 1215 347 sanaque
1240 289 1433 331 doctrina
1458 298 1700 345 praestantes
1722 288 1896 340 hortari,
1919 300 1965 331 ut

144 358 219 416 ipsi
236 373 403 416 quoque
421 358 498 399 sub
518 373 681 409 eorum,
705 367 745 398 et
764 356 1015 415 Apostolicae
1033 355 1150 398 Sedis
1165 355 1292 396 ductu
1307 353 1562 412 populorum
1582 363 1745 394 mentes
1759 352 1963 396 illustrare

144 434 185 464 et
201 423 457 482 serpentium
481 438 670 465 errorum
691 421 888 464 tenebras
907 420 1106 479 dissipare
1124 420 1334 462 studeant.

203 649 283 691 Hic
301 648 429 691 etiam
449 645 683 689 carissimos
697 646 742 686 in
760 645 925 686 Christo
946 643 1055 685 filios
1077 645 1251 685 Nostros
1261 642 1520 700 populorum
1542 641 1773 698 Principes,
1798 652 1839 682 et
1856 642 1968 682 Rec-

144 727 253 756 tores
276 715 536 755 obtestamur
572 711 614 752 in
652 710 837 752 Domino
877 719 1001 766 atque
1036 709 1089 750 ab
1113 708 1210 766 ipsis
1233 707 1511 766 exposcimus,
1536 718 1582 747 ut
1606 705 1727 760 serio,
1756 721 1803 747 ac
1823 705 1969 748 sedulo

144 779 454 821 considerantes
485 792 576 834 quaa
599 786 641 817 et
661 786 815 833 quanta
841 774 994 815 damna
1027 789 1078 815 ex
1103 784 1166 814 tot
1198 789 1386 814 errorum
1414 788 1461 813 ac
1486 772 1688 812 vitiorum
1718 770 1897 812 colluvie
1926 769 1970 812 in

145 843 306 885 civilem
327 842 569 884 societatem
588 839 843 889 redundent,
864 838 980 879 omni
1001 854 1115 888 cura,
1139 837 1292 889 studio,
1311 837 1484 879 consilio
1500 836 1541 877 in
1563 836 1606 877 id
1623 835 1889 895 potissimum
1908 835 1970 877 in-

145 908 341 949 cumbere
361 906 505 960 velint,
532 917 579 947 ut
599 905 744 954 virtus,
765 902 940 959 justitia,
967 902 1114 961 religio
1135 902 1291 960 ubique
1324 902 1610 951 dominantur,
1653 917 1701 942 ac
1736 903 1895 957 majora
1927 900 1972 942 in

147 971 234 1013 dies
251 972 510 1014 incrementa
533 968 775 1027 suscipiant.
795 970 933 1026 Atque
953 967 1134 1009 universi
1151 966 1311 1025 populi,
1335 978 1492 1025 gentes,
1509 967 1716 1016 nationes,
1745 981 1972 1024 earumque

144 1036 438 1078 Moderatores
476 1034 657 1083 assidue,
701 1049 748 1074 ac
775 1032 996 1090 diligenter
1029 1032 1230 1090 cogitent,
1257 1043 1299 1073 et
1317 1032 1589 1082 meditentur,
1621 1030 1763 1072 onmia
1794 1031 1909 1072 bona
1928 1028 1972 1071 in

140 1101 307 1156 justitiae
327 1099 524 1143 exercitio
545 1098 786 1148 consistere,
808 1097 950 1139 omnia
967 1113 1066 1139 vero
1091 1097 1201 1137 mala
1219 1112 1273 1138 ex
1297 1096 1516 1155 iniquitate
1538 1096 1726 1154 prodire.
1753 1095 1971 1153 Siquidem

149 1187 167 1202 «
187 1165 347 1222 justitia
369 1165 503 1206 elevat
522 1174 706 1222 gentem,
727 1162 904 1204 miseros
918 1173 1060 1203 autem
1079 1161 1177 1203 facit
1198 1162 1376 1220 populos
1397 1173 1616 1220 peccatum
1630 1168 1656 1203 ¹.
1685 1182 1701 1197 »ι

202 1238 443 1292 Antequam
477 1245 614 1276 autem
639 1233 808 1275 dicendi
835 1233 965 1274 finem
986 1232 1199 1283 faciamus,
1226 1232 1340 1274 haud
1358 1248 1594 1291 possumus,
1629 1231 1731 1289 quin
1749 1229 1971 1289 gratissimi

146 1300 273 1342 animi
286 1299 428 1341 Nostri
449 1315 590 1340 sensus
625 1298 706 1340 illis
742 1298 939 1339 omnibus
962 1297 1202 1349 carissimis,
1227 1308 1353 1355 atque
1381 1296 1675 1338 amantissimis
1699 1295 1813 1337 Filiis
1835 1295 1974 1354 palam

142 1364 392 1423 publiceque
409 1375 624 1414 testemur,
653 1363 723 1420 qui
750 1363 802 1404 de
826 1362 988 1405 Nostris
1008 1361 1318 1404 calamitatibus
1340 1362 1612 1403 vehementer
1634 1360 1802 1402 solliciti
1828 1360 1973 1418 singu-

144 1430 220 1470 lari
239 1445 407 1487 prorsus
429 1445 527 1487 erga
546 1429 632 1470 Nos
646 1428 813 1486 pietatis
834 1427 988 1469 affectu
1011 1444 1103 1469 suas
1129 1425 1264 1469 Nobis
1287 1426 1521 1469 oblationes
1543 1427 1710 1467 mittere
1733 1425 1972 1467 voluerunt.

143 1493 229 1535 Etsi
247 1509 347 1535 vero
365 1493 442 1551 pire
472 1492 714 1549 hujusmodi
738 1492 984 1551 largitiones
1014 1509 1101 1533 non
1121 1493 1210 1534 leve
1230 1492 1364 1534 Nobis
1397 1491 1576 1534 afferant
1599 1490 1811 1542 solatium,
1833 1503 1976 1532 tamen

146 1558 263 1599 fateri
281 1558 498 1608 debemus,
519 1569 742 1616 paternum
762 1573 836 1598 cor
853 1558 1059 1598 Nostrum
1080 1573 1167 1598 non
1190 1556 1393 1598 mediocri
1413 1556 1509 1615 angi
1529 1555 1734 1615 angustia,
1755 1570 1851 1598 cum
1867 1570 1978 1596 sum-

146 1639 317 1681 mopere
338 1623 582 1675 timeamus,
616 1638 669 1663 ne
692 1621 735 1662 in
760 1621 990 1663 tristissima
1011 1623 1090 1663 hac
1118 1637 1260 1663 rerum
1284 1621 1550 1679 publicarum
1574 1620 1822 1662 conditione
1845 1619 1976 1661 iidem

147 1686 347 1728 carissimi
369 1686 441 1728 filii
466 1703 546 1728 suae
569 1688 613 1728 in
629 1687 716 1728 Nos
739 1686 901 1727 caritati
918 1686 1097 1727 nimium
1110 1687 1390 1744 indulgentes,
1409 1686 1654 1744 largitiones
1674 1686 1785 1744 ipsas
1801 1683 1975 1744 proprio

147 1751 272 1792 etiam
290 1751 578 1802 incommodo,
604 1767 651 1793 ac
672 1750 925 1792 detrimento
943 1751 1078 1792 facere
1100 1751 1246 1792 velint.

206 1815 414 1872 Denique,
437 1815 711 1857 Venerabiles
732 1817 912 1865 Fratres,
941 1816 1028 1856 Nos
1050 1815 1223 1872 quidem
1262 1814 1625 1873 investigabilibus
1658 1813 1870 1871 sapientiae
1898 1815 1976 1856 Dei

148 1880 344 1931 consiliis,
371 1880 522 1938 quibus
544 1880 722 1938 gloriam
746 1895 862 1921 suam
884 1891 1096 1938 operatur,
1121 1880 1243 1938 plane
1257 1881 1582 1937 acquiescentes,
1614 1878 1717 1920 dum
1735 1878 1777 1918 in
1802 1878 1978 1920 humili-

147 1956 231 1986 tate
255 1946 394 1987 cordis
431 1945 575 1986 Nostri
608 1945 810 1986 maximas
848 1947 940 1986 Deo
961 1946 1120 2003 agimus
1141 1945 1307 2003 gratias,
1338 1944 1454 2002 quod
1479 1945 1568 1985 Nos
1599 1943 1749 2001 dignos
1779 1943 1978 1986 habuerit

147 2026 223 2067 pro
243 2012 416 2052 nomine
436 2012 530 2051 Jesu
547 2010 845 2051 contumeliam
864 2011 967 2067 pati,
989 2022 1030 2051 et
1055 2010 1192 2067 aliqua
1216 2026 1267 2052 ex
1288 2021 1408 2068 parte
1440 2009 1678 2051 conformes
1700 2008 1788 2050 fieri
1804 2008 1977 2067 imagIni

147 2074 358 2115 Passionis
399 2076 501 2130 ejus,
536 2076 671 2133 parati
699 2091 839 2116 sumus
863 2075 907 2115 in
940 2075 1056 2116 omni
1078 2074 1176 2128 fide,
1203 2090 1289 2133 spe,
1329 2075 1546 2133 patientia,
1582 2085 1624 2116 et
1657 2073 1977 2115 mansuetudine

148 2139 436 2180 acerbissimos
455 2154 644 2196 quosque
658 2140 837 2193 labores,
856 2155 1059 2180 aerumnas
1076 2140 1276 2197 perferre,
1301 2151 1424 2197 atque
1437 2141 1572 2198 ipsam
1591 2139 1775 2180 animam
1788 2149 1977 2180 nostram

148 2218 225 2260 pro
249 2202 431 2244 Ecclesia
455 2220 628 2261 ponere,
649 2205 680 2246 si
709 2221 786 2262 per
804 2216 995 2245 nostrum
1027 2206 1274 2263 sanguinem
1300 2205 1425 2263 ipsius
1456 2205 1651 2247 Ecclesiae
1672 2203 1976 2246 calamitatibus

149 2267 366 2309 consulere
396 2284 626 2325 possumus.
649 2269 823 2311 Interim
842 2270 1234 2320 vero,Venerabiles
1253 2271 1434 2322 Fratres,
1458 2286 1509 2311 ne
1529 2269 1851 2310 intermittamus
1869 2269 1971 2320 dies,

151 2344 379 2389 noctesque
397 2332 586 2384 assiduis,
610 2334 860 2390 fervidisque
883 2334 1077 2391 precibus
1100 2334 1273 2376 divitem
1309 2336 1352 2375 in
1370 2334 1657 2376 misericordia
1679 2335 1816 2375 Deum
1834 2335 1976 2376 humi-

151 2396 244 2437 liter
267 2413 403 2448 orare,
448 2408 489 2437 et
523 2398 759 2451 obsecrare,
785 2410 832 2439 ut
851 2414 927 2456 per
951 2399 1097 2440 merita
1120 2399 1336 2457 Unigeniti
1361 2398 1454 2439 Filii
1492 2397 1554 2439 sui
1596 2400 1876 2456 omnipotenti
1903 2415 1976 2441 sua

153 2459 323 2502 dextera
343 2460 569 2502 Ecclesiam
605 2478 721 2504 suam
749 2474 935 2521 sanctam
958 2479 981 2504 a
1005 2465 1146 2515 tantis,
1173 2464 1323 2520 quibus
1339 2465 1519 2518 jactatur
1549 2463 1760 2519 procellis,
1805 2464 1970 2522 eripiat,

151 2535 280 2582 utque
303 2525 450 2566 divina¹
470 2542 550 2566 sua*
567 2528 707 2583 gratiae
724 2527 882 2569 lumine
900 2527 1091 2568 omnium
1107 2529 1336 2569 errantium
1356 2538 1516 2568 mentes
1533 2527 1726 2581 illustret,
1747 2540 1788 2570 et
1804 2530 1848 2569 in
1864 2528 1974 2570 mul-

152 2590 330 2631 titudine
347 2589 640 2632 misericordiae
665 2608 748 2633 suae
771 2593 964 2634 omnium
981 2594 1338 2650 praevaricantium
1358 2591 1486 2633 corda
1502 2604 1725 2651 expugnet,
1749 2610 1831 2651 quo
1849 2610 1976 2636 cunc-

151 2655 203 2694 tis
225 2654 382 2710 ubique
406 2656 613 2696 erroribus
652 2656 847 2714 depulsis,
884 2657 1125 2714 cunctisque
1157 2657 1305 2698 amotis
1336 2657 1668 2708 adversitatibus,
1701 2674 1846 2700 omnes
1864 2659 1975 2700 veri-

152 2717 262 2772 tatis,
293 2730 333 2759 et
360 2719 525 2775 justitia?
552 2720 688 2761 lucem
717 2720 964 2778 adspiciant,
1008 2732 1247 2779 agnoscant,
1293 2731 1416 2778 atque
1449 2735 1668 2764 occurrant
1699 2724 1742 2763 in
1772 2725 1977 2765 unitatem

152 2782 264 2833 fidei,
292 2794 333 2825 et
353 2783 574 2840 agnitionis
594 2786 764 2827 Domini
786 2786 928 2827 Nostri
948 2786 1044 2827 Jesu
1063 2787 1228 2827 Christi.
1250 2786 1389 2843 Atque
1410 2787 1462 2827 ab
1482 2788 1595 2844 Ipso,
1620 2789 1693 2845 qui
1712 2788 1811 2830 facit
1830 2804 1976 2846 pacem

154 2848 194 2888 in
218 2847 478 2899 sublimibus,
505 2850 659 2906 quique
681 2862 741 2892 est
768 2866 851 2908 pax
877 2861 1037 2901 nostra,
1064 2850 1303 2908 suppliciter
1332 2852 1457 2892 etiam
1492 2868 1719 2910 exposcere
1744 2868 1976 2909 numquam

154 2911 408 2963 desinamus,
442 2923 489 2954 ut
519 2914 638 2955 malis
668 2915 879 2965 omnibus,
917 2916 1066 2971 quibus
1089 2916 1308 2956 christiana
1332 2917 1565 2975 respublica
1594 2929 1783 2969 vexatur,
1811 2918 1975 2975 penitus

156 2978 317 3029 avulsis,
356 2977 658 3035 optatissimam
681 2980 836 3036 ubique
868 2994 1031 3036 pacem,
1068 2990 1108 3020 et
1138 2980 1483 3037 tranquillitatem
1506 2982 1641 3024 facere
1660 2981 1773 3024 velit.
1798 2983 1856 3023 Ut
1874 2996 1974 3024 vero

157 3040 315 3084 facilius
338 3054 495 3084 annuat
514 3044 626 3086 Deus
643 3046 840 3103 precibus
859 3043 1013 3086 nostris
1042 3043 1333 3103 suffragatores
1362 3046 1474 3105 apud
1499 3063 1595 3090 eum
1625 3048 1910 3100 adhibeamus,
1935 3057 1975 3088 at

204 3180 236 3212 1.
264 3178 366 3213 Prov:
389 3193 421 3216 c.
445 3184 500 3223 lli,
521 3194 554 3216 v.
571 3182 629 3221 34,

2126 198 2135 292 ςμὴνι
2128 140 2130 147 -
