2135 3442
189 189 264 224 266
796 191 1110 227 ALLOCUTION
1141 191 1205 226 DE
1234 191 1312 226 PIE
1341 191 1413 227 IX.

188 287 394 332 tempore,
435 291 519 332 quo
554 276 598 316 in
633 292 709 318 suo
741 279 892 334 Regno
928 278 1079 319 morati
1105 294 1261 327 sumus,
1298 277 1445 334 quovis
1478 276 1714 319 officiorum
1749 295 1899 336 genere
1934 281 2022 322 Nos

187 339 401 381 cumulare
436 357 668 398 numquam
702 342 949 397 intermisit,
984 343 1098 384 velut
1126 344 1211 384 Vos
1249 342 1326 400 ipsi
1356 353 1482 383 testes
1514 342 1830 399 locupletissimi
1864 345 2021 396 fuistis,

186 404 461 447 Venerabiles
481 407 660 447 Fratres.
682 408 787 447 Cum
808 418 949 448 autem
973 407 1061 448 aliae
1083 424 1251 464 quoque
1273 407 1474 448 Nationes
1500 407 1553 448 ad
1576 406 1741 449 civilem
1767 410 2022 466 Apostolicae

186 469 309 524 hujus
325 470 442 512 Sedis
458 471 747 528 principatum
765 472 990 513 tutandum
1011 484 1299 522 accurrerunt,
1319 472 1432 513 idem
1452 471 1651 529 Princeps
1668 489 1762 514 suas
1780 474 1866 531 ipse
1881 474 2023 530 copias

186 533 340 576 ducere
360 535 505 576 voluit.
528 538 630 588 Quw
652 535 823 592 quidem
840 538 1005 594 egregia
1022 536 1267 594 pientissimi
1285 537 1410 594 Regis
1426 536 1468 577 in
1487 537 1575 577 Nos
1592 547 1633 577 et
1653 537 1849 579 eamdem
1873 537 2022 579 Sedem

184 600 333 640 merita
354 601 495 641 auimo
514 601 670 641 Nostro
696 600 751 641 ita
777 601 903 641 infixa
926 602 1103 652 haerent,
1126 612 1173 643 ut
1188 602 1421 656 jucundam
1448 617 1598 642 eorum
1631 602 1883 643 memoriam
1909 602 2023 644 nulla

183 679 383 721 umquam
403 665 541 706 delere
560 666 692 722 possit
716 664 890 706 oblivio.
913 665 1038 707 Nunc
1053 682 1153 707 vero
1174 682 1330 723 magno
1356 682 1451 706 cum
1474 666 1638 707 honore
1657 677 1699 707 et
1716 667 1894 724 perenni
1917 667 2023 724 grati

184 728 313 769 animi
347 729 490 770 Nostri
516 729 758 770 testimonio
791 729 1054 771 nominanda
1088 747 1108 771 a
1136 731 1272 773 Nobis
1303 742 1365 772 est
1394 731 1623 772 clarissima
1651 731 1869 772 Gallorum
1897 730 2024 772 Natio

183 793 352 834 militari
377 794 523 852 gloria,
545 794 648 835 etin
675 795 786 835 hauc
817 795 1109 852 Apostolicam
1131 796 1284 837 Sedem
1314 796 1541 853 obsequio,
1571 807 1695 854 atque
1716 796 1807 838 aliis
1833 807 1894 837 tot
1924 811 2025 837 sane

184 857 427 899 nominibus
464 859 652 909 illustris,
691 860 805 913 cujus
838 860 1213 917 propensissimam
1247 862 1290 901 in
1326 862 1415 901 Nos
1446 862 1705 902 voluntatem
1743 873 1784 902 et
1817 860 2026 902 beneficia

183 922 345 979 experti
360 939 520 964 sumus.
544 923 762 979 Siquidem
783 923 854 964 illa
873 924 1006 974 natio,
1032 927 1201 981 ejusque
1216 925 1470 983 Reipublicae
1492 926 1668 983 inclytus
1685 927 1840 968 Praeses
1858 925 2024 967 afflictis

180 986 343 1028 Nostris
366 999 407 1029 et
436 987 663 1029 Pontificiae
688 987 861 1029 ditionis
890 990 1016 1030 rebus
1055 1006 1298 1042 occurrens,
1335 991 1545 1048 nullisque
1579 991 1815 1048 sumptibus
1845 1006 2024 1049 parcens

181 1063 372 1094 strenuos
394 1068 491 1093 suos
514 1054 666 1103 Duces,
699 1051 938 1110 militesque
965 1053 1196 1096 mittendos
1228 1054 1433 1107 decrevit,
1461 1056 1533 1113 qui
1564 1056 1706 1098 multis
1743 1056 2024 1114 gravibusque

179 1116 387 1173 perfuncti
411 1116 628 1158 laboribus
651 1118 761 1159 hanc
779 1117 1048 1175 potissimum
1064 1119 1227 1161 Urbem
1250 1119 1402 1162 misere
1427 1121 1666 1162 divexatam
1687 1133 1811 1179 atque
1834 1132 2023 1180 prostra-

180 1191 268 1221 tam
288 1182 341 1221 ab
367 1181 541 1232 infelici,
561 1198 644 1238 qua
678 1182 967 1239 premebatur,
995 1184 1242 1226 conditione
1270 1185 1520 1239 liberarunt,
1551 1186 1833 1238 vindicarunt,
1856 1202 1904 1227 ac
1935 1186 2023 1228 Nos

181 1243 224 1285 in
238 1246 370 1302 ipsam
393 1246 554 1287 Urbem
578 1246 782 1288 reducere
806 1258 1031 1306 tantopere
1054 1249 1221 1306 gloriati
1246 1262 1359 1292 sunt.

240 1310 335 1362 Qua
352 1310 524 1367 quidem
544 1312 587 1351 in
610 1311 753 1359 laude,
779 1322 821 1352 et
847 1312 955 1370 grati
976 1313 1107 1354 animi
1135 1315 1278 1356 Nostri
1299 1315 1602 1374 significatione
1623 1317 1899 1371 conjunctum
1915 1331 2022 1372 quo-

180 1389 263 1430 que
302 1375 476 1417 omnino
513 1376 707 1417 volumus
741 1376 1015 1419 Carissimum
1054 1378 1098 1419 in
1124 1380 1292 1421 Christo
1322 1380 1478 1422 Filium
1514 1381 1720 1422 Nostrum
1753 1378 2024 1421 Franciscum

177 1439 410 1497 Josephum
430 1441 607 1481 Austriae
621 1442 942 1498 Imperatorem,
972 1444 1198 1501 Hungariae
1220 1446 1379 1504 Regem
1404 1445 1715 1504 Apostolicum,
1750 1455 1793 1486 et
1812 1443 2023 1486 Bohemiae

179 1503 339 1561 Regem
360 1504 584 1553 illustrem,
607 1506 679 1563 qui
695 1521 774 1564 pro
795 1506 905 1547 avita
925 1522 1001 1548 sua
1019 1508 1189 1565 pietate,
1217 1520 1258 1551 et
1277 1510 1321 1551 in
1340 1512 1450 1552 hanc
1469 1509 1580 1551 Petri
1601 1509 1854 1551 Cathedram
1878 1509 2024 1550 obser-

177 1569 321 1610 vantia
339 1569 640 1611 validissimam
657 1586 776 1611 suam
798 1587 922 1628 opem
950 1583 990 1613 et
1017 1589 1191 1630 operam
1218 1574 1261 1615 in
1295 1575 1459 1616 civilem
1480 1576 1606 1631 hujus
1626 1573 1880 1632 Apostolieae
1902 1573 2023 1615 Sedis

178 1631 470 1692 Principatum
493 1635 698 1676 tuendum
722 1636 839 1676 omni
872 1636 1087 1679 alacritate
1114 1650 1155 1680 et
1179 1639 1318 1681 studio
1340 1639 1560 1680 conferens
1581 1639 1824 1680 Pontificias
1847 1652 2021 1695 praeser—

178 1695 255 1737 tim
272 1697 470 1753 AEmiliae,
493 1699 655 1752 Piceni,
682 1711 723 1741 et
741 1700 927 1740 Umbriae
941 1702 1183 1744 Provincias
1206 1703 1444 1744 victricibus
1465 1703 1551 1744 suis
1578 1702 1708 1761 copiis
1727 1702 1779 1742 ab
1798 1701 1953 1759 injusta
1973 1718 2021 1744 ac

177 1760 283 1802 tristi
310 1762 600 1804 dominatione
619 1764 786 1821 eripuit,
810 1779 961 1820 easque
989 1763 1182 1822 legitimo
1199 1767 1372 1816 Nostro,
1400 1777 1442 1808 et
1470 1766 1659 1822 ejusdem
1687 1766 1804 1808 Sedis
1826 1765 2020 1824 regimini

177 1825 377 1868 restituit.
399 1829 646 1870 Gratissima
667 1845 835 1886 quoque
859 1829 1156 1872 recordatione
1178 1833 1432 1890 praecipuam
1461 1833 1670 1873 rationem
1702 1831 1860 1872 habere
1886 1830 2019 1872 debe-

176 1906 271 1932 mus
296 1907 393 1950 erga
419 1893 509 1934 Nos
524 1893 774 1935 meritorum
794 1893 1029 1935 Carissimae
1053 1894 1093 1935 in
1119 1895 1285 1938 Christo
1307 1896 1421 1937 Filia*
1447 1897 1611 1937 Nostrae
1635 1896 1779 1937 Mariae
1804 1894 2018 1937 Elisabeth

177 1955 479 2014 Hispaniarum
502 1957 673 2016 Reginae
691 1957 933 2008 Catholicae,
959 1961 1128 2017 ejusque
1149 1961 1356 2002 Gubernii
1380 1979 1388 2001 ε
1412 1977 1525 2011 nam,
1549 1959 1678 2002 veluti
1700 1959 1862 2018 optime
1890 1959 2016 2013 scitis,

176 2020 251 2061 ubi
279 2033 447 2063 nostras
473 2024 636 2081 aceepit
665 2023 938 2077 calamitates,
973 2024 1076 2065 nihil
1109 2025 1320 2082 antiquius
1348 2023 1512 2077 habuit,
1541 2041 1669 2083 quam
1696 2024 1894 2082 singulari
1921 2040 2020 2066 cura

177 2086 403 2127 catholicas
425 2099 571 2145 gentes
588 2088 642 2129 ad
656 2090 894 2130 communis
912 2089 1105 2130 omnium
1124 2090 1313 2131 fidelium
1333 2092 1652 2132 Patris-causam
1667 2089 2020 2147 propugnandam

178 2150 321 2191 statim
343 2152 540 2205 excitare,
568 2169 615 2195 ac
631 2153 819 2194 valentes
848 2169 942 2195 suas
974 2154 1128 2195 deinde
1161 2155 1328 2197 mittere
1361 2155 1501 2213 copias
1532 2155 1585 2196 ad
1604 2157 1806 2196 Romanae
1825 2153 2018 2195 Ecclesiae

177 2215 459 2272 possessiones
482 2217 674 2259 tuendas.
702 2219 841 2275 Atque
861 2218 946 2269 hic,
970 2220 1243 2262 venerabiles
1267 2221 1447 2274 Fratres,
1470 2220 1588 2261 nullo
1611 2219 1742 2260 modo
1772 2217 1888 2259 taciti
1908 2234 2017 2276 prae-

179 2278 305 2321 terire
322 2296 540 2337 possumus
563 2283 742 2325 aliorum
772 2283 1190 2341 praeclarissimorum
1209 2285 1468 2344 Principum,
1495 2285 1667 2326 illorum
1682 2282 1808 2325 etiam
1825 2282 1896 2340 qui
1921 2283 2019 2325 huic

179 2343 294 2385 Petri
316 2346 534 2386 Cathedrae
556 2347 729 2389 minime
760 2349 1070 2400 consociantur,
1105 2350 1478 2408 propensissimam
1502 2365 1600 2407 erga
1622 2349 1711 2390 Nos
1737 2348 2014 2399 voluntatem,

179 2408 251 2465 qui
281 2408 376 2450 licet
406 2426 498 2452 suas
525 2411 666 2470 copias
698 2413 814 2454 haud
833 2413 1043 2467 miserint,
1079 2425 1221 2457 tamen
1255 2430 1403 2456 eorum
1439 2429 1613 2472 operam
1647 2414 1690 2454 in
1710 2411 2014 2471 temporalibus

176 2473 342 2514 Nostris
360 2485 400 2515 et
421 2476 623 2517 Romanae
643 2477 835 2519 Ecclesiae
858 2477 1023 2534 juribus
1043 2481 1361 2536 rationibusque
1391 2478 1558 2520 tuendis
1576 2477 1823 2536 impendere
1840 2476 2017 2519 studue-

178 2548 294 2579 runt.
321 2538 529 2591 Quocirca
559 2541 607 2582 iis
639 2558 808 2599 quoque
841 2543 1039 2585 omnibus
1071 2544 1237 2586 debitas
1265 2543 1521 2600 meritasque
1552 2544 1760 2584 habemus
1792 2552 1833 2582 et
1859 2541 2020 2599 agimus

178 2601 348 2660 gratias,
372 2615 494 2661 atque
512 2604 612 2662 ipsis
630 2607 717 2647 Nos
735 2623 1006 2665 summopere
1024 2620 1170 2666 gratos
1188 2624 1277 2651 esse
1300 2609 1566 2666 profitemur.
1595 2608 1688 2661 Qua
1713 2605 1885 2664 quidem
1906 2606 1948 2647 in
1972 2622 2018 2647 re

178 2682 306 2708 nemo
335 2668 536 2710 admirari
559 2686 646 2711 non
670 2683 810 2728 potest
828 2688 1038 2714 summam
1062 2673 1175 2714 illius
1207 2673 1349 2714 onmia
1373 2674 1537 2714 fortiter
1556 2672 1818 2729 suaviterque
1837 2672 2018 2728 regentis

179 2743 221 2773 et
252 2732 513 2774 moderantis
539 2736 615 2775 Dei
635 2736 961 2792 providentiam,
994 2737 1065 2794 qui
1088 2737 1130 2778 in
1154 2739 1232 2778 hac
1263 2754 1428 2795 quoque
1448 2749 1565 2778 tanta
1585 2749 1825 2795 temporum
1853 2745 2018 2793 pertur-

179 2795 352 2838 batione
376 2808 418 2838 et
447 2798 676 2840 acerbitate
696 2799 851 2850 effecit,
876 2812 922 2842 ut
952 2801 1019 2843 vei
1051 2803 1129 2859 ipsi
1153 2803 1368 2860 Principes
1385 2819 1479 2844 cum
1512 2805 1705 2843 Romana
1723 2800 1910 2842 Ecclesia
1933 2799 2016 2841 mi-

179 2861 293 2904 nime
316 2864 529 2918 conjuncti
542 2862 706 2905 civilem
721 2865 909 2919 ejusdem
922 2866 1114 2907 Ecclesiae
1133 2867 1419 2924 principatum
1434 2868 1702 2919 sustinerent,
1720 2865 2013 2917 defenderent,

180 2942 266 2984 quo
285 2928 501 2969 Romanus
528 2928 728 2970 Pontifex
747 2928 946 2987 singulari
976 2930 1167 2986 ejusdem
1189 2931 1338 2973 divinae
1361 2931 1639 2990 providentiae
1668 2930 1842 2972 consilio
1859 2943 1935 2986 per
1951 2939 2014 2969 tot

175 2993 265 3047 jam
293 2991 553 3033 continentia
574 2993 721 3034 saecula
747 2994 912 3050 optimo
945 3011 1111 3052 quoque
1126 2997 1219 3051 jure
1239 2997 1413 3055 potitur,
1446 3008 1493 3038 ut
1514 2997 1557 3037 in
1584 2997 1787 3037 universa*
1820 2990 2014 3034 Ecclesiae¹

179 3055 384 3113 regimine
404 3057 484 3097 sibi
507 3056 708 3099 divinitus
735 3058 961 3100 commisso
987 3076 1229 3117 supremam
1259 3077 1377 3102 suam
1404 3061 1693 3120 Apostolicam
1721 3057 2013 3100 auctoritatem

180 3131 272 3161 toto
292 3120 396 3162 orbe
413 3137 460 3162 ea
476 3122 599 3180 plane
616 3121 809 3164 libertate
828 3123 960 3181 possit
979 3140 1189 3175 exercere,
1215 3142 1305 3183 quae
1327 3127 1381 3168 ad
1395 3126 1558 3168 Summi
1573 3123 1844 3167 pontificatus
1858 3136 2012 3162 munus

181 3185 429 3227 obeundum
462 3203 509 3228 ac
544 3186 672 3229 totius
706 3187 918 3230 Dominici
959 3189 1096 3246 gregis
1135 3190 1309 3232 salutem
1344 3190 1656 3249 procurandam
1700 3197 1919 3244 tantopere
1952 3195 2015 3226 est

186 3264 431 3293 necessaria.
