2135 3442
209 175 285 212 474
701 173 888 209 LETTRE
917 173 1261 220 APOSTOLIQUE
1289 174 1354 209 DE
1381 174 1462 209 PIE
1488 174 1560 210 IX.

211 273 257 303 ut
287 261 336 302 iis
366 259 519 302 merito
546 269 673 317 atque
700 259 862 320 optimo
887 263 983 316 jure
1013 259 1224 318 indignari
1247 260 1547 319 potuissemus.
1577 259 1657 302 Sed
1688 261 1886 303 nolumus
1909 262 2046 306 adhuc

211 336 399 385 paternae
426 325 591 366 Nostrae
618 323 803 366 caritatis
827 323 990 366 viscera
1012 339 1110 382 erga
1130 325 1249 366 illum
1274 325 1506 383 deponere,
1529 324 1750 366 etidcirco
1772 336 1830 376 te,
1854 326 2041 369 Venera—

211 389 309 432 bilis
327 391 490 442 Frater,
515 388 761 440 excitamus,
783 401 830 431 ut
845 389 946 430 velis
967 388 1105 431 eidem
1128 389 1401 431 manifestare
1421 405 1494 431 cor
1513 389 1719 431 Nostrum
1744 401 1984 448 paternum,
2007 404 2049 434 et

213 454 537 498 acerbissimum
569 454 778 505 dolorem,
816 455 934 510 cujus
965 453 1055 511 ipse
1084 464 1147 495 est
1181 470 1321 506 causa,
1358 470 1405 496 ac
1436 454 1559 496 simul
1591 454 1731 512 ipsum
1764 454 2049 498 saluberrimis

213 519 386 562 monitis
417 521 583 562 hortari
615 531 657 560 et
679 534 869 569 monere,
888 530 934 560 ut
964 519 1181 570 Nostram,
1209 536 1301 577 quae
1331 518 1569 561 communis
1599 529 1663 560 est
1696 519 1887 562 omnium
1914 521 2050 563 Patris

217 601 362 627 xocem
387 585 543 636 audiat,
568 600 615 626 ac
636 583 866 641 resipiscat,
893 584 1261 641 quemadmodum
1286 585 1505 627 catholicae
1530 583 1724 626 Ecclesiae
1750 583 1886 626 filium
1911 585 2045 634 decet,

214 662 255 693 et
283 651 339 692 ita
375 666 454 691 nos
485 665 633 691 omnes
661 648 803 690 laetitia
833 647 1014 700 afficiat,
1047 664 1095 691 ac
1126 649 1299 691 tandem
1330 649 1417 708 ipse
1447 648 1625 690 feliciter
1654 649 1895 707 experiatur
1923 666 2051 707 quam

209 715 448 772 jucundum
468 714 536 766 sit,
562 730 649 756 non
667 729 775 755 vana
799 713 985 771 quadam
1007 725 1050 755 et
1068 714 1309 772 perniciosa
1331 714 1527 756 libertate
1549 712 1752 772 gaudere,
1776 714 1851 756 sed
1867 714 2050 756 Domino

213 780 448 828 adhaerere,
485 781 601 835 cujus
628 781 778 837 jugum
812 794 937 821 suave
969 790 1050 830 est,
1087 790 1128 821 et
1162 795 1268 821 onus
1299 780 1406 831 leve,
1438 781 1555 836 cujus
1588 779 1755 837 eloquia
1792 791 1921 831 casta,
1955 779 2053 838 igne

214 844 470 895 examinata,
496 846 612 900 cujus
635 843 793 900 judicia
815 860 931 895 vera,
957 843 1187 900 justificata
1210 844 1254 885 in
1281 845 1521 903 semetipsa,
1547 855 1588 886 et
1611 847 1728 900 cujus
1755 844 1960 886 universae
1980 844 2054 886 viae

213 908 505 951 misericordia
529 920 571 950 et
590 910 759 950 veritas.
784 908 979 966 Denique
1008 910 1088 951 hac
1117 908 1244 950 etiam
1266 909 1491 951 occasione
1511 907 1792 951 libentissime
1811 909 1985 959 utimur,
2008 919 2055 950 ut

214 974 369 1016 iterum
399 985 606 1016 testemur
634 984 675 1014 et
711 973 1010 1015 confirmemus
1037 974 1296 1033 praecipuam
1324 976 1526 1017 Nostram
1557 974 1600 1015 in
1628 985 1669 1015 te
1694 975 2051 1016 benevolentiam.

215 1040 342 1093 Cujus
361 1054 533 1096 quoque
556 1039 709 1096 pignus
730 1054 820 1080 esse
841 1039 1038 1080 volumus
1059 1039 1350 1096 Apostolicam
1371 1039 1731 1090 Benedicfionem,
1756 1055 1883 1096 quam
1903 1039 2055 1080 intimo

215 1104 355 1145 cordis
376 1103 530 1144 affectu
552 1103 628 1144 tibi
663 1103 767 1161 ipsi,
791 1103 1059 1146 Venerabilis
1077 1106 1241 1154 Frater,
1266 1115 1308 1145 et
1328 1104 1444 1162 gregi
1474 1115 1554 1145 tuae
1577 1119 1686 1146 curae
1708 1103 1934 1145 commisso
1953 1119 2054 1161 per-

214 1180 410 1210 amanter
430 1168 717 1227 impertimus.

274 1490 431 1530 Datum
457 1490 604 1529 Romae
625 1488 739 1545 apud
759 1488 802 1529 S.
825 1488 1001 1528 Petrum
1028 1487 1094 1528 die
1122 1494 1167 1529 11
1194 1486 1443 1528 Decembris
1466 1501 1582 1527 anuo
1625 1488 1752 1538 1862,
1782 1483 2059 1525 Pontificatus

212 1553 358 1595 Nostri
380 1569 497 1595 anno
517 1553 683 1594 decimo
706 1552 905 1610 septimo.

1406 1644 1529 1685 PIUS
1560 1644 1644 1684 PP.
1679 1644 1761 1684 IX.
