2135 3442
86 129 164 166 260
341 149 345 155 ·
585 124 772 159 LETTRE
800 122 1115 169 ENCYCLIQUE
1143 122 1208 157 DE
1236 122 1315 157 PIE
1344 121 1414 157 IX.

86 208 200 250 aliud
220 206 397 248 inveniri
419 221 539 264 posse
561 205 798 263 promptius
819 216 859 247 et
882 205 1056 261 majoris
1082 203 1247 244 virtutis
1279 201 1530 251 remedium,
1567 217 1693 258 quam
1720 213 1766 244 ut
1790 203 1916 245 reflo-

86 284 177 315 reat
195 273 238 313 in
258 282 346 312 tota
368 269 489 311 Italia
511 269 710 328 splendor
729 270 960 328 Religionis
975 268 1257 325 Ecclesiaeque
1287 265 1528 315 Catliolicae,
1558 264 1600 305 in
1636 281 1715 322 qua
1747 266 1919 310 diversis

85 337 310 379 hominum
329 335 660 385 conditionibus,
696 346 738 376 et
768 334 1009 392 indigentiis
1042 332 1395 391 opportunissima
1423 340 1575 388 pra‘sto
1606 345 1693 372 esse
1725 331 1918 388 praesidia

89 418 171 443 non
197 412 257 442 est
278 400 472 441 dubium.

147 465 363 524 Siquidem
392 465 545 522 (verbis
581 465 739 506 utimur
774 464 816 504 S.
847 462 1112 521 Augustini),
1155 483 1171 497 «
1205 460 1419 502 Catliolica
1448 459 1634 500 Ecclesia
1669 475 1755 500 non
1783 460 1920 501 solum

93 552 109 567 «
138 531 274 601 ipsum
297 532 450 584 Deum,
475 529 548 571 sed
572 529 700 570 etiam
718 527 901 585 proximi
922 526 1196 568 dilectionem
1218 536 1344 597 atque
1368 524 1585 566 caritatem
1619 524 1677 565 ita
1705 524 1919 582 complec-

94 618 110 633 «
138 595 256 646 titu1,
294 606 340 636 ut
368 594 561 636 omnium
588 593 856 645 nlolborum,
890 591 1042 649 quibus
1076 607 1152 648 pro
1184 591 1361 649 peccatis
1391 591 1474 630 suis
1505 590 1654 630 anima·
1698 599 1918 647 aegrotant,

91 682 109 698 «
135 660 272 702 omnis
294 660 407 718 apud
437 659 553 700 illam
591 657 804 699 medicina
832 655 1091 714 praepolleat.
1118 656 1213 713 Ipsa
1239 654 1453 725 puerilitel
1468 670 1636 712 puelos,
1659 653 1863 695 fortiter
1849 670 1920 709 Ju-

95 747 111 761 «
137 741 279 775 venes,
307 724 446 781 quiete
469 738 602 775 senes,
628 732 753 780 prout
767 722 965 777 cujusque
985 736 1074 762 non
1091 719 1282 777 emporis
1301 730 1480 771 tantum,
1506 719 1580 760 sed
1604 729 1645 760 et
1672 717 1800 759 animi
1825 727 1922 758 aetas

93 809 110 825 «
139 802 213 840 est,
242 799 408 830 exercet
427 799 469 829 et
489 755 629 828 doce⁷L
656 788 750 844 Ipsa
774 785 950 827 feminas
971 784 1071 825 vilis
1091 785 1174 825 suis
1199 800 1284 825 non
1318 783 1371 825 ad
1397 783 1649 842 explendam
1683 781 1919 835 libidinem,

95 873 111 892 «
139 855 213 896 sed
237 853 291 894 ad
312 852 629 911 propagandam
645 849 853 900 sobolem,
879 860 921 890 et
942 848 995 889 ad
1013 848 1071 889 rei
1094 848 1311 889 familiaris
1334 849 1577 889 societatem
1598 859 1725 898 casta,
1751 858 1791 888 et
1807 846 1922 888 fideli

97 940 113 955 «
140 917 384 960 obedientia
412 917 596 971 subjicit,
622 926 663 955 et
694 915 804 955 viros
833 913 1084 971 conjugibus
1107 929 1194 954 non
1220 913 1274 954 ad
1304 912 1570 954 illudendum
1602 911 1923 954 imbecilliorem

95 1005 111 1019 «
140 999 300 1036 sexum,
326 982 399 1024 sed
416 980 565 1022 sinceri
587 979 742 1020 amoris
758 979 921 1036 legibus
938 977 1124 1035 praeficit.
1154 979 1246 1034 Ipsa
1268 977 1512 1035 parentibus
1534 977 1641 1018 filios
1660 977 1794 1018 libera
1817 992 1922 1034 qua-

92 1068 110 1084 «
142 1047 241 1089 dam
258 1047 455 1089 servitute
477 1045 704 1102 subjungit,
733 1054 927 1102 parentes
944 1042 1039 1083 filiis
1062 1042 1132 1100 pia
1153 1042 1441 1083 dominatione
1466 1043 1691 1100 praeponit.
1716 1043 1811 1099 Ipsa
1834 1041 1924 1082 fra-

97 1133 114 1148 «
137 1112 272 1153 tribus
307 1111 454 1152 fratres
483 1108 696 1167 religionis
726 1108 894 1150 vinculo
920 1107 1123 1160 firmiore,
1155 1118 1280 1164 atque
1310 1106 1502 1157 arctiore,
1538 1122 1667 1164 quam
1695 1107 1922 1163 sanguinis,

94 1197 111 1212 «
140 1178 281 1228 nectit,
315 1190 569 1232 omnemque
606 1174 769 1232 generis
805 1172 1180 1231 propinquitatem,
1218 1182 1259 1212 et
1300 1171 1515 1213 affinitatis
1556 1170 1921 1220 necessitudinem,

96 1263 113 1277 «
141 1240 312 1283 servatis
336 1251 510 1292 naturae,
532 1237 842 1295 voluntatisque
860 1237 1054 1289 nexibus,
1075 1247 1222 1278 mutua
1245 1237 1417 1277 caritate
1436 1236 1699 1293 constringit.
1722 1236 1817 1292 Ipsa
1845 1235 1925 1277 do-

95 1326 112 1341 «
133 1306 256 1346 minis
274 1321 412 1347 servos
431 1320 519 1346 non
538 1315 627 1345 tam
645 1303 902 1344 conditionis
918 1302 1183 1355 necessitate,
1200 1317 1327 1359 quam
1348 1300 1477 1342 officii
1499 1299 1779 1342 delectatione
1804 1299 1929 1341 docet

96 1391 112 1405 «
142 1370 378 1424 adhaerere,
402 1381 444 1411 et
466 1370 663 1411 dominos
683 1367 826 1420 servis,
849 1367 1002 1409 summi
1025 1368 1104 1408 Dei
1127 1366 1367 1408 communis
1386 1364 1558 1406 Domini
1591 1363 1928 1406 consideratione

96 1457 112 1471 «τ
140 1435 380 1492 placabiles,
405 1446 447 1476 et
464 1434 517 1475 ad
535 1433 842 1475 consulendum
858 1433 1007 1490 magis,
1032 1447 1159 1489 quam
1180 1430 1464 1473 coercendum
1490 1429 1787 1487 propensiores
1809 1428 1925 1470 facit.

95 1522 112 1536 «
137 1502 232 1557 Ipsa
254 1499 363 1541 cives
388 1499 561 1547 civibus,
591 1509 735 1555 gentes
758 1499 967 1556 gentibus,
993 1508 1034 1537 et
1054 1512 1223 1554 prorsus
1236 1495 1433 1537 homines
1456 1494 1691 1552 primorum
1706 1505 1930 1551 parentum

96 1586 111 1599 «
141 1564 438 1606 recordatione
455 1580 542 1604 non
562 1563 760 1604 societate
785 1573 964 1613 tantum,
985 1561 1057 1603 sed
1076 1561 1261 1618 quadam
1281 1561 1407 1601 etiam
1422 1560 1683 1600 fraternitate
1693 1559 1924 1614 conjungit.

98 1651 114 1665 κ
141 1631 275 1670 Docet
297 1644 415 1686 reges
437 1627 677 1686 prospicere
700 1626 881 1685 populis,
908 1638 1056 1668 monet
1077 1626 1260 1683 populos
1284 1641 1326 1666 se
1346 1624 1527 1666 subdere
1548 1623 1733 1681 regibus.
1763 1623 1928 1676 Quibus

95 1714 112 1730 «
139 1694 278 1734 honor
298 1693 518 1742 debeatur,
551 1693 703 1749 quibus
728 1691 915 1742 affectus,
952 1690 1105 1748 quibus
1130 1689 1378 1740 reverentia,
1415 1689 1566 1746 quibus
1597 1690 1748 1737 timor,
1777 1687 1929 1745 quibus

97 1781 113 1794 a
143 1757 390 1812 consolatio,
420 1757 570 1814 quibus
595 1756 848 1805 exhortatio,
874 1755 1026 1813 quibus
1047 1755 1282 1812 disciplina,
1308 1754 1458 1810 quibus
1485 1753 1738 1810 objurgatio,
1777 1752 1929 1809 quibus

96 1843 113 1858 «
142 1822 407 1879 supplicium,
432 1821 578 1862 sedulo
602 1820 738 1872 docet,
763 1820 991 1861 ostendens
1009 1817 1371 1876 quemadmodum
1390 1829 1431 1859 et
1447 1834 1531 1858 non
1547 1817 1746 1858 omnibus
1769 1815 1926 1864 omnia,

96 1908 112 1922 «
142 1885 210 1927 sed
233 1886 430 1927 omnibus
449 1885 614 1936 caritas,
642 1896 683 1926 et
700 1884 805 1926 nulli
830 1884 1035 1926 debeatur
1058 1882 1251 1940 injuria'.
1279 1903 1294 1918 »

152 2283 353 2324 Nostrum
372 2282 497 2340 igitur
516 2293 783 2339 vestrumque
808 2292 884 2332 est,
909 2281 1182 2322 Venerabiles
1204 2281 1386 2333 Fratres,
1422 2290 1468 2320 ut
1496 2278 1598 2320 nulli
1626 2289 1844 2335 parcentes
1870 2279 1930 2319 la-

93 2348 206 2399 bori,
228 2347 342 2387 nulla
358 2362 544 2402 unquam
562 2346 805 2387 difficultate
827 2345 1034 2396 deterliti,
1059 2357 1150 2386 toto
1172 2345 1392 2403 pastolalis
1412 2343 1539 2385 studii
1558 2344 1711 2384 iobore
1736 2354 1930 2384 tueamur

94 2413 139 2453 in
155 2411 268 2452 Italis
273 2410 450 2480 'populis
476 2411 635 2451 cultum
651 2411 863 2452 catholicae
884 2410 1131 2468 Relioionis,
1160 2422 1201 2452 et
1221 2427 1308 2451 non
1332 2410 1470 2450 solum
1503 2408 1750 2449 obsistamus
1780 2408 1928 2449 alacri-

95 2488 158 2517 ter
180 2475 406 2532 impiorum
424 2475 658 2523 conatibus,
681 2477 752 2532 qui
771 2475 964 2516 Italiam
954 2491 1089 2532 ipsam
1114 2476 1165 2516 ab
1198 2475 1393 2516 Ecclesia
1418 2474 1508 2514 sinu
1533 2473 1711 2514 avellere
1738 2488 1930 2514 commo-

95 2540 268 2589 liuntur,
295 2539 368 2580 sed
389 2539 517 2580 etiam
541 2539 768 2597 degenetes
788 2540 882 2581 illos
906 2540 1035 2580 Italic
1060 2539 1182 2590 filios,
1206 2539 1276 2596 qui
1296 2541 1385 2594 jam
1407 2554 1480 2578 eol
1485 2537 1657 2579 umdem
1678 2554 1724 2579 ar
1729 2538 1836 2579 tibus
1860 2552 1929 2578 se-

99 2603 194 2646 duci
213 2619 254 2645 se
274 2604 385 2661 passi
404 2603 574 2656 fuerint,
597 2605 651 2645 ad
671 2605 811 2645 salutis
828 2604 941 2645 viam
958 2620 1157 2645 revocare
1179 2603 1434 2645 annitamur.

156 2692 458 2732 Verumtamen
484 2707 579 2732 cum
609 2707 733 2733 omne
764 2691 910 2732 datum
944 2693 1151 2749 optimum
1181 2702 1222 2731 et
1251 2706 1377 2731 omne
1406 2690 1566 2731 donum
1593 2690 1828 2748 perfectum
1853 2689 1930 2730 de-

99 2772 260 2798 sursum
278 2756 518 2805 descendat,
541 2755 740 2796 adeamus
759 2771 854 2797 cum
877 2755 1029 2796 fiducia
1053 2756 1109 2796 ad
1135 2756 1333 2796 thronum
1351 2754 1507 2812 gratiae,
1530 2754 1806 2796 Venerabiles
1828 2753 1861 2794 F
1864 2769 1932 2794 ra-

99 2833 196 2871 tres,
222 2832 264 2861 et
296 2821 505 2862 coelestem
530 2820 737 2861 luminum
765 2831 806 2861 et
838 2820 1220 2861 misericordiarum
1248 2820 1417 2860 Patrem
1447 2819 1646 2876 publicis,
1674 2819 1927 2877 privatisque

99 2885 295 2943 precibus
314 2901 433 2926 orare
451 2884 688 2942 suppliciter
708 2895 831 2941 atque
864 2884 1081 2925 obsecrare
1116 2900 1202 2925 non
1231 2883 1569 2934 intermittamus,
1604 2895 1648 2925 ut
1683 2900 1758 2941 per
1777 2881 1927 2924 merita

100 2949 315 3008 Unigeniti
338 2950 430 2991 Filii
452 2950 513 2990 sui
531 2948 702 2990 Domini
721 2948 861 2990 Nostri
884 2949 979 2989 Jesu
1003 2947 1172 2998 Christi,
1197 2960 1384 2989 avertens
1408 2948 1559 2990 faciem
1580 2964 1697 2989 suam
1729 2963 1751 2988 a
1781 2960 1930 3004 pecca-

99 3015 153 3056 tis
176 3016 340 3066 nostris,
362 3015 550 3056 omnium
573 3025 734 3056 mentes
757 3024 796 3053 et
816 3012 943 3054 corda
971 3012 1121 3053 virtute
1145 3014 1285 3071 gratiae
1315 3029 1395 3054 sua*
1429 3012 1634 3071 propitius
1657 3012 1848 3064 illustret,
1881 3025 1929 3050 ac

152 3166 183 3197 1.
210 3163 245 3198 S.
265 3163 476 3209 Augustinus
496 3162 539 3198 de
555 3162 715 3197 Moribus
734 3161 872 3197 Cathol.
901 3161 1076 3202 Ecclesiae,
1101 3161 1165 3197 lib,
1188 3161 1217 3195 I.
