2135 3442
213 153 288 189 192
712 148 899 184 LETTRE
928 147 1239 194 ENCYCLIQUE
1268 148 1334 182 DE
1362 146 1440 181 PIE
1470 146 1541 183 IX.

212 239 299 281 cuis
317 252 472 286 arcere,
500 234 552 277 ad
575 234 766 276 salutaria
792 235 1043 293 propellere,
1068 245 1109 275 et
1127 250 1208 290 qua
1232 249 1377 291 opere,
1399 248 1480 289 qua
1500 232 1649 281 verbo,
1673 247 1755 289 qua
1774 234 1968 292 exemplo
1992 235 2048 277 ad
2079 263 2081 265 -

210 314 375 345 aeternae
394 301 532 352 salutis
548 312 719 358 portum
743 300 950 342 deducere
972 299 1159 340 valeatis.
1181 300 1230 338 In
1254 298 1405 351 majori
1426 297 1550 352 igitur
1572 295 1650 336 Dei
1674 307 1716 337 et
1734 297 1932 340 Ecclesiae
1955 299 2045 356 glo-

210 370 272 410 ria
293 365 562 425 procuranda
583 366 754 407 viriliter
774 366 897 423 agite,
922 364 1194 405 Venerabiles
1219 364 1250 404 F
1253 374 1400 411 και-(35,
1423 372 1464 402 et
1493 360 1609 401 omni
1637 361 1862 413 alacritate,
1889 364 2047 405 sollici-

210 433 373 485 tudine,
399 430 610 489 vigilantia
631 431 674 470 in
689 431 770 471 hoc
785 429 906 470 simul
925 429 1156 478 elaborate,
1182 437 1229 467 ut
1247 426 1445 467 omnibus
1470 425 1686 466 erroribus
1709 427 1874 483 penitus
1895 427 2046 486 depul-

211 498 279 550 sis,
296 495 485 553 vitiisque
502 494 700 536 radicitus
713 494 878 545 evulsis,
900 492 1018 544 fides,
1040 492 1203 549 religio,
1225 493 1373 549 pictas,
1391 491 1521 532 virtus
1538 491 1700 546 majora
1723 492 1765 531 in
1785 490 1874 533 dies
1893 493 2048 551 ubique

210 564 469 604 incrementa
494 559 733 617 suscipiant,
767 559 987 615 cunctique
1017 556 1161 598 fideles
1193 555 1440 611 abjicientes
1469 572 1597 613 opera
1624 556 1913 610 tenebrarum,
1944 557 2048 599 sicut

211 627 283 668 filii
296 627 398 668 lucis
413 625 629 666 ambulent
646 625 771 682 digne
788 625 879 664 Deo
899 638 976 681 per
993 622 1132 663 omnia
1152 621 1383 679 placentes,
1404 631 1445 661 et
1474 620 1517 661 in
1543 621 1662 662 omni
1682 635 1810 678 opere
1826 620 1944 663 bono
1963 621 2049 663 fru-

211 692 453 733 ctificantes.
478 692 618 746 Atque
642 690 750 730 intel
769 689 971 729 maximas
991 687 1167 745 angusti
1157 702 1215 739 as,
1238 684 1526 735 difficultates,
1552 685 1755 742 pericula,
1781 701 1873 743 quae
1897 701 1921 727 a
1949 702 2046 744 gra-

210 757 380 798 vissimo
409 753 636 813 episcopali
661 764 798 795 vestro
825 751 1058 794 ministe1io
1083 752 1196 792 hisce
1225 749 1461 808 piaesertim
1490 749 1758 808 temporibus
1787 750 1934 792 abesse
1962 766 2049 791 non

211 831 400 880 possunt
426 819 553 861 nolite
572 834 774 875 umquam
802 819 965 869 terreii,
991 817 1064 858 sed
1089 814 1389 858 confortamini
1419 815 1460 855 in
1490 814 1691 864 Domino,
1729 826 1770 856 et
1792 816 1834 855 in
1861 815 2050 872 potentia

211 885 374 927 viltutis
393 885 555 940 Ejus,«
548 884 649 940 ‹qui
675 899 752 924 nos
774 884 815 923 in
837 881 1136 939 conglessione
1162 879 1347 920 nominis
1376 881 1437 920 sui
1467 880 1722 921 constitutos
1752 879 1930 937 desuper
1959 895 2051 938 spe·

217 972 233 987 «
260 962 389 1000 ctans,
403 950 589 991 volentes
604 949 869 1005 compiobat,
884 948 1054 1002 adjuvat
1071 945 1331 994 dimicantes,
1347 943 1562 985 vincentes
1582 955 1761 985 coronat
1775 944 1787 966 ¹
1797 966 1835 986 ,n
1854 946 1962 986 Cum
1980 959 2050 985 au-

212 1029 299 1059 tem
316 1016 448 1058 Nobis
462 1015 563 1056 nihil
582 1015 752 1072 gratius,
771 1013 874 1053 nihil
890 1011 1133 1067 jucundius,
1155 1011 1257 1052 nihil
1275 1010 1502 1067 optabilius
1519 1026 1646 1067 quam
1663 1027 1739 1052 vos
1756 1026 1918 1062 omnes,
1945 1025 2051 1067 quos

213 1081 457 1138 diligimus
448 1096 491 1120 in
516 1077 740 1119 xisceiibus
766 1078 917 1118 Christi
942 1077 1052 1126 Jesu,
1078 1076 1195 1116 omni
1225 1074 1394 1125 affectu,
1421 1075 1613 1128 consilio,
1640 1091 1770 1133 opeia
1793 1076 1955 1131 juvare,
1984 1085 2048 1115 at-

213 1162 294 1204 que
327 1162 407 1186 una
430 1144 679 1185 vobiscum
669 1159 711 1183 ln
736 1142 813 1184 Dei
841 1142 1020 1200 gloriam
1043 1151 1084 1182 et
1112 1139 1373 1182 catholicam
1399 1139 1529 1181 fidem
1557 1141 1776 1192 tuendam,
1806 1156 2049 1211 propagan-

213 1211 263 1251 da
255 1226 313 1251 nn
334 1220 424 1250 toto
447 1220 616 1266 pecto1e
631 1208 892 1257 incumbere,
917 1217 958 1248 et
978 1207 1137 1247 animas
1150 1204 1244 1246 salv·
1239 1221 1282 1245 as
1304 1205 1457 1255 facere,
1483 1222 1561 1263 pro
1584 1208 1734 1264 quibus
1753 1205 1882 1246 xitam
1898 1205 2047 1262 ipsam,

214 1276 246 1316 si
265 1291 369 1332 opus
384 1274 523 1325 fuerit,
543 1272 800 1330 profundele
814 1273 949 1330 parati
968 1286 1124 1322 sumus,
1148 1270 1302 1322 venite,
1323 1270 1502 1322 Fiatres,
1520 1271 1780 1313 obtestamur
1796 1282 1837 1312 et
1857 1271 2048 1311 obsecra-

212 1356 320 1389 mus,
346 1339 484 1380 x‘enite
506 1354 661 1395 magno
686 1337 843 1389 animo,
869 1352 1103 1393 magnaque
1125 1334 1281 1376 fidncia
1304 1333 1358 1375 ad
1376 1334 1486 1376 hanc
1492 1303 1730 1377 Beatissimi
1751 1334 2052 1393 Apostolorum

211 1403 416 1461 Principis
431 1402 599 1453 Sedem,
622 1402 853 1448 ‚Catholicae
875 1401 1045 1442 unitatis
1065 1411 1271 1451 centrum,
1300 1411 1427 1456 atque
1449 1400 1724 1458 Episcopatus
1740 1401 1915 1457 apicem,
1936 1399 2051 1441 unde

212 1470 301 1526 ipse
319 1469 613 1525 Episcopatus,
645 1483 691 1508 ac
718 1478 808 1507 tota
834 1465 1023 1521 ejusdem
1048 1466 1231 1506 nominis
1261 1465 1487 1506 auctoritas
1513 1466 1696 1518 emersit,
1724 1465 1862 1506 venite
1885 1464 1939 1505 ad
1964 1464 2052 1505 Nos

213 1535 557 1591 quotiescumque
585 1533 765 1582 Nostrae,
797 1542 838 1572 et
868 1530 1056 1587 ejusdem
1082 1529 1199 1571 Sedis
1230 1529 1487 1570 auctoritatis
1521 1547 1618 1589 ope,
1654 1530 1825 1580 auxilio,
1854 1528 2050 1587 praesidio

213 1614 287 1639 vos
306 1597 493 1655 indigere
512 1597 726 1637 noveritis.

273 2302 323 2341 In
343 2315 436 2340 eam
459 2314 585 2356 porro
613 2313 729 2355 spem
756 2297 953 2355 erigimur
976 2297 1080 2347 fore,
1108 2307 1154 2337 ut
1176 2295 1386 2337 Carissimi
1418 2296 1462 2336 in
1489 2295 1652 2335 Christo
1677 2293 1770 2335 Filii
1792 2293 1935 2334 Nostri
1963 2293 2049 2333 Viri

214 2364 430 2422 Principes
458 2379 534 2420 pro
564 2378 712 2404 eorum
736 2361 891 2420 pietate
916 2373 957 2403 et
988 2362 1190 2419 religione
1213 2363 1256 2402 in
1281 2361 1531 2402 memoriam
1561 2369 1807 2400 revocantes
1841 2379 1855 2393 α
1889 2357 2051 2415 regiam

222 2451 239 2466 «ε
267 2439 517 2487 potestatem
536 2427 613 2468 sibi
634 2443 719 2468 non
738 2428 872 2468 solum
892 2427 944 2467 ad
967 2426 1115 2467 mundi
1136 2428 1341 2483 regimen,
1371 2425 1444 2466 sed
1457 2423 1640 2465 maxime
1657 2423 1711 2464 ad
1729 2423 1922 2464 Ecclesiae
1938 2439 2048 2480 prte-

222 2516 238 2530 «
266 2494 417 2534 sidium
435 2508 522 2533 esse
547 2491 784 2542 collatam²‚
807 2503 848 2532 et
866 2492 952 2532 Nos
972 2507 1068 2532 cum
1087 2492 1280 2533 Ecclesiae
1297 2505 1467 2531 causam
1486 2500 1577 2530 tum
1600 2504 1747 2529 eorum
1766 2488 1886 2545 regni
1908 2503 2046 2546 agere,

220 2580 238 2596 α
267 2569 308 2599 et
329 2557 486 2606 salutis,
521 2567 567 2596 ut
590 2555 899 2613 provinciarum
926 2571 1096 2596 suarum
1119 2557 1261 2613 quieto
1277 2557 1370 2611 jure
1402 2553 1659 2612 potiantur³,
1700 2574 1717 2590 »
1755 2553 2050 2594 communibus

216 2623 369 2664 nostris
386 2620 509 2671 votis,
536 2620 733 2671 consiliis,
755 2620 898 2661 studiis
920 2636 992 2661 sua
1016 2636 1095 2678 ope
1122 2631 1163 2661 et
1189 2621 1438 2662 auctoritate
1462 2620 1642 2669 faveant,
1667 2631 1791 2676 atque
1813 2619 1942 2677 ipsius
1964 2620 2047 2659 Ec-

216 2686 350 2729 clesiae
372 2686 610 2726 libertatem
630 2684 1043 2742 incolumitatemque
1066 2684 1314 2734 defendant,
1338 2695 1384 2724 ut
1413 2704 1430 2719 «
1465 2694 1505 2724 et
1531 2683 1682 2726 Christi
1706 2684 1882 2726 dextera
1901 2697 2048 2725 eorum

222 2774 239 2788 «
266 2750 519 2793 defendatur
541 2748 808 2806 imperiuan
836 2769 852 2783 »

266 2907 301 2939 1.
327 2904 362 2937 S.
382 2901 548 2948 Cpprian.
568 2900 677 2945 Epist.
700 2903 757 2935 77.
774 2899 818 2932 ad
832 2900 1074 2932 Nemesianum
1093 2908 1125 2932 et
1142 2908 1271 2933 ceteros
1292 2907 1475 2936 nurtwes.

268 2953 302 2986 2.
329 2950 366 2983 S.
383 2949 510 2982 Leonis
525 2948 635 2993 Epist.
657 2950 735 2983 156.
753 2947 798 2980 11.
821 2949 899 2980 125.
921 2946 965 2979 ad
983 2948 1136 2980 Leonem
1151 2948 1359 2991 Augustum

268 3001 302 3033 3.
330 2997 440 3031 Idem
459 2995 569 3040 Epist.
590 2998 644 3030 [13.
665 2995 709 3028 al.
731 2997 788 3029 31.
807 2993 1126 3028 ad'llie3closi1un.

267 3047 301 3080 12,
330 3043 429 3078 Idem
446 3042 533 3077 ibid.
