2135 3442
197 163 272 199 180
698 161 885 196 LETTRE
913 159 1225 206 ENCYCLIQUE
1255 160 1320 195 DE
1347 158 1424 194 PIE
1453 158 1524 193 IX.

178 248 396 291 Cathedrae
422 247 552 305 viguit
575 248 847 306 Principatus
867 247 899 298 ¹,
926 247 981 289 ad
1003 263 1129 305 quam
1153 257 1325 305 propter
1341 245 1557 303 potiorem
1581 244 1931 302 principalitatem
1951 262 2030 288 ne-

182 330 295 357 cesse
316 323 377 355 est
398 329 570 355 omnem
588 314 812 355 convenire
834 312 1084 361 Ecclesiam,
1112 313 1193 353 1100
1211 322 1272 352 est
1293 311 1365 367 qui
1386 321 1483 351 sunt
1504 307 1691 365 undique
1715 308 1859 351 fideles
1874 310 1905 361 ²,
1933 326 2030 352 cum

179 396 260 437 qua
287 380 545 436 quicumque
574 394 661 419 non
687 377 860 436 colligit,
886 377 1087 435 spargit³.
1119 377 1208 418 Nos
1232 374 1376 433 igitur,
1399 374 1471 431 qui
1492 372 1751 414 inscrutabili
1771 375 1848 415 Dei
1868 375 2029 430 judicio

178 446 224 486 111
250 446 328 486 11110
355 445 538 485 veritatis
558 443 770 484 Cathedra
805 441 999 483 collocati
1031 457 1187 490 sumus,
1221 440 1435 496 egregiam
1463 448 1644 479 vestram
1676 438 1876 495 pietatem
1902 441 2029 482 vehe-

180 521 343 551 menter
376 510 420 550 in
446 509 632 550 Domino
667 508 918 555 excitamus,
951 504 1225 547 Venerabilcs
1256 505 1439 552 Fratres,
1470 515 1516 543 ut
1546 501 1660 543 omni
1689 502 1968 545 sollicitudine
1988 515 2029 545 et

182 574 320 616 studio
342 573 485 615 fideles
503 589 611 614 011110
632 584 778 614 vestrae
809 570 1076 612 concreditos
1100 569 1264 611 assidue
1285 583 1476 622 monere,
1500 568 1714 609 exhortari
1737 568 2027 620 connitamini,

183 651 230 680 ut
244 638 357 680 hisce
378 637 593 697 principiis
625 637 799 678 firmiter
830 635 1106 685 adhaerentes,
1133 649 1365 691 numquam
1393 648 1436 674 se
1463 633 1514 673 ab
1541 633 1590 673 iis
1613 631 1765 690 decipi,
1785 644 1826 674 et
1846 633 1888 674 in
1913 649 2031 674 erro-

183 720 274 745 rein
296 704 437 744 induci
466 704 694 761 patiantur,
721 701 793 758 qui
826 699 1131 741 abominabiles
1151 699 1249 740 facti
1271 699 1313 739 in
1334 697 1480 739 studiis
1498 698 1580 738 suis
1595 698 1772 739 humani
1790 714 2033 756 progressus

185 771 364 811 obtentu
388 768 516 810 fidem
533 767 765 815 destruere,
796 781 972 822 eamque
993 765 1147 805 rationi
1167 764 1295 821 impie
1316 763 1521 817 subjicere
1548 779 1595 804 ac
1618 762 1698 802 Dei
1715 762 1881 819 eloquia
1899 763 2035 805 inver-

185 845 273 876 tere
294 833 572 882 contendunt,
588 846 880 887 summamque
906 832 998 871 Deo
1024 828 1101 886 ipsi
1129 829 1326 884 injuriam
1343 828 1501 868 inferre
1530 843 1618 868 non
1646 826 1939 877 reformidant,
1964 827 2034 886 qui

187 898 341 940 coelesti
363 914 437 939 sua
456 896 658 954 religione
684 896 907 937 hominum
929 894 1047 935 bono
1075 904 1200 950 atque
1237 892 1359 933 saluti
1390 891 1712 933 clementissime
1733 893 1950 935 consulere
1974 904 2035 934 est

191 964 401 1022 dignatus.

251 1078 342 1118 Jam
377 1089 474 1115 vero
506 1072 636 1130 probe
665 1070 851 1119 noscitis,
894 1070 1170 1111 Venerabiles
1200 1070 1381 1123 Fratres,
1418 1069 1496 1110 alia
1531 1085 1723 1111 errorum
1770 1079 1958 1110 monstra
1993 1080 2035 1110 et

195 1140 377 1190 fraudes,
400 1138 550 1196 quibus
569 1137 694 1191 hujus
716 1135 851 1176 saeculi
874 1134 948 1176 filii
982 1133 1234 1175 catholicam
1260 1133 1525 1191 religionem,
1550 1145 1591 1176 et
1627 1134 1813 1176 divinam
1843 1133 2036 1175 Ecclesia*

198 1205 505 1255 auctoritatem,
537 1203 707 1257 ejusque
738 1199 852 1258 leges
878 1199 1082 1240 aceiiime
1116 1214 1379 1257 oppugnare,
1417 1210 1459 1240 et
1487 1211 1576 1240 tum
1608 1216 1748 1250 sacra,
1782 1198 1873 1240 tum
1905 1198 2036 1240 civilis

202 1268 418 1312 notestatis
438 1269 532 1323 juia
561 1266 809 1308 conculcare
831 1274 1054 1306 conantul.
1079 1265 1173 1304 Huc
1193 1274 1385 1322 spectant
1407 1264 1577 1305 nefariae
1610 1265 1852 1305 molitiones
1889 1275 2035 1305 contla

198 1314 307 1378 lianc
330 1337 566 1375 homanam
595 1330 827 1372 Beatissimi
852 1329 966 1371 Petri
1001 1329 1271 1382 Cathedram,
1303 1329 1346 1369 111
1369 1345 1448 1386 qua
1474 1329 1661 1369 Clnistus
1686 1328 1830 1386 posuit
1854 1328 2034 1385 inexpu—

199 1399 369 1458 gnabile
390 1397 586 1439 Ecclesia
611 1412 693 1437 suae
717 1395 1061 1436 fundamentum.
1088 1396 1181 1436 Huc
1200 1394 1469 1436 clandestina
1489 1394 1568 1435 illae
1589 1406 1708 1435 sectzr
1732 1410 1755 1436 e
1773 1393 1961 1435 tenebris
1984 1393 2037 1434 ad

200 1465 259 1506 rei
280 1475 371 1504 tum
392 1478 530 1511 sacrzr,
559 1472 650 1502 tum
671 1459 849 1517 publica*
870 1459 1047 1500 exitium
1070 1470 1111 1500 et
1138 1459 1377 1500 vastitatem
1399 1474 1586 1512 emersa‘,
1623 1470 1749 1516 atque
1780 1474 1803 1499 a
1832 1458 2036 1499 Romanis

198 1527 475 1570 Pontificibus
492 1524 793 1567 Decessoribus
810 1524 975 1566 Nostris
995 1524 1145 1565 iterato
1165 1525 1432 1565 anathemate
1453 1524 1660 1565 damnata*
1682 1523 1765 1565 suis
1782 1522 2037 1581 Apostolicis

198 1592 369 1635 Litteris
389 1591 422 1641 ⁶,
451 1606 554 1647 quas
576 1590 665 1631 Nos
686 1588 937 1646 Apostolicoe
956 1588 1120 1628 Nostra=
1142 1588 1357 1646 potestatis
1377 1587 1641 1646 plenitudine
1661 1587 1976 1637 confirmamus,
1997 1599 2038 1629 et

199 1655 522 1715 diligentissime
546 1653 701 1695 servari
729 1652 996 1694 mandamus.
1027 1653 1120 1693 Hoc
1151 1653 1302 1693 volunt
1331 1652 1565 1693 vaferrimae
1593 1651 1762 1693 Biblicae
1794 1652 2032 1703 societates,

199 1738 291 1780 quac
311 1732 495 1762 veterem
519 1718 813 1760 haereticorum
849 1729 982 1758 artem
1018 1728 1287 1767 renovanteS,
1308 1717 1548 1758 divinarum
1568 1716 1878 1773 Scripturarum
1900 1715 2034 1758 libros

200 1798 346 1828 contra
364 1783 643 1826 sanctissimas
663 1781 857 1823 Ecclesia*
878 1781 1044 1839 regulas
1067 1781 1311 1839 vulgaribus
1335 1781 1574 1838 quibusque
1603 1780 1757 1838 linguis
1789 1780 2031 1835 translatos,

197 1867 245 1893 110
257 1849 463 1909 perversis
475 1864 582 1906 510Ρο
599 1846 954 1906 explicationibus
973 1846 1283 1905 interpretatos,
1309 1846 1494 1888 maximo
1511 1846 1818 1904 exemplarium
1837 1862 2033 1899 numero,

197 1915 440 1974 ingentique
475 1929 656 1971 expensa
692 1912 889 1953 omnibus
924 1914 1124 1969 cujusque
1160 1912 1324 1971 generis
1358 1912 1603 1953 hominibus
1636 1911 1765 1953 etiam
1795 1911 2036 1953 rudioribus

197 1980 378 2038 gratuito
399 1978 619 2037 impertiri,
648 1977 877 2018 obtrudere
896 1993 984 2018 non
1011 1988 1192 2029 cessant,
1213 1988 1259 2019 ut
1285 1976 1428 2018 divina
1457 1976 1700 2026 traditione,
1734 1977 1907 2018 Patrum
1928 1976 2034 2017 doc-

196 2045 322 2095 trina,
349 2056 389 2086 et
409 2043 625 2085 catholicae
644 2042 837 2084 Ecclesiae
861 2041 1109 2083 auctoritate
1128 2043 1301 2097 rejecta,
1327 2057 1474 2082 omnes
1496 2041 1661 2098 eloquia
1682 2041 1854 2082 Domini
1874 2040 2034 2098 privato

195 2126 270 2152 suo
282 2108 441 2164 judicio
460 2109 805 2165 interpretentur,
827 2122 1059 2163 eorumque
1080 2122 1247 2148 sensum
1269 2117 1530 2164 pervertant,
1555 2117 1679 2164 atque
1698 2105 1755 2146 ita
1774 2105 1818 2146 in
1831 2104 2035 2146 maximos

195 2175 419 2215 elabantur
455 2187 632 2214 errores.
679 2172 793 2224 Quas
827 2172 1049 2213 societates
1085 2187 1258 2213 suorum
1294 2172 1573 2212 Decessorum
1605 2170 1797 2227 exempla
1835 2169 2035 2211 aemulans

195 2238 325 2280 recol.
357 2252 485 2278 mem.
514 2235 741 2293 Gregorius
765 2236 880 2284 XVI,
913 2236 955 2276 in
980 2237 1098 2290 cujus
1123 2236 1264 2277 locum
1292 2236 1450 2276 meritis
1472 2235 1571 2276 licet
1601 2233 1835 2292 imparibus
1873 2231 2034 2274 suffecti

196 2318 350 2352 sumus,
385 2302 468 2342 suis
503 2300 756 2358 Apostolicis
785 2299 950 2342 Litteris
986 2301 1281 2358 rcprobaviffl,
1317 2312 1358 2342 et
1386 2302 1473 2342 Nos
1507 2300 1663 2358 pariter
1694 2299 1911 2340 damnatas
1946 2314 2033 2340 esse

193 2367 400 2408 volumus.
427 2367 521 2406 Huc
539 2376 695 2422 spectat
714 2365 993 2419 horrendum,
1021 2382 1069 2407 ac
1090 2365 1156 2407 vel
1175 2365 1255 2422 ipsi
1283 2365 1462 2406 naturali
1480 2364 1657 2405 rationis
1676 2364 1829 2405 lumini
1851 2363 2032 2405 maxime

193 2446 432 2489 repugnans
453 2430 505 2471 de
534 2430 759 2485 cujuslibet
775 2430 989 2488 religionis
1012 2430 1298 2472 indifferentia
1318 2441 1521 2488 systema,
1549 2444 1635 2485 quo
1662 2428 1727 2470 isti
1759 2440 2028 2479 veteratores,

194 2495 309 2537 omni
329 2494 490 2536 virtutis
514 2505 553 2534 et
574 2494 679 2546 vitii,
697 2495 885 2536 veritatis
908 2507 948 2536 et
967 2497 1133 2545 erroris,
1154 2495 1386 2537 honestatis
1405 2505 1446 2535 et
1464 2493 1741 2551 turpitudinis
1764 2494 1928 2534 sublato
1950 2493 2034 2534 dis-

194 2560 384 2611 crimine,
407 2558 600 2600 homines
622 2561 665 2599 in
689 2561 864 2614 cujusvis
894 2559 1108 2618 religionis
1132 2559 1245 2600 cultu
1274 2570 1482 2600 {eternam
1514 2557 1692 2599 salutem
1721 2557 1881 2616 assequi
1908 2574 2031 2616 posse

195 2624 583 2673 comminiscuntur,
625 2624 800 2681 perinde
821 2639 868 2665 ac
893 2623 925 2665 si
954 2624 1039 2664 ulla
1070 2640 1271 2681 umquam
1304 2639 1390 2664 esse
1414 2634 1557 2680 posset
1578 2622 1843 2680 participatio
1861 2623 2030 2678 justitiae

196 2706 290 2732 cum
322 2688 557 2746 iniquitate,
587 2699 657 2728 aut
677 2690 853 2729 societas
873 2688 958 2729 luci
979 2687 1032 2728 ad
1056 2689 1266 2738 tenebras,
1308 2699 1348 2728 et
1374 2687 1602 2728 conventio
1626 2687 1780 2728 Christi
1803 2687 1856 2729 ad
1882 2687 2029 2729 Belial.

196 2756 290 2796 Huc
311 2765 469 2812 spectat
493 2751 720 2794 foedissima
743 2763 889 2794 contra
913 2768 1076 2794 sacrum
1104 2753 1349 2794 clericorum
1371 2751 1617 2793 coelibatum
1642 2753 1915 2811 conspiratio,
1938 2768 2027 2809 quae

249 2921 282 2951 1.
309 2918 342 2951 S.
366 2918 511 2961 August.
529 2916 640 2961 Epist.
665 2917 747 2950 162

247 2968 284 3000 2
310 2966 345 3000 S.
366 2966 529 3008 Irenaeus⁷
551 2963 610 2997 lib
631 2964 700 3004 111,
718 2961 1014 3002 c011tr2·1hae1eses‚
1035 2971 1116 3004 cap.
1141 2971 1199 2993 111

250 3015 284 3047 3.
312 3013 347 3046 S.
367 3012 572 3056 Hieronym.
595 3010 707 3055 Epist.
733 3008 779 3042 ad
797 3010 935 3041 Damas.
958 3006 1088 3041 Pontif

252 3062 283 3094 4.
312 3059 470 3092 Clemens
489 3050 579 3090 XIII
596 3058 719 3091 Const.
741 3060 775 3088 In
794 3052 1395 3095 eminenti,Bened.X1‘x,Constit.
1412 3054 1592 3097 Providas3
1610 3055 1691 3089 Pius
1707 3055 1791 3100 VII,
1810 3053 1986 3086 Ecclesiam
2007 3065 2026 3084 a

204 3112 277 3139 lesu
303 3107 445 3150 (5711leth
467 3106 536 3138 Leo
553 3105 640 3145 XII,
662 3105 780 3138 Const.
805 3107 910 3147 QuoD
899 3103 1056 3135 erraviora,

253 3157 286 3187 5.
314 3154 459 3197 Gregor.
481 3153 546 3185 XV
552 3153 581 3192 Ι,
604 3152 639 3184 iu
658 3151 777 3185 Lutei
770 3163 796 3184 15
814 3151 911 3194 Eue)
916 3148 1008 3183 elicis
1027 3147 1072 3182 ad
1091 3160 1212 3182 omnes
1230 3148 1438 3195 Episcopos‚
1457 3161 1606 3194 quatum
1630 3149 1768 3183 initium
1797 3152 1888 3180 Inter
1906 3148 2025 3193 praeci-

203 3213 288 3245 pum·
315 3201 439 3233 maelein
433 3201 577 3233 vationes.
