2135 3442
141 165 217 201 246
643 165 829 202 LETTRE
855 167 1168 215 ENCYCLIQUE
1197 170 1262 205 DE
1292 170 1369 205 PIE
1399 169 1473 206 IX.

200 251 410 309 Equidem
429 268 515 294 non
535 253 793 303 dubitamus,
816 254 916 312 quin
940 256 1135 306 Parochi,
1167 272 1398 314 eorumque
1421 256 1655 312 adjutores,
1683 269 1724 299 et
1742 261 1981 307 sacerdotes

142 316 226 367 alii,
250 317 321 374 qui
342 318 466 359 certis
490 317 654 369 diebus,
673 321 934 375 jejuniorum
955 323 1182 378 prasertim
1208 333 1414 379 tempore,
1444 321 1496 363 ad
1520 321 1826 379 praedicationis
1849 326 1980 369 mini-

141 380 313 422 sterium
355 381 554 424 destinari
601 396 909 426 consueverunt
932 418 940 436 ,
991 387 1232 428 auxiliarem
1272 388 1390 428 vobis
1433 402 1607 445 operam
1652 387 1799 429 sedulo
1837 390 1880 431 in
1917 392 1981 435 his

142 446 338 488 omnibus
359 448 439 488 sint
463 450 701 505 p1·a·stituri.
733 451 932 491 Attamen
951 450 1119 492 illorum
1153 468 1291 510 operte
1316 452 1545 511 adjungere
1576 452 1788 494 interdum
1815 468 1982 512 oportet

142 510 471 553 extraordinaria
505 513 690 555 subsidia
725 515 1003 572 spiritualium
1034 517 1355 567 exercitiorum,
1394 529 1435 559 ct
1461 533 1673 559 sacrarum
1708 518 1978 572 missionum,

141 590 258 632 quas,
284 576 359 617 ubi
391 579 590 635 operariis
617 577 780 619 idoneis
804 581 1036 621 commissas¹
1064 581 1232 632 suerint,
1273 581 1393 623 valde
1430 582 1550 624 utiles
1579 581 1857 625 benedicente
1891 586 1983 627 Do-

140 641 257 682 mino
278 656 366 683 esse
389 653 554 683 constat
570 654 659 683 tum
679 643 869 685 fovenda*
891 645 1103 686 bonorum
1130 648 1297 703 pietati,
1322 658 1409 688 tum
1431 647 1723 704 peccatoribus
1737 679 1746 697 ,
1787 659 1830 689 et
1849 648 1980 708 longo

141 706 268 747 etiam
293 707 489 747 vitiorum
516 708 662 749 habitu
688 708 925 766 depravatis
951 710 1194 752 homiuibus
1217 712 1271 753 ad
1295 712 1522 753 salutarem
1554 712 1846 769 poenitentiam
1871 715 1982 756 exci-

140 770 293 821 tandis,
323 782 445 828 atque
469 772 577 814 adeo
596 784 643 814 ut
662 773 794 815 fidelis
818 774 997 832 populus
1021 787 1181 817 crescat
1206 777 1249 817 in
1274 777 1443 818 scientia
1464 778 1558 827 Dei,
1584 788 1625 817 et
1648 776 1691 817 in
1717 778 1835 818 omni
1854 794 1981 836 opere.

139 834 256 876 bono
282 836 521 888 fructificet,
547 849 588 879 et
607 837 872 879 uberioribus
893 839 1066 881 coelestis
1083 840 1224 898 gratiae
1248 841 1411 882 auxiliis
1427 843 1613 883 munitus
1636 858 1659 883 a
1678 844 1879 900 perversis
1903 845 1982 885 ini-

139 899 344 942 micorum
370 903 563 944 Ecclesiae
582 903 782 945 doctrinis
802 906 1058 947 constantius
1076 906 1316 948 abhorreat.

197 966 392 1008 Ceterum
416 969 457 1009 in
479 968 541 1009 his
562 971 759 1010 omnibus
782 982 944 1021 vestrae,
975 987 1022 1012 ac
1045 971 1311 1013 sacerdotum
1334 974 1450 1014 vobis
1478 972 1768 1014 auxiliantium
1791 988 1899 1015 curae
1929 991 1980 1016 eo

137 1029 247 1072 inter
267 1031 345 1072 alia
370 1034 644 1090 spectabunt,
671 1045 715 1074 ut
744 1034 890 1076 fideles
911 1037 1115 1090 majorem
1136 1038 1357 1078 horrorem
1381 1037 1619 1095 concipiant
1646 1037 1815 1078 illorum
1845 1040 1979 1081 scele-

135 1110 244 1150 rum,
265 1112 355 1153 quae
379 1113 475 1138 cum
496 1097 673 1139 aliorum
698 1098 897 1140 scandalo
924 1111 1158 1157 patrantur.
1180 1101 1322 1142 Nostis
1341 1103 1469 1156 enim,
1498 1114 1703 1159 quantum
1733 1101 1905 1145 diversis
1937 1105 1980 1146 in

136 1159 237 1202 locis
257 1162 488 1203 excreverit
510 1179 659 1205 eorum
680 1180 894 1218 numerus,
921 1165 990 1222 qui
1015 1178 1182 1208 sanctos
1204 1166 1376 1217 coelites,
1404 1167 1468 1208 vel
1491 1167 1627 1225 ipsum
1651 1183 1819 1224 quoque
1842 1184 1981 1210 sacro-

136 1237 325 1267 sanctum
358 1227 434 1268 Dei
468 1244 623 1269 nomen
652 1229 791 1286 palam
830 1229 1125 1288 blasphemare
1157 1234 1332 1281 audent,
1362 1243 1433 1272 aut
1459 1233 1503 1272 in
1526 1232 1813 1273 concubinatu
1841 1235 1980 1276 vivere

137 1289 441 1348 dignoscuntur
464 1308 560 1334 cum
579 1293 740 1335 incestu
764 1296 979 1337 interdum
1003 1298 1247 1351 conjuncto,
1273 1308 1343 1337 aut
1364 1296 1475 1338 festis
1495 1296 1645 1338 diebus
1664 1297 1827 1338 servilia
1851 1313 1979 1356 opera

135 1357 286 1413 apertis
314 1357 440 1397 etiam
464 1357 642 1400 officinis
662 1371 873 1410 exercent,
901 1372 973 1402 aut
990 1362 1183 1403 Ecclesiae
1207 1373 1415 1420 praecepta
1442 1361 1494 1402 de
1513 1361 1681 1417 jejuniis
1703 1361 1982 1419 ciborumque

136 1420 298 1461 delectu
326 1422 515 1478 pluribus
548 1439 716 1481 quoque
750 1425 1013 1467 adstantibus
1043 1437 1346 1479 contemnunt,
1385 1438 1455 1467 aut
1494 1426 1573 1467 alia
1610 1425 1773 1467 diversa
1804 1427 1980 1469 crimina

133 1485 256 1526 simili
279 1487 409 1527 modo
433 1490 695 1531 committere
720 1505 806 1530 uon
829 1491 1094 1532 erubescunt.
1114 1491 1359 1533 Meminerit
1378 1492 1518 1550 igitur,
1546 1491 1666 1532 vobis
1694 1490 1947 1534 instantibus
1967 1526 1976 1545 ,

131 1548 263 1591 fidelis
282 1552 476 1609 popquS,
500 1564 542 1594 et
562 1553 670 1595 serio
692 1554 930 1596 consideret
944 1572 1143 1614 maguam
1159 1568 1430 1614 peccatorum
1447 1555 1695 1611 hujusmodi
1711 1557 1975 1613 gravitatem,

133 1626 173 1654 et
195 1616 474 1658 severissimas
499 1633 659 1674 poenas,
687 1619 839 1675 quibus
863 1619 1030 1661 illorum
1055 1633 1246 1662 auctores
1263 1621 1476 1678 plectendi
1502 1631 1629 1661 erunt
1646 1631 1737 1660 tum
1754 1622 1833 1678 pro
1861 1633 1980 1663 reatu

132 1679 330 1736 cujusque
359 1680 544 1723 criminis
579 1682 768 1740 propriO,
799 1695 889 1725 tum
912 1701 989 1742 pro
1017 1685 1221 1742 spirituali
1243 1684 1446 1742 pericuIO‚
1476 1685 1519 1724 in
1551 1685 1667 1741 quod
1699 1684 1847 1726 fratres
1883 1701 1980 1727 suos

131 1745 247 1801 pravi
269 1746 331 1786 sui
361 1747 543 1803 exempli
566 1748 816 1805 contagione
840 1748 1112 1790 induxerunt.
1137 1750 1344 1806 Scriptum
1368 1760 1430 1789 est
1449 1749 1561 1789 enim
1589 1767 1598 1790 ι
1643 1750 1719 1789 Vae
1751 1750 1906 1791 ηιαηιίο
1945 1767 1972 1791 (ι

132 1809 428 1852 .ςσα7ῑῑῖαἶιέ....
457 1811 533 1851 Voe
550 1811 711 1853 homini
732 1812 802 1853 illi
816 1829 899 1870 per
918 1830 1036 1871 quem
1060 1814 1311 1855 scandalum
1336 1819 1444 1854 venit
1468 1812 1500 1854 ².

189 1875 304 1916 Inter
321 1874 483 1916 diversa
500 1875 745 1918 insidiarum
761 1894 930 1936 genera,
958 1879 1108 1936 quibus
1129 1879 1341 1920 vaferrimi
1363 1877 1573 1928 Ecclesiae,
1596 1877 1880 1936 humanaeque
1905 1894 1978 1920 so-

131 1938 290 1980 cietatis
325 1939 482 1981 inimici
512 1941 694 1998 populos
739 1941 936 1985 seducere
973 1945 1234 1994 annituntur,
1270 1943 1375 1985 illud
1406 1954 1518 1985 certe
1548 1943 1590 1983 in
1636 1942 1855 2000 praecipuis
1889 1955 1974 1995 est,

131 2003 245 2060 quod
269 2004 437 2046 nefariis
461 2006 643 2048 consiliis
662 2008 744 2048 suis
765 2007 930 2064 jamdiu
953 2020 1145 2067 paratum
1174 2009 1218 2050 in
1248 2025 1363 2050 nox-ae
1391 2009 1490 2049 artis
1522 2007 1704 2050 librariae
1739 2023 1870 2065 pravo
1900 2024 1979 2051 usu

132 2069 399 2110 invenerunt.
430 2071 576 2127 Itaque
602 2073 645 2112 in
669 2088 719 2113 eo
741 2074 819 2113 toti
838 2085 949 2125 sunt,
976 2086 1020 2115 ut
1053 2073 1206 2132 impios
1236 2074 1416 2125 libellos,
1446 2085 1487 2114 et
1509 2071 1801 2131 ephemerides
1825 2088 1871 2113 ac
1902 2089 1980 2131 pa—

134 2132 263 2190 gellas
283 2131 508 2185 mendacii,
529 2137 850 2188 calumniarum,
878 2150 920 2180 et
941 2139 1196 2180 seductionis
1216 2139 1360 2197 plenas
1384 2138 1510 2180 edere
1533 2139 1576 2178 in
1606 2138 1767 2195 vulgus,
1796 2152 1844 2178 ac
1863 2138 1976 2179 mul-

133 2197 320 2255 tiplicare
340 2200 531 2255 quotidie
555 2217 640 2242 non
660 2203 955 2244 intermittant.
984 2205 1119 2246 Immo
1144 2216 1185 2245 et
1207 2203 1404 2262 pra‘sidio
1429 2204 1493 2245 usi
1515 2203 1772 2245 Societatum
1790 2201 1976 2245 Biblica-

131 2277 243 2313 rum,
276 2278 367 2320 quae
395 2279 418 2304 a
441 2265 591 2307 Sancta
611 2268 689 2308 hac
709 2267 818 2309 Sede
837 2269 1093 2323 jamdudum
1121 2269 1329 2311 damnatae
1355 2280 1453 2311 sunt
1469 2268 1501 2321 ²,
1539 2283 1655 2309 sacra
1688 2267 1814 2308 etiam
1844 2268 1979 2310 Biblia

131 2338 282 2385 praeter
305 2328 498 2370 Ecclesia-
523 2332 684 2389 regulas
710 2332 722 2355 ⁸
750 2334 792 2373 in
811 2333 1027 2392 vulgarem
1051 2335 1238 2392 linguam
1261 2334 1475 2384 translata,
1505 2343 1628 2389 atque
1653 2331 1760 2373 adeo
1779 2344 1979 2390 corrupta

134 2403 175 2434 et
198 2394 241 2433 in
262 2409 439 2450 pravum
461 2410 628 2437 sensum
660 2398 836 2439 infando
870 2415 972 2440 ausu
1001 2399 1167 2440 detorta
1191 2398 1447 2449 diffundere,
1475 2397 1728 2454 illorumque
1750 2396 1977 2439 lectionem

134 2457 211 2499 sub
232 2457 461 2515 Religionis
486 2460 660 2502 obtentu
697 2461 810 2503 fideli
840 2463 954 2520 plebi
983 2465 1283 2506 commendare
1315 2479 1401 2504 non
1425 2473 1636 2504 verentur.
1668 2462 1778 2502 Hinc
1806 2478 1884 2520 pro
1913 2478 1976 2504 sa-

132 2520 290 2579 pientia
322 2534 457 2564 vestra
482 2526 639 2581 optime
667 2526 917 2586 intelligitis,
944 2529 1217 2570 Venerabiles
1238 2530 1417 2578 Fratres,
1441 2538 1597 2584 quanta
1618 2527 1737 2568 vobis
1763 2526 1975 2584 vigilantia

135 2597 178 2628 et
199 2586 476 2630 sollicitudine
497 2589 835 2633 adlaborandum
858 2594 923 2643 sit,
948 2605 995 2634 ut
1018 2593 1163 2635 fideles
1187 2608 1286 2634 oves
1320 2608 1341 2633 a
1376 2591 1572 2650 pestifera
1602 2591 1770 2633 illorum
1793 2591 1974 2633 lectione

134 2666 301 2708 prorsus
320 2651 575 2694 abhorreant
593 2674 602 2706 ς
627 2666 750 2712 atque
765 2669 811 2697 ut
834 2657 886 2698 de
903 2658 1051 2699 divinis
1067 2657 1316 2699 nominatim
1339 2656 1503 2698 Litteris
1526 2657 1812 2709 meminerint,
1833 2655 1972 2697 nemi-

135 2730 234 2756 nem
257 2716 477 2757 hominum
498 2717 543 2759 id
564 2720 644 2760 sibi
663 2736 859 2777 arrogare
884 2738 1020 2779 posse,
1050 2734 1096 2763 ut
1117 2738 1198 2764 suae
1222 2721 1456 2779 prudentia*
1485 2722 1655 2762 innixus
1684 2721 1777 2762 illas
1801 2720 1854 2761 ad
1875 2735 1973 2762 suos

137 2795 279 2821 sensus
313 2794 593 2839 contorquere
630 2797 853 2841 praesumat
884 2798 1033 2828 contra
1068 2802 1166 2828 eum
1198 2802 1387 2838 sensum,
1424 2801 1551 2843 quem
1585 2786 1745 2837 tenuit,
1780 2796 1821 2828 et
1859 2794 1972 2826 tenet

189 2930 219 2960 1.
248 2927 418 2968 Matthaei,
435 2940 523 2961 xvm
558 2932 592 2963 7.

182 2976 216 3008 2.
244 2975 372 3007 Extant
390 2986 428 3007 ea
448 2956 552 3021 snpe'r
573 2988 622 3018 re,
638 2986 764 3022 praeter
779 2978 844 3011 alia
864 2978 1094 3024 praecedentia
1121 2978 1271 3020 decreta,
1298 2978 1496 3025 Encyclicae
1523 2979 1643 3012 litterae
1673 2976 1836 3023 Gregorii
1864 2976 1964 3022 XVI,

137 3018 223 3053 datae
253 3020 422 3066 postridie
446 3021 565 3055 Nonas
591 3023 672 3056 maii
704 3036 919 3067 nncccxnv,
946 3038 1022 3071 quae
1044 3026 1216 3071 incipiunt
1239 3038 1245 3059 ε
1266 3031 1354 3058 Inter
1374 3027 1556 3072 praecipuas
1586 3025 1850 3070 machinationes,
1871 3023 1969 3069 cujus

135 3068 327 3101 sanctiones
344 3069 416 3102 Nos
441 3082 580 3114 quoque
604 3070 855 3104 inculcavimus
873 3073 908 3105 in
926 3074 1057 3119 Encyc.
1080 3073 1146 3118 Ep.
1168 3072 1247 3105 data
1264 3076 1284 3108 9
1303 3074 1467 3108 novemb.
1492 3076 1594 3108 1846.

183 3118 216 3150 3.
244 3115 329 3150 Vid.
351 3117 434 3160 Reg.
458 3119 479 3150 4
497 3129 537 3150 ex
557 3117 597 3150 iis
615 3130 691 3162 quae
708 3130 728 3151 a
748 3119 907 3153 Patribus
920 3120 955 3152 in
970 3120 1079 3154 Cone.
1101 3119 1202 3155 Trid.
1225 3119 1366 3153 delectis
1382 3120 1586 3165 conscriptae
1603 3128 1636 3153 et
1652 3132 1671 3152 a
1690 3119 1753 3152 Pio
1773 3118 1825 3150 IV
1842 3129 1969 3162 appro-

134 3159 220 3194 batae
241 3162 380 3196 fuerunt
399 3164 434 3196 in
455 3164 574 3198 Const.
594 3166 750 3198 Dominici
767 3167 888 3212 greois,
911 3170 954 3201 24
977 3176 1076 3200 mart.
1099 3170 1202 3211 1564,
1233 3175 1264 3200 et
1282 3166 1498 3201 additionem
1517 3166 1629 3200 eidem
1649 3167 1773 3199 factam
1793 3177 1812 3198 a
1833 3164 1964 3210 Congr.

133 3205 277 3251 Indicis,
295 3210 497 3244 anctoritate
513 3212 595 3245 Ben.
619 3212 717 3257 XIV⁷
739 3216 779 3247 17
794 3194 869 3258 juon.
891 3217 980 3249 1757
997 3216 1087 3260 (quae
1108 3215 1222 3247 onmia
1240 3214 1401 3260 praemitti
1418 3215 1527 3247 solent
1544 3212 1674 3246 Indicis
1686 3212 1767 3246 libr.
1788 3211 1964 3257 prohib.)-
