2135 3442
145 105 221 140 564
537 102 720 139 THESES
750 103 815 137 AD
844 102 1183 138 APOSTOLICAM
1212 104 1374 139 SEDEM
1404 106 1626 143 DELATAE.

200 193 238 227 9.
270 191 419 226 Bonum
441 187 628 225 societatis
649 188 863 224 christianae
884 188 1066 239 postulat,
1086 202 1133 225 ne
1156 188 1363 240 spiritualis
1381 198 1548 241 potestas
1567 191 1614 228 sit
1635 204 1655 228 a
1674 191 1777 229 civili
1801 202 1984 244 potestate

142 248 319 286 distincta
339 255 375 283 et
390 246 666 297 independens.

270 323 356 353 Falsa
370 329 399 351 et
412 323 562 353 haeretica.

199 403 264 438 10.
296 399 509 450 Spiritualis
538 399 734 450 potestatis
759 398 951 435 distinctio
978 407 1014 436 et
1041 400 1339 451 independentia
1369 415 1389 439 a
1418 402 1519 439 civili
1544 404 1661 440 elficit
1678 434 1688 453 ,
1717 412 1759 440 ut
1782 403 1987 454 spiritualis

148 467 313 510 potestas
337 458 539 495 absorbeat
560 458 773 494 essentialia
791 457 877 503 jura
896 456 1021 495 civilis
1041 460 1249 509 potestatis.

270 535 356 564 Falsa
369 541 398 564 et
410 534 564 565 haeretica.

202 676 267 710 11.
299 674 389 708 Haec
408 670 615 722 spiritualis
636 671 832 721 potestatis
853 669 1046 708 distinctio
1064 679 1100 707 et
1116 670 1413 722 independentia
1433 686 1451 709 a
1479 672 1582 709 civili
1606 681 1796 723 potestate
1825 673 1988 725 spectari

147 731 260 769 debet
282 739 324 767 ut
343 728 587 767 accidentalis
609 743 651 766 ac
672 737 934 779 temporanea,
955 729 1112 766 minime
1134 742 1226 766 vero
1257 739 1441 780 tanquam
1465 732 1648 768 normalis
1673 732 1843 769 conditio
1863 732 1988 770 socie-

149 789 233 828 tatis
252 803 324 841 per
339 789 528 826 Christum
550 797 796 837 regeneratae.

273 866 358 894 Falsa
371 872 401 894 et
415 865 563 895 haeretica.

203 929 267 963 212.
301 927 344 962 In
369 924 540 975 qualibet
557 932 658 960 recte
685 923 889 960 constituta
913 924 1092 962 societate
1111 924 1298 974 legislatio
1317 935 1497 976 actusque
1521 926 1718 976 regiminis
1738 927 1879 966 debent
1903 937 1989 966 tan-

149 998 264 1035 quam
283 984 454 1034 regulam
474 983 609 1019 sectari
634 981 929 1021 indifferentiam
954 985 1234 1033 systematicam
1256 985 1356 1022 inter
1377 985 1574 1023 veritatem
1600 995 1638 1023 et
1666 1000 1837 1024 errorem
1856 988 1896 1025 in
1919 1002 1989 1026 ne-

149 1042 252 1095 gotio
273 1041 484 1091 religionis.

275 1118 386 1156 Impia⁷
403 1117 688 1146 indifferentismum
702 1117 860 1156 inducen55
877 1125 966 1147 rectae
982 1118 1092 1147 rationi
1109 1126 1138 1148 et
1154 1119 1293 1160 religioni
1310 1119 1464 1158 injuriosa.

203 1196 268 1233 13.
299 1194 405 1231 Licet
427 1194 640 1245 theologice
664 1208 797 1232 verum
819 1195 879 1241 sit,
905 1209 1216 1246 unamquamque
1242 1197 1433 1234 nationem
1461 1197 1706 1235 christianam
1727 1198 1868 1236 debere
1903 1213 1992 1249 par-

150 1262 225 1291 tem
242 1253 475 1291 constituere
497 1253 610 1290 unius
633 1254 881 1305 ejusdemque
902 1255 1078 1292 Ecclesiae
1098 1256 1337 1302 universalis,
1362 1257 1427 1293 uni
1452 1255 1566 1307 capiti
1585 1270 1766 1307 supremo
1787 1257 1987 1305 subjectae;

150 1313 303 1363 politice
326 1320 452 1349 tamen
476 1313 568 1349 utile
601 1313 712 1358 foret,
742 1323 783 1350 ut
809 1312 989 1363 quaelibet
1006 1327 1137 1350 carum
1167 1315 1414 1352 constitueret
1440 1315 1648 1352 Ecclesiam
1669 1315 1899 1353 nationalem
1921 1316 1990 1353 suh

150 1372 316 1422 primatu
335 1371 537 1421 respectivi
557 1372 795 1422 imperantis,

276 1448 312 1475 In
329 1446 457 1475 schisma
473 1447 619 1476 inducens
632 1454 662 1475 et
677 1447 779 1476 haeresi
794 1447 946 1486 proxima.

205 1526 270 1563 14.
301 1522 460 1561 Politica
484 1523 670 1575 gubernia
689 1533 764 1562 tam
780 1525 893 1562 Clero
916 1539 1030 1575 quam
1052 1526 1198 1577 populo
1219 1526 1418 1578 imponere
1439 1535 1598 1578 possunt
1615 1527 1785 1565 ectheses
1814 1541 1880 1565 seu
1911 1528 1991 1564 lor-

150 1583 311 1620 mularia
333 1583 563 1633 theologica,
587 1583 676 1621 licet
692 1585 880 1632 ejusmodi
898 1585 986 1631 sint,
1009 1598 1093 1635 quae
1109 1594 1303 1635 nequeant
1318 1586 1364 1623 ab
1385 1587 1604 1637 Apostolica
1619 1586 1716 1625 Sede
1736 1595 1801 1624 aut
1820 1586 1868 1623 ab
1886 1600 1991 1624 oecu-

150 1641 307 1679 menicis
327 1642 505 1679 Conciliis
525 1643 697 1693 probari.

273 1718 468 1747 schismatica
487 1725 517 1746 ct
535 1719 688 1750 haeretica.

205 1797 269 1832 15.
301 1794 469 1831 Ecclesia
486 1793 579 1831 nihil
596 1794 710 1831 (lebet
729 1795 953 1842 decernere,
978 1795 1082 1845 quod
1100 1795 1340 1845 obstringere
1353 1796 1472 1848 possit
1494 1796 1663 1834 fidelium
1683 1797 1933 1834 conscientias
1950 1795 1990 1834 in

148 1851 284 1890 ordine
302 1853 349 1889 ad
366 1867 477 1889 usum
496 1867 625 1890 rerum
649 1852 932 1904 temporalium.

273 1931 419 1959 Haerctica
426 1955 433 1961 .

205 2012 269 2048 «16.
302 2009 521 2059 Opponitur
552 2007 703 2059 spiritui
727 2008 922 2057 Evangelii
950 2008 1051 2058 quod
1077 2008 1244 2045 Ecclesia
1272 2007 1374 2044 bona
1405 2008 1631 2059 temporalia
1664 2009 1856 2059 possideat
1882 2023 1888 2044 :
1921 2024 1992 2048 nec

147 2067 229 2118 ipsa
248 2067 417 2117 legitime
439 2075 636 2118 acceptare
652 2076 777 2118 potest
791 2075 857 2104 aut
875 2068 1075 2117 acquirere
1099 2068 1352 2118 proprietates
1370 2080 1436 2104 seu
1455 2067 1715 2118 possessiones
1730 2068 1777 2104 ad
1793 2069 1991 2106 ministro-

149 2140 231 2163 rum
255 2125 611 2172 substentationem,
635 2127 681 2163 ad
700 2127 823 2163 cultus
844 2125 1070 2163 exercitium
1090 2134 1127 2162 et
1144 2139 1357 2176 pauperum
1376 2126 1564 2162 levamen.

272 2204 395 2232 Dudum
412 2204 553 2232 damnata
568 2203 597 2231 in
614 2203 754 2233 Concilio
769 2203 992 2232 Constantiensi
1006 2209 1033 2231 et
1050 2202 1081 2230 in
1094 2203 1178 2231 Bulla
1196 2202 1319 2231 Martini
1332 2203 1371 2237 V,
1387 2213 1420 2230 ac
1438 2202 1590 2232 haeretica.

177 2356 182 2360 —
203 2335 267 2370 17.
299 2333 477 2369 Ecclesiae
499 2332 672 2382 regimen
688 2347 708 2369 a
730 2333 880 2370 Christo
891 2332 1210 2369 Jesuinstitutum
1234 2346 1312 2370 non
1331 2341 1387 2370 est
1406 2346 1498 2370 vere
1520 2332 1821 2371 monarchicum.

272 2409 419 2438 Haeretica
435 2416 464 2438 et
476 2409 625 2438 contraria
643 2409 814 2438 definitioni
830 2408 960 2438 Concilii
972 2408 1149 2439 Florentini.

204 2548 270 2584 18.
301 2547 464 2582 Possunt
483 2544 668 2594 gubernia
689 2544 856 2595 legitime
876 2544 1064 2595 impedire
1093 2543 1378 2580 circulationem
1393 2544 1477 2580 vitae
1501 2544 1696 2581 catholicae
1720 2543 1899 2595 ponendo
1916 2543 1989 2580 ob-

148 2604 293 2642 stacula
307 2604 554 2641 relationibus
584 2604 811 2655 Apostolicae
833 2604 940 2640 Sedis
959 2617 1046 2640 cum
1066 2604 1183 2640 variis
1201 2603 1464 2640 catholicitatis
1482 2602 1666 2653 partibus.

275 2679 436 2709 schismati
453 2686 482 2708 et
499 2679 601 2707 haeresi
621 2679 732 2715 sax-ens,
749 2679 889 2708 Ecclesiae
910 2678 1134 2707 constitutionis
1150 2685 1181 2707 et
1204 2678 1349 2707 libertatis
1368 2678 1511 2713 eversiva,
1534 2677 1603 2706 Sedi
1629 2677 1810 2716 Apostolicae
1828 2677 1987 2716 injuriosa.

207 2860 268 2897 19,
300 2857 512 2909 Episcopus
535 2864 600 2893 aut
619 2857 831 2894 Concilium
853 2857 1090 2908 provinciale
1109 2871 1126 2893 a
1147 2856 1362 2906 Tlieologiae
1393 2855 1534 2905 regulis
1556 2853 1738 2900 deflectit,
1765 2854 1855 2891 dum
1887 2854 1986 2891 intra

148 2929 225 2954 suae
239 2915 516 2968 jurisdictionis
530 2914 712 2951 ambitum
734 2915 926 2964 prohibet,
947 2917 1151 2965 quominus
1171 2915 1505 2961 doceaturjudicia
1526 2914 1713 2964 gravioris
1741 2913 1923 2950 momenti
1943 2926 1986 2950 ac

148 2974 379 3012 solemniora
396 2973 559 3011 Romani
577 2973 770 3010 Pontificis
789 2973 961 3022 indigere
982 2975 1176 3011 sanctione
1191 2974 1305 3011 civili.

276 3050 425 3088 Injuriosa
439 3050 609 3079 auctoritati
630 3050 784 3085 Ecclesiae,
802 3049 955 3077 schismati
968 3058 993 3078 et
1009 3050 1113 3079 haeresi
1128 3051 1239 3085 favens,
1263 3057 1291 3078 et
1308 3057 1454 3088 quatenus
1469 3049 1614 3089 supponit
1624 3048 1737 3087 judicia
1757 3047 1902 3089 gravioris
1917 3057 1987 3076 mo-

233 3092 327 3122 menti
340 3099 369 3122 et
384 3093 566 3122 solemniora
583 3091 713 3121 Romani
736 3091 889 3119 Pontificis
904 3091 1041 3131 indigere
1057 3092 1212 3121 sanctione
1232 3091 1322 3128 civili,
1339 3092 1485 3122 haeretica.
