<?xml version="1.0" encoding="UTF-8"?>
<!DOCTYPE html PUBLIC "-//W3C//DTD XHTML 1.0 Transitional//EN"
    "http://www.w3.org/TR/xhtml1/DTD/xhtml1-transitional.dtd">
<html xmlns="http://www.w3.org/1999/xhtml" xml:lang="en" lang="en">
 <head>
  <title>
</title>
<meta http-equiv="Content-Type" content="text/html;charset=utf-8" />
  <meta name='ocr-system' content='tesseract 3.04.00' />
  <meta name='ocr-capabilities' content='ocr_page ocr_carea ocr_par ocr_line ocrx_word'/>
</head>
<body>
  <div class='ocr_page' id='page_1' title='image "./recueildesallocu00cath_0254.png"; bbox 0 0 2135 3442; ppageno 0'>
   <div class='ocr_carea' id='block_1_1' title="bbox 143 175 1481 224">
    <p class='ocr_par' dir='ltr' id='par_1_1' title="bbox 143 175 1481 224">
     <span class='ocr_line' id='line_1_1' title="bbox 143 175 1481 224; baseline -0.01 -1"><span class='ocrx_word' id='word_1_1' title='bbox 143 187 220 223; x_wconf 62' lang='lat'><strong>§.³122</strong></span> <span class='ocrx_word' id='word_1_2' title='bbox 648 180 838 216; x_wconf 86' lang='lat' dir='ltr'><strong>LETTRE</strong></span> <span class='ocrx_word' id='word_1_3' title='bbox 866 178 1177 224; x_wconf 88' lang='lat' dir='ltr'><strong>ENCYCLIQUE</strong></span> <span class='ocrx_word' id='word_1_4' title='bbox 1206 178 1273 212; x_wconf 80' lang='lat' dir='ltr'><strong>DE</strong></span> <span class='ocrx_word' id='word_1_5' title='bbox 1302 177 1380 212; x_wconf 77' lang='lat' dir='ltr'><strong>PIE</strong></span> <span class='ocrx_word' id='word_1_6' title='bbox 1409 175 1481 211; x_wconf 86' lang='lat' dir='ltr'><strong>IX.</strong></span> 
     </span>
    </p>
   </div>
   <div class='ocr_carea' id='block_1_2' title="bbox 146 261 1994 778">
    <p class='ocr_par' dir='ltr' id='par_1_2' title="bbox 146 261 1994 778">
     <span class='ocr_line' id='line_1_2' title="bbox 148 261 1981 327; baseline -0.005 -13"><span class='ocrx_word' id='word_1_7' title='bbox 148 273 336 315; x_wconf 85' lang='lat' dir='ltr'><strong>instituta</strong></span> <span class='ocrx_word' id='word_1_8' title='bbox 364 285 453 327; x_wconf 62' lang='lat' dir='ltr'><strong>quse</strong></span> <span class='ocrx_word' id='word_1_9' title='bbox 488 269 572 310; x_wconf 87' lang='lat' dir='ltr'><strong>sive</strong></span> <span class='ocrx_word' id='word_1_10' title='bbox 591 268 645 309; x_wconf 85' lang='lat' dir='ltr'><strong>ad</strong></span> <span class='ocrx_word' id='word_1_11' title='bbox 667 267 879 325; x_wconf 82' lang='lat' dir='ltr'><strong>religionis</strong></span> <span class='ocrx_word' id='word_1_12' title='bbox 912 265 1124 316; x_wconf 76' lang='lat' dir='ltr'><strong>exercitia,</strong></span> <span class='ocrx_word' id='word_1_13' title='bbox 1155 265 1238 306; x_wconf 72' lang='lat' dir='ltr'><strong>sive</strong></span> <span class='ocrx_word' id='word_1_14' title='bbox 1267 262 1316 304; x_wconf 85' lang='lat' dir='ltr'><strong>ad</strong></span> <span class='ocrx_word' id='word_1_15' title='bbox 1352 261 1645 303; x_wconf 85' lang='lat' dir='ltr'><strong>educationem</strong></span> <span class='ocrx_word' id='word_1_16' title='bbox 1671 261 1914 316; x_wconf 82' lang='lat' dir='ltr'><strong>juventutis,</strong></span> <span class='ocrx_word' id='word_1_17' title='bbox 1941 275 1981 305; x_wconf 88' lang='lat' dir='ltr'><strong>et</strong></span> 
     </span>
     <span class='ocr_line' id='line_1_3' title="bbox 148 325 1984 391; baseline -0.005 -12"><span class='ocrx_word' id='word_1_18' title='bbox 148 339 324 390; x_wconf 77' lang='lat' dir='ltr'><strong>litteras,</strong></span> <span class='ocrx_word' id='word_1_19' title='bbox 347 346 472 383; x_wconf 79' lang='lat' dir='ltr'><strong>arteS,</strong></span> <span class='ocrx_word' id='word_1_20' title='bbox 500 333 738 391; x_wconf 83' lang='lat' dir='ltr'><strong>disciplinas</strong></span> <span class='ocrx_word' id='word_1_21' title='bbox 761 333 840 373; x_wconf 89' lang='lat' dir='ltr'><strong>rite</strong></span> <span class='ocrx_word' id='word_1_22' title='bbox 862 330 1130 382; x_wconf 77' lang='lat' dir='ltr'><strong>excolendas,</strong></span> <span class='ocrx_word' id='word_1_23' title='bbox 1165 329 1248 370; x_wconf 74' lang='lat' dir='ltr'><strong>sive</strong></span> <span class='ocrx_word' id='word_1_24' title='bbox 1275 327 1325 368; x_wconf 80' lang='lat' dir='ltr'><strong>ad</strong></span> <span class='ocrx_word' id='word_1_25' title='bbox 1349 326 1599 367; x_wconf 73' lang='lat' dir='ltr'><strong>miserorum</strong></span> <span class='ocrx_word' id='word_1_26' title='bbox 1630 325 1914 383; x_wconf 72' lang='lat' dir='ltr'><strong>agritudines,</strong></span> <span class='ocrx_word' id='word_1_27' title='bbox 1945 339 1984 369; x_wconf 87' lang='lat' dir='ltr'><strong>et</strong></span> 
     </span>
     <span class='ocr_line' id='line_1_4' title="bbox 150 390 1986 460; baseline -0.006 -16"><span class='ocrx_word' id='word_1_28' title='bbox 150 400 403 460; x_wconf 71' lang='lat' dir='ltr'><strong>indigentias</strong></span> <span class='ocrx_word' id='word_1_29' title='bbox 432 397 710 441; x_wconf 86' lang='lat' dir='ltr'><strong>sublevandas</strong></span> <span class='ocrx_word' id='word_1_30' title='bbox 731 406 973 454; x_wconf 85' lang='lat' dir='ltr'><strong>comparata</strong></span> <span class='ocrx_word' id='word_1_31' title='bbox 994 405 1105 436; x_wconf 88' lang='lat' dir='ltr'><strong>sunt.</strong></span> <span class='ocrx_word' id='word_1_32' title='bbox 1136 395 1236 435; x_wconf 71' lang='lat' dir='ltr'><strong>Hzrc</strong></span> <span class='ocrx_word' id='word_1_33' title='bbox 1255 393 1381 451; x_wconf 77' lang='lat' dir='ltr'><strong>igitur</strong></span> <span class='ocrx_word' id='word_1_34' title='bbox 1406 391 1549 432; x_wconf 79' lang='lat' dir='ltr'><strong>divina</strong></span> <span class='ocrx_word' id='word_1_35' title='bbox 1571 390 1735 449; x_wconf 81' lang='lat' dir='ltr'><strong>religio,</strong></span> <span class='ocrx_word' id='word_1_36' title='bbox 1754 390 1796 431; x_wconf 90' lang='lat' dir='ltr'><strong>in</strong></span> <span class='ocrx_word' id='word_1_37' title='bbox 1821 406 1901 448; x_wconf 90' lang='lat' dir='ltr'><strong>qua</strong></span> <span class='ocrx_word' id='word_1_38' title='bbox 1923 403 1986 433; x_wconf 88' lang='lat' dir='ltr'><strong>tot</strong></span> 
     </span>
     <span class='ocr_line' id='line_1_5' title="bbox 148 455 1987 526; baseline -0.005 -18"><span class='ocrx_word' id='word_1_39' title='bbox 148 467 321 526; x_wconf 88' lang='lat' dir='ltr'><strong>quidem</strong></span> <span class='ocrx_word' id='word_1_40' title='bbox 338 465 581 507; x_wconf 83' lang='lat' dir='ltr'><strong>nominibus</strong></span> <span class='ocrx_word' id='word_1_41' title='bbox 596 462 722 504; x_wconf 76' lang='lat' dir='ltr'><strong>Italia¹</strong></span> <span class='ocrx_word' id='word_1_42' title='bbox 738 461 860 511; x_wconf 88' lang='lat' dir='ltr'><strong>salus,</strong></span> <span class='ocrx_word' id='word_1_43' title='bbox 882 459 1057 501; x_wconf 74' lang='lat' dir='ltr'><strong>felicitas</strong></span> <span class='ocrx_word' id='word_1_44' title='bbox 1076 471 1117 501; x_wconf 90' lang='lat' dir='ltr'><strong>et</strong></span> <span class='ocrx_word' id='word_1_45' title='bbox 1130 459 1260 518; x_wconf 85' lang='lat' dir='ltr'><strong>gloria</strong></span> <span class='ocrx_word' id='word_1_46' title='bbox 1282 456 1535 507; x_wconf 80' lang='lat' dir='ltr'><strong>continetur,</strong></span> <span class='ocrx_word' id='word_1_47' title='bbox 1558 457 1646 497; x_wconf 77' lang='lat' dir='ltr'><strong>haec</strong></span> <span class='ocrx_word' id='word_1_48' title='bbox 1665 455 1820 497; x_wconf 86' lang='lat' dir='ltr'><strong>scilicet</strong></span> <span class='ocrx_word' id='word_1_49' title='bbox 1841 456 1987 516; x_wconf 85' lang='lat' dir='ltr'><strong>religio</strong></span> 
     </span>
     <span class='ocr_line' id='line_1_6' title="bbox 146 521 1987 589; baseline -0.005 -15"><span class='ocrx_word' id='word_1_50' title='bbox 146 533 219 575; x_wconf 86' lang='lat' dir='ltr'><strong>illa</strong></span> <span class='ocrx_word' id='word_1_51' title='bbox 238 543 315 583; x_wconf 90' lang='lat' dir='ltr'><strong>est,</strong></span> <span class='ocrx_word' id='word_1_52' title='bbox 337 546 463 589; x_wconf 89' lang='lat' dir='ltr'><strong>quam</strong></span> <span class='ocrx_word' id='word_1_53' title='bbox 484 531 536 570; x_wconf 81' lang='lat' dir='ltr'><strong>ab</strong></span> <span class='ocrx_word' id='word_1_54' title='bbox 554 527 682 569; x_wconf 75' lang='lat' dir='ltr'><strong>Italiae</strong></span> <span class='ocrx_word' id='word_1_55' title='bbox 700 525 865 584; x_wconf 87' lang='lat' dir='ltr'><strong>populis</strong></span> <span class='ocrx_word' id='word_1_56' title='bbox 881 523 1151 578; x_wconf 86' lang='lat' dir='ltr'><strong>rejiciendam</strong></span> <span class='ocrx_word' id='word_1_57' title='bbox 1170 523 1413 564; x_wconf 66' lang='lat' dir='ltr'><strong>inclamant,</strong></span> <span class='ocrx_word' id='word_1_58' title='bbox 1440 523 1666 580; x_wconf 66' lang='lat' dir='ltr'><strong>Lacr-ymas</strong></span> <span class='ocrx_word' id='word_1_59' title='bbox 1685 521 1883 564; x_wconf 84' lang='lat' dir='ltr'><strong>cohibere</strong></span> <span class='ocrx_word' id='word_1_60' title='bbox 1901 538 1987 565; x_wconf 90' lang='lat' dir='ltr'><strong>non</strong></span> 
     </span>
     <span class='ocr_line' id='line_1_7' title="bbox 153 586 1987 656; baseline -0.006 -17"><span class='ocrx_word' id='word_1_61' title='bbox 153 612 387 656; x_wconf 84' lang='lat' dir='ltr'><strong>possumus,</strong></span> <span class='ocrx_word' id='word_1_62' title='bbox 409 592 681 635; x_wconf 70' lang='lat' dir='ltr'><strong>venerabiles</strong></span> <span class='ocrx_word' id='word_1_63' title='bbox 702 593 882 641; x_wconf 82' lang='lat' dir='ltr'><strong>Fratres,</strong></span> <span class='ocrx_word' id='word_1_64' title='bbox 909 589 1009 630; x_wconf 90' lang='lat' dir='ltr'><strong>dum</strong></span> <span class='ocrx_word' id='word_1_65' title='bbox 1028 589 1307 647; x_wconf 85' lang='lat' dir='ltr'><strong>conspicimus</strong></span> <span class='ocrx_word' id='word_1_66' title='bbox 1332 587 1494 644; x_wconf 83' lang='lat' dir='ltr'><strong>aliquos</strong></span> <span class='ocrx_word' id='word_1_67' title='bbox 1513 602 1623 628; x_wconf 89' lang='lat' dir='ltr'><strong>nunc</strong></span> <span class='ocrx_word' id='word_1_68' title='bbox 1647 587 1775 628; x_wconf 87' lang='lat' dir='ltr'><strong>Italos</strong></span> <span class='ocrx_word' id='word_1_69' title='bbox 1796 586 1987 644; x_wconf 88' lang='lat' dir='ltr'><strong>reperiri,</strong></span> 
     </span>
     <span class='ocr_line' id='line_1_8' title="bbox 152 651 1994 721; baseline -0.005 -17"><span class='ocrx_word' id='word_1_70' title='bbox 152 662 374 721; x_wconf 87' lang='lat' dir='ltr'><strong>improbos</strong></span> <span class='ocrx_word' id='word_1_71' title='bbox 404 659 534 710; x_wconf 89' lang='lat' dir='ltr'><strong>adeo,</strong></span> <span class='ocrx_word' id='word_1_72' title='bbox 567 657 803 713; x_wconf 79' lang='lat' dir='ltr'><strong>misereque</strong></span> <span class='ocrx_word' id='word_1_73' title='bbox 828 655 986 705; x_wconf 82' lang='lat' dir='ltr'><strong>illusos,</strong></span> <span class='ocrx_word' id='word_1_74' title='bbox 1012 665 1059 695; x_wconf 85' lang='lat' dir='ltr'><strong>ut</strong></span> <span class='ocrx_word' id='word_1_75' title='bbox 1086 653 1223 711; x_wconf 72' lang='lat' dir='ltr'><strong>pravis</strong></span> <span class='ocrx_word' id='word_1_76' title='bbox 1246 651 1472 710; x_wconf 88' lang='lat' dir='ltr'><strong>impiorum</strong></span> <span class='ocrx_word' id='word_1_77' title='bbox 1498 653 1722 693; x_wconf 84' lang='lat' dir='ltr'><strong>hominum</strong></span> <span class='ocrx_word' id='word_1_78' title='bbox 1746 651 1994 709; x_wconf 82' lang='lat' dir='ltr'><strong>plaudentes</strong></span> 
     </span>
     <span class='ocr_line' id='line_1_9' title="bbox 158 716 1991 778; baseline -0.005 -8"><span class='ocrx_word' id='word_1_79' title='bbox 158 727 374 777; x_wconf 79' lang='lat' dir='ltr'><strong>doctrinis,</strong></span> <span class='ocrx_word' id='word_1_80' title='bbox 404 725 447 765; x_wconf 90' lang='lat' dir='ltr'><strong>in</strong></span> <span class='ocrx_word' id='word_1_81' title='bbox 473 734 636 764; x_wconf 83' lang='lat' dir='ltr'><strong>tantam</strong></span> <span class='ocrx_word' id='word_1_82' title='bbox 663 720 791 764; x_wconf 55' lang='lat' dir='ltr'><strong>Italia*</strong></span> <span class='ocrx_word' id='word_1_83' title='bbox 813 719 1046 778; x_wconf 89' lang='lat' dir='ltr'><strong>perniciem</strong></span> <span class='ocrx_word' id='word_1_84' title='bbox 1069 717 1311 776; x_wconf 85' lang='lat' dir='ltr'><strong>conspirare</strong></span> <span class='ocrx_word' id='word_1_85' title='bbox 1338 732 1432 758; x_wconf 86' lang='lat' dir='ltr'><strong>cum</strong></span> <span class='ocrx_word' id='word_1_86' title='bbox 1462 716 1559 775; x_wconf 85' lang='lat' dir='ltr'><strong>ipsis</strong></span> <span class='ocrx_word' id='word_1_87' title='bbox 1582 733 1673 758; x_wconf 88' lang='lat' dir='ltr'><strong>non</strong></span> <span class='ocrx_word' id='word_1_88' title='bbox 1697 716 1991 760; x_wconf 85' lang='lat' dir='ltr'><strong>reformidant.</strong></span> 
     </span>
    </p>
   </div>
   <div class='ocr_carea' id='block_1_3' title="bbox 162 887 2016 2120">
    <p class='ocr_par' dir='ltr' id='par_1_3' title="bbox 162 887 2016 2120">
     <span class='ocr_line' id='line_1_10' title="bbox 217 887 1996 952; baseline -0.004 -13"><span class='ocrx_word' id='word_1_89' title='bbox 217 896 297 939; x_wconf 87' lang='lat' dir='ltr'><strong>Sed</strong></span> <span class='ocrx_word' id='word_1_90' title='bbox 321 911 424 938; x_wconf 79' lang='lat' dir='ltr'><strong>vero</strong></span> <span class='ocrx_word' id='word_1_91' title='bbox 441 895 633 952; x_wconf 84' lang='lat' dir='ltr'><strong>ignotum</strong></span> <span class='ocrx_word' id='word_1_92' title='bbox 651 890 773 933; x_wconf 84' lang='lat' dir='ltr'><strong>vobis</strong></span> <span class='ocrx_word' id='word_1_93' title='bbox 790 906 877 931; x_wconf 89' lang='lat' dir='ltr'><strong>non</strong></span> <span class='ocrx_word' id='word_1_94' title='bbox 899 900 974 940; x_wconf 91' lang='lat' dir='ltr'><strong>est,</strong></span> <span class='ocrx_word' id='word_1_95' title='bbox 996 887 1272 930; x_wconf 83' lang='lat' dir='ltr'><strong>Venerabiles</strong></span> <span class='ocrx_word' id='word_1_96' title='bbox 1297 889 1478 940; x_wconf 77' lang='lat' dir='ltr'><strong>Fratres,</strong></span> <span class='ocrx_word' id='word_1_97' title='bbox 1499 889 1731 948; x_wconf 69' lang='lat' dir='ltr'><strong>prfecipuos</strong></span> <span class='ocrx_word' id='word_1_98' title='bbox 1751 889 1844 931; x_wconf 90' lang='lat' dir='ltr'><strong>illos</strong></span> <span class='ocrx_word' id='word_1_99' title='bbox 1869 890 1996 945; x_wconf 89' lang='lat' dir='ltr'><strong>hujus</strong></span> 
     </span>
     <span class='ocr_line' id='line_1_11' title="bbox 163 952 1995 1012; baseline -0.004 -7"><span class='ocrx_word' id='word_1_100' title='bbox 163 961 458 1005; x_wconf 52' lang='lat' dir='ltr'><strong>scelestissima)</strong></span> <span class='ocrx_word' id='word_1_101' title='bbox 479 954 805 1000; x_wconf 80' lang='lat' dir='ltr'><strong>machinationis</strong></span> <span class='ocrx_word' id='word_1_102' title='bbox 824 954 1074 995; x_wconf 84' lang='lat' dir='ltr'><strong>architectos</strong></span> <span class='ocrx_word' id='word_1_103' title='bbox 1096 969 1146 994; x_wconf 86' lang='lat' dir='ltr'><strong>eo</strong></span> <span class='ocrx_word' id='word_1_104' title='bbox 1170 952 1343 993; x_wconf 85' lang='lat' dir='ltr'><strong>tandem</strong></span> <span class='ocrx_word' id='word_1_105' title='bbox 1374 964 1577 1010; x_wconf 85' lang='lat' dir='ltr'><strong>spectare,</strong></span> <span class='ocrx_word' id='word_1_106' title='bbox 1605 965 1651 995; x_wconf 87' lang='lat' dir='ltr'><strong>ut</strong></span> <span class='ocrx_word' id='word_1_107' title='bbox 1678 959 1854 1012; x_wconf 88' lang='lat' dir='ltr'><strong>populos</strong></span> <span class='ocrx_word' id='word_1_108' title='bbox 1878 954 1995 997; x_wconf 88' lang='lat' dir='ltr'><strong>omni</strong></span> 
     </span>
     <span class='ocr_line' id='line_1_12' title="bbox 162 1016 1995 1087; baseline -0.004 -18"><span class='ocrx_word' id='word_1_109' title='bbox 162 1040 455 1087; x_wconf 80' lang='lat' dir='ltr'><strong>perversarum</strong></span> <span class='ocrx_word' id='word_1_110' title='bbox 476 1021 768 1064; x_wconf 85' lang='lat' dir='ltr'><strong>doctrinarum</strong></span> <span class='ocrx_word' id='word_1_111' title='bbox 792 1031 918 1060; x_wconf 86' lang='lat' dir='ltr'><strong>vento</strong></span> <span class='ocrx_word' id='word_1_112' title='bbox 953 1018 1150 1076; x_wconf 85' lang='lat' dir='ltr'><strong>agitatOS,</strong></span> <span class='ocrx_word' id='word_1_113' title='bbox 1180 1016 1234 1057; x_wconf 90' lang='lat' dir='ltr'><strong>ad</strong></span> <span class='ocrx_word' id='word_1_114' title='bbox 1265 1017 1585 1060; x_wconf 81' lang='lat' dir='ltr'><strong>subversionem</strong></span> <span class='ocrx_word' id='word_1_115' title='bbox 1613 1019 1833 1076; x_wconf 85' lang='lat' dir='ltr'><strong>impellant</strong></span> <span class='ocrx_word' id='word_1_116' title='bbox 1867 1019 1995 1061; x_wconf 87' lang='lat' dir='ltr'><strong>totius</strong></span> 
     </span>
     <span class='ocr_line' id='line_1_13' title="bbox 165 1080 2000 1141; baseline -0.005 -7"><span class='ocrx_word' id='word_1_117' title='bbox 165 1091 330 1135; x_wconf 89' lang='lat' dir='ltr'><strong>ordinis</strong></span> <span class='ocrx_word' id='word_1_118' title='bbox 344 1092 625 1131; x_wconf 85' lang='lat' dir='ltr'><strong>humanarum</strong></span> <span class='ocrx_word' id='word_1_119' title='bbox 643 1101 801 1138; x_wconf 89' lang='lat' dir='ltr'><strong>rerum,</strong></span> <span class='ocrx_word' id='word_1_120' title='bbox 824 1096 948 1141; x_wconf 80' lang='lat' dir='ltr'><strong>atque</strong></span> <span class='ocrx_word' id='word_1_121' title='bbox 968 1083 1022 1124; x_wconf 90' lang='lat' dir='ltr'><strong>ad</strong></span> <span class='ocrx_word' id='word_1_122' title='bbox 1043 1080 1204 1123; x_wconf 73' lang='lat' dir='ltr'><strong>nefaria</strong></span> <span class='ocrx_word' id='word_1_123' title='bbox 1231 1081 1328 1122; x_wconf 66' lang='lat' dir='ltr'><strong>novi</strong></span> <span class='ocrx_word' id='word_1_124' title='bbox 1355 1082 1602 1123; x_wconf 74' lang='lat' dir='ltr'><strong>Socialismi</strong></span> <span class='ocrx_word' id='word_1_125' title='bbox 1627 1095 1667 1124; x_wconf 91' lang='lat' dir='ltr'><strong>et</strong></span> <span class='ocrx_word' id='word_1_126' title='bbox 1692 1083 2000 1125; x_wconf 68' lang='lat' dir='ltr'><strong>Conmnnufsmz·</strong></span> 
     </span>
     <span class='ocr_line' id='line_1_14' title="bbox 167 1146 2000 1216; baseline -0.005 -18"><span class='ocrx_word' id='word_1_127' title='bbox 167 1166 388 1216; x_wconf 82' lang='lat' dir='ltr'><strong>systemata</strong></span> <span class='ocrx_word' id='word_1_128' title='bbox 418 1153 657 1194; x_wconf 81' lang='lat' dir='ltr'><strong>traducant.</strong></span> <span class='ocrx_word' id='word_1_129' title='bbox 693 1151 865 1191; x_wconf 87' lang='lat' dir='ltr'><strong>Norunt</strong></span> <span class='ocrx_word' id='word_1_130' title='bbox 897 1158 1038 1189; x_wconf 86' lang='lat' dir='ltr'><strong>autem</strong></span> <span class='ocrx_word' id='word_1_131' title='bbox 1070 1158 1110 1187; x_wconf 87' lang='lat' dir='ltr'><strong>et</strong></span> <span class='ocrx_word' id='word_1_132' title='bbox 1135 1146 1265 1203; x_wconf 88' lang='lat' dir='ltr'><strong>longo</strong></span> <span class='ocrx_word' id='word_1_133' title='bbox 1295 1146 1523 1188; x_wconf 86' lang='lat' dir='ltr'><strong>multorum</strong></span> <span class='ocrx_word' id='word_1_134' title='bbox 1557 1148 1793 1189; x_wconf 89' lang='lat' dir='ltr'><strong>seculorum</strong></span> <span class='ocrx_word' id='word_1_135' title='bbox 1834 1149 2000 1206; x_wconf 76' lang='lat' dir='ltr'><strong>experi-</strong></span> 
     </span>
     <span class='ocr_line' id='line_1_15' title="bbox 167 1210 2003 1276; baseline -0.005 -12"><span class='ocrx_word' id='word_1_136' title='bbox 167 1233 312 1265; x_wconf 86' lang='lat' dir='ltr'><strong>mento</strong></span> <span class='ocrx_word' id='word_1_137' title='bbox 344 1218 668 1276; x_wconf 80' lang='lat' dir='ltr'><strong>comprobatum</strong></span> <span class='ocrx_word' id='word_1_138' title='bbox 699 1215 860 1266; x_wconf 87' lang='lat' dir='ltr'><strong>vident,</strong></span> <span class='ocrx_word' id='word_1_139' title='bbox 900 1212 1059 1254; x_wconf 88' lang='lat' dir='ltr'><strong>nullam</strong></span> <span class='ocrx_word' id='word_1_140' title='bbox 1095 1210 1172 1252; x_wconf 79' lang='lat' dir='ltr'><strong>sibi</strong></span> <span class='ocrx_word' id='word_1_141' title='bbox 1210 1210 1535 1253; x_wconf 79' lang='lat' dir='ltr'><strong>consensionem</strong></span> <span class='ocrx_word' id='word_1_142' title='bbox 1565 1212 1725 1270; x_wconf 89' lang='lat' dir='ltr'><strong>sperari</strong></span> <span class='ocrx_word' id='word_1_143' title='bbox 1757 1228 1875 1270; x_wconf 90' lang='lat' dir='ltr'><strong>posse</strong></span> <span class='ocrx_word' id='word_1_144' title='bbox 1907 1229 2003 1254; x_wconf 91' lang='lat' dir='ltr'><strong>cum</strong></span> 
     </span>
     <span class='ocr_line' id='line_1_16' title="bbox 169 1274 1998 1338; baseline -0.004 -12"><span class='ocrx_word' id='word_1_145' title='bbox 169 1285 355 1330; x_wconf 85' lang='lat' dir='ltr'><strong>Ecclesia</strong></span> <span class='ocrx_word' id='word_1_146' title='bbox 383 1281 605 1333; x_wconf 83' lang='lat' dir='ltr'><strong>catholica,</strong></span> <span class='ocrx_word' id='word_1_147' title='bbox 639 1296 729 1338; x_wconf 81' lang='lat' dir='ltr'><strong>quae</strong></span> <span class='ocrx_word' id='word_1_148' title='bbox 762 1277 919 1320; x_wconf 87' lang='lat' dir='ltr'><strong>scilicet</strong></span> <span class='ocrx_word' id='word_1_149' title='bbox 948 1277 990 1318; x_wconf 91' lang='lat' dir='ltr'><strong>in</strong></span> <span class='ocrx_word' id='word_1_150' title='bbox 1016 1274 1298 1318; x_wconf 87' lang='lat' dir='ltr'><strong>custodiendo</strong></span> <span class='ocrx_word' id='word_1_151' title='bbox 1330 1274 1481 1316; x_wconf 82' lang='lat' dir='ltr'><strong>divinae</strong></span> <span class='ocrx_word' id='word_1_152' title='bbox 1510 1276 1779 1317; x_wconf 85' lang='lat' dir='ltr'><strong>revelationis</strong></span> <span class='ocrx_word' id='word_1_153' title='bbox 1803 1277 1998 1335; x_wconf 86' lang='lat' dir='ltr'><strong>deposito</strong></span> 
     </span>
     <span class='ocr_line' id='line_1_17' title="bbox 169 1340 2003 1407; baseline -0.005 -13"><span class='ocrx_word' id='word_1_154' title='bbox 169 1352 275 1395; x_wconf 90' lang='lat' dir='ltr'><strong>nihil</strong></span> <span class='ocrx_word' id='word_1_155' title='bbox 299 1364 486 1407; x_wconf 86' lang='lat' dir='ltr'><strong>unquam</strong></span> <span class='ocrx_word' id='word_1_156' title='bbox 507 1346 672 1389; x_wconf 86' lang='lat' dir='ltr'><strong>detrahi</strong></span> <span class='ocrx_word' id='word_1_157' title='bbox 698 1344 855 1404; x_wconf 87' lang='lat' dir='ltr'><strong>patitur</strong></span> <span class='ocrx_word' id='word_1_158' title='bbox 879 1341 1105 1402; x_wconf 84' lang='lat' dir='ltr'><strong>propositis</strong></span> <span class='ocrx_word' id='word_1_159' title='bbox 1134 1340 1232 1382; x_wconf 86' lang='lat' dir='ltr'><strong>fidei</strong></span> <span class='ocrx_word' id='word_1_160' title='bbox 1266 1340 1526 1392; x_wconf 80' lang='lat' dir='ltr'><strong>veritatibus,</strong></span> <span class='ocrx_word' id='word_1_161' title='bbox 1553 1341 1660 1382; x_wconf 89' lang='lat' dir='ltr'><strong>nihil</strong></span> <span class='ocrx_word' id='word_1_162' title='bbox 1688 1341 1769 1382; x_wconf 92' lang='lat' dir='ltr'><strong>illis</strong></span> <span class='ocrx_word' id='word_1_163' title='bbox 1794 1357 1870 1399; x_wconf 85' lang='lat' dir='ltr'><strong>per</strong></span> <span class='ocrx_word' id='word_1_164' title='bbox 1893 1358 2003 1384; x_wconf 85' lang='lat' dir='ltr'><strong>nova</strong></span> 
     </span>
     <span class='ocr_line' id='line_1_18' title="bbox 167 1405 2006 1465; baseline -0.007 -5"><span class='ocrx_word' id='word_1_165' title='bbox 167 1416 393 1461; x_wconf 88' lang='lat' dir='ltr'><strong>hominum</strong></span> <span class='ocrx_word' id='word_1_166' title='bbox 427 1422 667 1456; x_wconf 86' lang='lat' dir='ltr'><strong>commenta</strong></span> <span class='ocrx_word' id='word_1_167' title='bbox 699 1408 937 1452; x_wconf 86' lang='lat' dir='ltr'><strong>admisceri.</strong></span> <span class='ocrx_word' id='word_1_168' title='bbox 973 1407 1138 1449; x_wconf 85' lang='lat' dir='ltr'><strong>Idcirco</strong></span> <span class='ocrx_word' id='word_1_169' title='bbox 1166 1405 1388 1447; x_wconf 90' lang='lat' dir='ltr'><strong>consilium</strong></span> <span class='ocrx_word' id='word_1_170' title='bbox 1423 1405 1607 1448; x_wconf 88' lang='lat' dir='ltr'><strong>inierunt</strong></span> <span class='ocrx_word' id='word_1_171' title='bbox 1634 1406 1686 1448; x_wconf 90' lang='lat' dir='ltr'><strong>de</strong></span> <span class='ocrx_word' id='word_1_172' title='bbox 1706 1405 1820 1448; x_wconf 90' lang='lat' dir='ltr'><strong>Italis</strong></span> <span class='ocrx_word' id='word_1_173' title='bbox 1838 1406 2006 1465; x_wconf 85' lang='lat' dir='ltr'><strong>populis</strong></span> 
     </span>
     <span class='ocr_line' id='line_1_19' title="bbox 170 1469 2011 1531; baseline 0.003 -23"><span class='ocrx_word' id='word_1_174' title='bbox 170 1479 444 1525; x_wconf 75' lang='lat' dir='ltr'><strong>traducendiS</strong></span> <span class='ocrx_word' id='word_1_175' title='bbox 474 1478 528 1520; x_wconf 72' lang='lat' dir='ltr'><strong>ad</strong></span> <span class='ocrx_word' id='word_1_176' title='bbox 558 1475 888 1519; x_wconf 74' lang='lat' dir='ltr'><strong>protestantium</strong></span> <span class='ocrx_word' id='word_1_177' title='bbox 921 1472 1073 1531; x_wconf 86' lang='lat' dir='ltr'><strong>placita</strong></span> <span class='ocrx_word' id='word_1_178' title='bbox 1111 1483 1153 1513; x_wconf 92' lang='lat' dir='ltr'><strong>et</strong></span> <span class='ocrx_word' id='word_1_179' title='bbox 1184 1469 1500 1525; x_wconf 73' lang='lat' dir='ltr'><strong>conventicula,</strong></span> <span class='ocrx_word' id='word_1_180' title='bbox 1541 1470 1584 1512; x_wconf 89' lang='lat' dir='ltr'><strong>in</strong></span> <span class='ocrx_word' id='word_1_181' title='bbox 1621 1470 1799 1528; x_wconf 87' lang='lat' dir='ltr'><strong>quibus,</strong></span> <span class='ocrx_word' id='word_1_182' title='bbox 1833 1482 1881 1513; x_wconf 92' lang='lat' dir='ltr'><strong>ut</strong></span> <span class='ocrx_word' id='word_1_183' title='bbox 1917 1471 2011 1514; x_wconf 92' lang='lat' dir='ltr'><strong>illos</strong></span> 
     </span>
     <span class='ocr_line' id='line_1_20' title="bbox 173 1535 2012 1605; baseline -0.006 -16"><span class='ocrx_word' id='word_1_184' title='bbox 173 1545 400 1605; x_wconf 80' lang='lat' dir='ltr'><strong>decipiant,</strong></span> <span class='ocrx_word' id='word_1_185' title='bbox 427 1559 514 1584; x_wconf 91' lang='lat' dir='ltr'><strong>non</strong></span> <span class='ocrx_word' id='word_1_186' title='bbox 545 1541 660 1583; x_wconf 87' lang='lat' dir='ltr'><strong>aliud</strong></span> <span class='ocrx_word' id='word_1_187' title='bbox 691 1556 779 1582; x_wconf 91' lang='lat' dir='ltr'><strong>esse</strong></span> <span class='ocrx_word' id='word_1_188' title='bbox 808 1538 1017 1588; x_wconf 84' lang='lat' dir='ltr'><strong>dictitant,</strong></span> <span class='ocrx_word' id='word_1_189' title='bbox 1047 1551 1174 1594; x_wconf 81' lang='lat' dir='ltr'><strong>quam</strong></span> <span class='ocrx_word' id='word_1_190' title='bbox 1195 1535 1403 1577; x_wconf 84' lang='lat' dir='ltr'><strong>diversam</strong></span> <span class='ocrx_word' id='word_1_191' title='bbox 1429 1551 1535 1577; x_wconf 64' lang='lat' dir='ltr'><strong>verae</strong></span> <span class='ocrx_word' id='word_1_192' title='bbox 1561 1536 1749 1592; x_wconf 88' lang='lat' dir='ltr'><strong>ejusdem</strong></span> <span class='ocrx_word' id='word_1_193' title='bbox 1778 1536 2012 1578; x_wconf 74' lang='lat' dir='ltr'><strong>christianae</strong></span> 
     </span>
     <span class='ocr_line' id='line_1_21' title="bbox 175 1599 2010 1670; baseline -0.006 -16"><span class='ocrx_word' id='word_1_194' title='bbox 175 1610 390 1670; x_wconf 77' lang='lat' dir='ltr'><strong>religionis</strong></span> <span class='ocrx_word' id='word_1_195' title='bbox 410 1608 608 1660; x_wconf 82' lang='lat' dir='ltr'><strong>formam,</strong></span> <span class='ocrx_word' id='word_1_196' title='bbox 624 1605 665 1646; x_wconf 90' lang='lat' dir='ltr'><strong>in</strong></span> <span class='ocrx_word' id='word_1_197' title='bbox 681 1621 781 1663; x_wconf 88' lang='lat' dir='ltr'><strong>qua,</strong></span> <span class='ocrx_word' id='word_1_198' title='bbox 794 1619 912 1661; x_wconf 66' lang='lat' dir='ltr'><strong>reque</strong></span> <span class='ocrx_word' id='word_1_199' title='bbox 931 1618 976 1644; x_wconf 90' lang='lat' dir='ltr'><strong>ac</strong></span> <span class='ocrx_word' id='word_1_200' title='bbox 997 1601 1040 1643; x_wconf 89' lang='lat' dir='ltr'><strong>in</strong></span> <span class='ocrx_word' id='word_1_201' title='bbox 1054 1599 1238 1642; x_wconf 88' lang='lat' dir='ltr'><strong>Ecclesia</strong></span> <span class='ocrx_word' id='word_1_202' title='bbox 1253 1600 1475 1652; x_wconf 88' lang='lat' dir='ltr'><strong>catholica,</strong></span> <span class='ocrx_word' id='word_1_203' title='bbox 1491 1602 1582 1642; x_wconf 88' lang='lat' dir='ltr'><strong>Deo</strong></span> <span class='ocrx_word' id='word_1_204' title='bbox 1599 1601 1764 1659; x_wconf 89' lang='lat' dir='ltr'><strong>placere</strong></span> <span class='ocrx_word' id='word_1_205' title='bbox 1779 1601 1926 1643; x_wconf 90' lang='lat' dir='ltr'><strong>datum</strong></span> <span class='ocrx_word' id='word_1_206' title='bbox 1941 1602 2010 1643; x_wconf 90' lang='lat' dir='ltr'><strong>sit.</strong></span> 
     </span>
     <span class='ocr_line' id='line_1_22' title="bbox 174 1664 2013 1729; baseline -0.007 -9"><span class='ocrx_word' id='word_1_207' title='bbox 174 1680 342 1720; x_wconf 77' lang='lat' dir='ltr'><strong>Interea</strong></span> <span class='ocrx_word' id='word_1_208' title='bbox 359 1673 533 1716; x_wconf 88' lang='lat' dir='ltr'><strong>minime</strong></span> <span class='ocrx_word' id='word_1_209' title='bbox 550 1673 765 1729; x_wconf 85' lang='lat' dir='ltr'><strong>ignorant,</strong></span> <span class='ocrx_word' id='word_1_210' title='bbox 779 1669 1047 1727; x_wconf 82' lang='lat' dir='ltr'><strong>profuturum</strong></span> <span class='ocrx_word' id='word_1_211' title='bbox 1065 1680 1332 1724; x_wconf 87' lang='lat' dir='ltr'><strong>summopere</strong></span> <span class='ocrx_word' id='word_1_212' title='bbox 1349 1664 1489 1724; x_wconf 80' lang='lat' dir='ltr'><strong>impiae</strong></span> <span class='ocrx_word' id='word_1_213' title='bbox 1506 1681 1588 1707; x_wconf 84' lang='lat' dir='ltr'><strong>suae</strong></span> <span class='ocrx_word' id='word_1_214' title='bbox 1609 1681 1743 1708; x_wconf 83' lang='lat' dir='ltr'><strong>causae</strong></span> <span class='ocrx_word' id='word_1_215' title='bbox 1757 1665 2013 1724; x_wconf 78' lang='lat' dir='ltr'><strong>principium</strong></span> 
     </span>
     <span class='ocr_line' id='line_1_23' title="bbox 174 1730 2014 1798; baseline -0.007 -14"><span class='ocrx_word' id='word_1_216' title='bbox 174 1743 297 1793; x_wconf 90' lang='lat' dir='ltr'><strong>illud,</strong></span> <span class='ocrx_word' id='word_1_217' title='bbox 311 1739 424 1798; x_wconf 89' lang='lat' dir='ltr'><strong>quod</strong></span> <span class='ocrx_word' id='word_1_218' title='bbox 437 1738 480 1779; x_wconf 88' lang='lat' dir='ltr'><strong>in</strong></span> <span class='ocrx_word' id='word_1_219' title='bbox 496 1734 823 1778; x_wconf 79' lang='lat' dir='ltr'><strong>protestantium</strong></span> <span class='ocrx_word' id='word_1_220' title='bbox 839 1732 1001 1791; x_wconf 85' lang='lat' dir='ltr'><strong>placitis</strong></span> <span class='ocrx_word' id='word_1_221' title='bbox 1011 1732 1268 1789; x_wconf 80' lang='lat' dir='ltr'><strong>praecipuum</strong></span> <span class='ocrx_word' id='word_1_222' title='bbox 1290 1741 1367 1779; x_wconf 89' lang='lat' dir='ltr'><strong>est,</strong></span> <span class='ocrx_word' id='word_1_223' title='bbox 1389 1731 1441 1771; x_wconf 86' lang='lat' dir='ltr'><strong>de</strong></span> <span class='ocrx_word' id='word_1_224' title='bbox 1463 1731 1588 1772; x_wconf 88' lang='lat' dir='ltr'><strong>sacris</strong></span> <span class='ocrx_word' id='word_1_225' title='bbox 1611 1730 1768 1772; x_wconf 89' lang='lat' dir='ltr'><strong>scilicet</strong></span> <span class='ocrx_word' id='word_1_226' title='bbox 1790 1731 2014 1788; x_wconf 85' lang='lat' dir='ltr'><strong>Scripturis</strong></span> 
     </span>
     <span class='ocr_line' id='line_1_24' title="bbox 175 1794 2014 1866; baseline -0.006 -18"><span class='ocrx_word' id='word_1_227' title='bbox 175 1807 339 1866; x_wconf 86' lang='lat' dir='ltr'><strong>privato</strong></span> <span class='ocrx_word' id='word_1_228' title='bbox 369 1802 696 1858; x_wconf 84' lang='lat' dir='ltr'><strong>uniuscujusque</strong></span> <span class='ocrx_word' id='word_1_229' title='bbox 729 1798 891 1855; x_wconf 78' lang='lat' dir='ltr'><strong>judicio</strong></span> <span class='ocrx_word' id='word_1_230' title='bbox 934 1795 1234 1853; x_wconf 86' lang='lat' dir='ltr'><strong>intelligendis.</strong></span> <span class='ocrx_word' id='word_1_231' title='bbox 1270 1794 1437 1836; x_wconf 83' lang='lat' dir='ltr'><strong>Exinde</strong></span> <span class='ocrx_word' id='word_1_232' title='bbox 1469 1795 1584 1836; x_wconf 88' lang='lat' dir='ltr'><strong>enim</strong></span> <span class='ocrx_word' id='word_1_233' title='bbox 1613 1794 1775 1836; x_wconf 87' lang='lat' dir='ltr'><strong>facilius</strong></span> <span class='ocrx_word' id='word_1_234' title='bbox 1809 1795 1889 1836; x_wconf 90' lang='lat' dir='ltr'><strong>sibi</strong></span> <span class='ocrx_word' id='word_1_235' title='bbox 1923 1796 2014 1837; x_wconf 88' lang='lat' dir='ltr'><strong>fore</strong></span> 
     </span>
     <span class='ocr_line' id='line_1_25' title="bbox 177 1860 2010 1925; baseline -0.005 -13"><span class='ocrx_word' id='word_1_236' title='bbox 177 1869 417 1918; x_wconf 82' lang='lat' dir='ltr'><strong>confidunt,</strong></span> <span class='ocrx_word' id='word_1_237' title='bbox 449 1878 495 1908; x_wconf 88' lang='lat' dir='ltr'><strong>ut</strong></span> <span class='ocrx_word' id='word_1_238' title='bbox 521 1866 658 1925; x_wconf 86' lang='lat' dir='ltr'><strong>primo</strong></span> <span class='ocrx_word' id='word_1_239' title='bbox 689 1863 860 1923; x_wconf 89' lang='lat' dir='ltr'><strong>quidem</strong></span> <span class='ocrx_word' id='word_1_240' title='bbox 887 1862 1013 1904; x_wconf 88' lang='lat' dir='ltr'><strong>sacris</strong></span> <span class='ocrx_word' id='word_1_241' title='bbox 1044 1860 1141 1919; x_wconf 88' lang='lat' dir='ltr'><strong>ipsis</strong></span> <span class='ocrx_word' id='word_1_242' title='bbox 1158 1860 1326 1902; x_wconf 86' lang='lat' dir='ltr'><strong>Litteris</strong></span> <span class='ocrx_word' id='word_1_243' title='bbox 1349 1875 1570 1918; x_wconf 88' lang='lat' dir='ltr'><strong>perperam</strong></span> <span class='ocrx_word' id='word_1_244' title='bbox 1593 1860 1881 1918; x_wconf 88' lang='lat' dir='ltr'><strong>interpretatis</strong></span> <span class='ocrx_word' id='word_1_245' title='bbox 1902 1861 2010 1902; x_wconf 83' lang='lat' dir='ltr'><strong>abu-</strong></span> 
     </span>
     <span class='ocr_line' id='line_1_26' title="bbox 178 1923 2011 1986; baseline -0.005 -9"><span class='ocrx_word' id='word_1_246' title='bbox 178 1946 324 1978; x_wconf 87' lang='lat' dir='ltr'><strong>tantur</strong></span> <span class='ocrx_word' id='word_1_247' title='bbox 348 1933 403 1974; x_wconf 87' lang='lat' dir='ltr'><strong>ad</strong></span> <span class='ocrx_word' id='word_1_248' title='bbox 424 1947 589 1974; x_wconf 89' lang='lat' dir='ltr'><strong>errores</strong></span> <span class='ocrx_word' id='word_1_249' title='bbox 615 1945 726 1981; x_wconf 84' lang='lat' dir='ltr'><strong>suos,</strong></span> <span class='ocrx_word' id='word_1_250' title='bbox 759 1928 875 1986; x_wconf 84' lang='lat' dir='ltr'><strong>quasi</strong></span> <span class='ocrx_word' id='word_1_251' title='bbox 899 1927 978 1969; x_wconf 83' lang='lat' dir='ltr'><strong>Dei</strong></span> <span class='ocrx_word' id='word_1_252' title='bbox 1004 1925 1194 1977; x_wconf 88' lang='lat' dir='ltr'><strong>nomine,</strong></span> <span class='ocrx_word' id='word_1_253' title='bbox 1221 1923 1546 1978; x_wconf 70' lang='lat' dir='ltr'><strong>diffundendos,</strong></span> <span class='ocrx_word' id='word_1_254' title='bbox 1578 1924 1758 1966; x_wconf 90' lang='lat' dir='ltr'><strong>subinde</strong></span> <span class='ocrx_word' id='word_1_255' title='bbox 1791 1936 1932 1967; x_wconf 82' lang='lat' dir='ltr'><strong>autem</strong></span> <span class='ocrx_word' id='word_1_256' title='bbox 1963 1936 2011 1967; x_wconf 93' lang='lat' dir='ltr'><strong>ut</strong></span> 
     </span>
     <span class='ocr_line' id='line_1_27' title="bbox 177 1988 2016 2056; baseline -0.007 -14"><span class='ocrx_word' id='word_1_257' title='bbox 177 2000 372 2044; x_wconf 83' lang='lat' dir='ltr'><strong>homines</strong></span> <span class='ocrx_word' id='word_1_258' title='bbox 386 1997 682 2056; x_wconf 84' lang='lat' dir='ltr'><strong>superbissima</strong></span> <span class='ocrx_word' id='word_1_259' title='bbox 701 1994 771 2035; x_wconf 86' lang='lat' dir='ltr'><strong>illa</strong></span> <span class='ocrx_word' id='word_1_260' title='bbox 787 1994 839 2035; x_wconf 89' lang='lat' dir='ltr'><strong>de</strong></span> <span class='ocrx_word' id='word_1_261' title='bbox 855 1991 1006 2033; x_wconf 75' lang='lat' dir='ltr'><strong>divinis</strong></span> <span class='ocrx_word' id='word_1_262' title='bbox 1023 1992 1149 2032; x_wconf 88' lang='lat' dir='ltr'><strong>rebus</strong></span> <span class='ocrx_word' id='word_1_263' title='bbox 1161 1988 1381 2045; x_wconf 85' lang='lat' dir='ltr'><strong>judicandi</strong></span> <span class='ocrx_word' id='word_1_264' title='bbox 1398 1988 1571 2031; x_wconf 88' lang='lat' dir='ltr'><strong>licentia</strong></span> <span class='ocrx_word' id='word_1_265' title='bbox 1590 1988 1757 2032; x_wconf 86' lang='lat' dir='ltr'><strong>inflatos</strong></span> <span class='ocrx_word' id='word_1_266' title='bbox 1775 1990 2016 2048; x_wconf 88' lang='lat' dir='ltr'><strong>propellant</strong></span> 
     </span>
     <span class='ocr_line' id='line_1_28' title="bbox 179 2053 1777 2120; baseline -0.008 -12"><span class='ocrx_word' id='word_1_267' title='bbox 179 2066 229 2108; x_wconf 85' lang='lat' dir='ltr'><strong>ad</strong></span> <span class='ocrx_word' id='word_1_268' title='bbox 252 2063 495 2107; x_wconf 88' lang='lat' dir='ltr'><strong>communia</strong></span> <span class='ocrx_word' id='word_1_269' title='bbox 516 2061 603 2120; x_wconf 84' lang='lat' dir='ltr'><strong>ipsa</strong></span> <span class='ocrx_word' id='word_1_270' title='bbox 623 2060 740 2116; x_wconf 87' lang='lat' dir='ltr'><strong>justi,</strong></span> <span class='ocrx_word' id='word_1_271' title='bbox 762 2057 1014 2115; x_wconf 87' lang='lat' dir='ltr'><strong>honestique</strong></span> <span class='ocrx_word' id='word_1_272' title='bbox 1033 2055 1242 2115; x_wconf 85' lang='lat' dir='ltr'><strong>principia</strong></span> <span class='ocrx_word' id='word_1_273' title='bbox 1261 2054 1305 2096; x_wconf 89' lang='lat' dir='ltr'><strong>in</strong></span> <span class='ocrx_word' id='word_1_274' title='bbox 1326 2053 1504 2096; x_wconf 87' lang='lat' dir='ltr'><strong>dubium</strong></span> <span class='ocrx_word' id='word_1_275' title='bbox 1523 2055 1777 2097; x_wconf 88' lang='lat' dir='ltr'><strong>revocanda.</strong></span> 
     </span>
    </p>
   </div>
   <div class='ocr_carea' id='block_1_4' title="bbox 180 2125 2027 3026">
    <p class='ocr_par' dir='ltr' id='par_1_4' title="bbox 180 2125 2027 3026">
     <span class='ocr_line' id='line_1_29' title="bbox 237 2125 2017 2184; baseline -0.005 -7"><span class='ocrx_word' id='word_1_276' title='bbox 237 2135 360 2178; x_wconf 89' lang='lat' dir='ltr'><strong>Absit</strong></span> <span class='ocrx_word' id='word_1_277' title='bbox 383 2146 543 2183; x_wconf 80' lang='lat' dir='ltr'><strong>tamen,</strong></span> <span class='ocrx_word' id='word_1_278' title='bbox 566 2131 839 2173; x_wconf 86' lang='lat' dir='ltr'><strong>Venerabiles</strong></span> <span class='ocrx_word' id='word_1_279' title='bbox 859 2131 1040 2179; x_wconf 88' lang='lat' dir='ltr'><strong>Fratres,</strong></span> <span class='ocrx_word' id='word_1_280' title='bbox 1075 2138 1122 2169; x_wconf 87' lang='lat' dir='ltr'><strong>ut</strong></span> <span class='ocrx_word' id='word_1_281' title='bbox 1146 2127 1280 2178; x_wconf 88' lang='lat' dir='ltr'><strong>Italia,</strong></span> <span class='ocrx_word' id='word_1_282' title='bbox 1319 2142 1369 2168; x_wconf 82' lang='lat' dir='ltr'><strong>ex</strong></span> <span class='ocrx_word' id='word_1_283' title='bbox 1393 2142 1491 2184; x_wconf 85' lang='lat' dir='ltr'><strong>qua,</strong></span> <span class='ocrx_word' id='word_1_284' title='bbox 1525 2126 1582 2167; x_wconf 89' lang='lat' dir='ltr'><strong>ob</strong></span> <span class='ocrx_word' id='word_1_285' title='bbox 1607 2125 1751 2168; x_wconf 88' lang='lat' dir='ltr'><strong>sedem</strong></span> <span class='ocrx_word' id='word_1_286' title='bbox 1784 2126 2017 2182; x_wconf 88' lang='lat' dir='ltr'><strong>Apostolici</strong></span> 
     </span>
     <span class='ocr_line' id='line_1_30' title="bbox 180 2189 2018 2258; baseline -0.005 -16"><span class='ocrx_word' id='word_1_287' title='bbox 180 2199 404 2258; x_wconf 88' lang='lat' dir='ltr'><strong>magisterii</strong></span> <span class='ocrx_word' id='word_1_288' title='bbox 434 2201 581 2239; x_wconf 79' lang='lat' dir='ltr'><strong>Romae</strong></span> <span class='ocrx_word' id='word_1_289' title='bbox 612 2196 907 2243; x_wconf 87' lang='lat' dir='ltr'><strong>constitutam,</strong></span> <span class='ocrx_word' id='word_1_290' title='bbox 942 2193 1135 2234; x_wconf 88' lang='lat' dir='ltr'><strong>nationes</strong></span> <span class='ocrx_word' id='word_1_291' title='bbox 1171 2192 1260 2233; x_wconf 86' lang='lat' dir='ltr'><strong>aliae</strong></span> <span class='ocrx_word' id='word_1_292' title='bbox 1286 2192 1554 2249; x_wconf 88' lang='lat' dir='ltr'><strong>incorruptos</strong></span> <span class='ocrx_word' id='word_1_293' title='bbox 1592 2190 1781 2231; x_wconf 90' lang='lat' dir='ltr'><strong>salutaris</strong></span> <span class='ocrx_word' id='word_1_294' title='bbox 1816 2189 2018 2233; x_wconf 81' lang='lat' dir='ltr'><strong>doctrinae</strong></span> 
     </span>
     <span class='ocr_line' id='line_1_31' title="bbox 180 2254 2019 2316; baseline -0.005 -9"><span class='ocrx_word' id='word_1_295' title='bbox 180 2266 322 2308; x_wconf 85' lang='lat' dir='ltr'><strong>latices</strong></span> <span class='ocrx_word' id='word_1_296' title='bbox 342 2264 508 2304; x_wconf 87' lang='lat' dir='ltr'><strong>haurire</strong></span> <span class='ocrx_word' id='word_1_297' title='bbox 532 2262 663 2303; x_wconf 57' lang='lat' dir='ltr'><strong>solitas¹</strong></span> <span class='ocrx_word' id='word_1_298' title='bbox 688 2271 798 2310; x_wconf 89' lang='lat' dir='ltr'><strong>sunt,</strong></span> <span class='ocrx_word' id='word_1_299' title='bbox 822 2259 894 2300; x_wconf 87' lang='lat' dir='ltr'><strong>fiat</strong></span> <span class='ocrx_word' id='word_1_300' title='bbox 916 2259 995 2299; x_wconf 87' lang='lat' dir='ltr'><strong>illis</strong></span> <span class='ocrx_word' id='word_1_301' title='bbox 1012 2259 1054 2299; x_wconf 90' lang='lat' dir='ltr'><strong>in</strong></span> <span class='ocrx_word' id='word_1_302' title='bbox 1072 2269 1289 2316; x_wconf 87' lang='lat' dir='ltr'><strong>posterum</strong></span> <span class='ocrx_word' id='word_1_303' title='bbox 1308 2256 1413 2314; x_wconf 88' lang='lat' dir='ltr'><strong>lapis</strong></span> <span class='ocrx_word' id='word_1_304' title='bbox 1428 2254 1670 2297; x_wconf 84' lang='lat' dir='ltr'><strong>offensionis</strong></span> <span class='ocrx_word' id='word_1_305' title='bbox 1696 2266 1737 2296; x_wconf 83' lang='lat' dir='ltr'><strong>et</strong></span> <span class='ocrx_word' id='word_1_306' title='bbox 1760 2255 2019 2312; x_wconf 64' lang='lat' dir='ltr'><strong>petra&#39;scan-</strong></span> 
     </span>
     <span class='ocr_line' id='line_1_32' title="bbox 182 2318 2020 2383; baseline -0.005 -11"><span class='ocrx_word' id='word_1_307' title='bbox 182 2330 291 2383; x_wconf 82' lang='lat' dir='ltr'><strong>dali3</strong></span> <span class='ocrx_word' id='word_1_308' title='bbox 310 2329 432 2378; x_wconf 80' lang='lat' dir='ltr'><strong>absit,</strong></span> <span class='ocrx_word' id='word_1_309' title='bbox 453 2339 499 2368; x_wconf 86' lang='lat' dir='ltr'><strong>ut</strong></span> <span class='ocrx_word' id='word_1_310' title='bbox 521 2327 671 2368; x_wconf 82' lang='lat' dir='ltr'><strong>dilecta</strong></span> <span class='ocrx_word' id='word_1_311' title='bbox 688 2327 776 2367; x_wconf 83' lang='lat' dir='ltr'><strong>haec</strong></span> <span class='ocrx_word' id='word_1_312' title='bbox 795 2325 1026 2366; x_wconf 75' lang='lat' dir='ltr'><strong>Dominicae</strong></span> <span class='ocrx_word' id='word_1_313' title='bbox 1046 2324 1180 2364; x_wconf 81' lang='lat' dir='ltr'><strong>vineae</strong></span> <span class='ocrx_word' id='word_1_314' title='bbox 1198 2338 1294 2380; x_wconf 88' lang='lat' dir='ltr'><strong>pars</strong></span> <span class='ocrx_word' id='word_1_315' title='bbox 1318 2322 1361 2362; x_wconf 92' lang='lat' dir='ltr'><strong>in</strong></span> <span class='ocrx_word' id='word_1_316' title='bbox 1384 2321 1664 2378; x_wconf 89' lang='lat' dir='ltr'><strong>direptionem</strong></span> <span class='ocrx_word' id='word_1_317' title='bbox 1684 2318 1806 2361; x_wconf 86' lang='lat' dir='ltr'><strong>cedat</strong></span> <span class='ocrx_word' id='word_1_318' title='bbox 1829 2321 2020 2362; x_wconf 90' lang='lat' dir='ltr'><strong>omnium</strong></span> 
     </span>
     <span class='ocr_line' id='line_1_33' title="bbox 180 2383 2022 2449; baseline -0.005 -13"><span class='ocrx_word' id='word_1_319' title='bbox 180 2396 412 2437; x_wconf 86' lang='lat' dir='ltr'><strong>bestiarum</strong></span> <span class='ocrx_word' id='word_1_320' title='bbox 434 2391 547 2449; x_wconf 76' lang='lat' dir='ltr'><strong>agri3</strong></span> <span class='ocrx_word' id='word_1_321' title='bbox 567 2391 674 2432; x_wconf 85' lang='lat' dir='ltr'><strong>absit</strong></span> <span class='ocrx_word' id='word_1_322' title='bbox 694 2401 739 2432; x_wconf 88' lang='lat' dir='ltr'><strong>ut</strong></span> <span class='ocrx_word' id='word_1_323' title='bbox 759 2390 853 2431; x_wconf 85' lang='lat' dir='ltr'><strong>Itali</strong></span> <span class='ocrx_word' id='word_1_324' title='bbox 873 2388 1034 2447; x_wconf 84' lang='lat' dir='ltr'><strong>populi,</strong></span> <span class='ocrx_word' id='word_1_325' title='bbox 1057 2387 1244 2429; x_wconf 84' lang='lat' dir='ltr'><strong>venefico</strong></span> <span class='ocrx_word' id='word_1_326' title='bbox 1258 2385 1505 2444; x_wconf 86' lang='lat' dir='ltr'><strong>Babylonici</strong></span> <span class='ocrx_word' id='word_1_327' title='bbox 1515 2384 1654 2425; x_wconf 88' lang='lat' dir='ltr'><strong>calicis</strong></span> <span class='ocrx_word' id='word_1_328' title='bbox 1675 2386 1827 2426; x_wconf 89' lang='lat' dir='ltr'><strong>haustu</strong></span> <span class='ocrx_word' id='word_1_329' title='bbox 1848 2383 2022 2427; x_wconf 90' lang='lat' dir='ltr'><strong>demen-</strong></span> 
     </span>
     <span class='ocr_line' id='line_1_34' title="bbox 181 2448 2023 2517; baseline -0.005 -16"><span class='ocrx_word' id='word_1_330' title='bbox 181 2461 272 2513; x_wconf 83' lang='lat' dir='ltr'><strong>tati,</strong></span> <span class='ocrx_word' id='word_1_331' title='bbox 297 2457 562 2517; x_wconf 89' lang='lat' dir='ltr'><strong>parricidalia</strong></span> <span class='ocrx_word' id='word_1_332' title='bbox 576 2467 721 2497; x_wconf 88' lang='lat' dir='ltr'><strong>contra</strong></span> <span class='ocrx_word' id='word_1_333' title='bbox 737 2466 920 2496; x_wconf 89' lang='lat' dir='ltr'><strong>matrem</strong></span> <span class='ocrx_word' id='word_1_334' title='bbox 938 2453 1166 2494; x_wconf 84' lang='lat' dir='ltr'><strong>Ecclesiam</strong></span> <span class='ocrx_word' id='word_1_335' title='bbox 1192 2467 1307 2493; x_wconf 86' lang='lat' dir='ltr'><strong>arma</strong></span> <span class='ocrx_word' id='word_1_336' title='bbox 1330 2450 1569 2507; x_wconf 87' lang='lat' dir='ltr'><strong>suscipiant.</strong></span> <span class='ocrx_word' id='word_1_337' title='bbox 1594 2448 1729 2491; x_wconf 90' lang='lat' dir='ltr'><strong>Nobis</strong></span> <span class='ocrx_word' id='word_1_338' title='bbox 1749 2449 1935 2507; x_wconf 86' lang='lat' dir='ltr'><strong>quidem,</strong></span> <span class='ocrx_word' id='word_1_339' title='bbox 1961 2451 2023 2492; x_wconf 90' lang='lat' dir='ltr'><strong>uti</strong></span> 
     </span>
     <span class='ocr_line' id='line_1_35' title="bbox 185 2513 2016 2578; baseline -0.005 -12"><span class='ocrx_word' id='word_1_340' title='bbox 185 2536 226 2567; x_wconf 82' lang='lat' dir='ltr'><strong>et</strong></span> <span class='ocrx_word' id='word_1_341' title='bbox 245 2524 386 2576; x_wconf 85' lang='lat' dir='ltr'><strong>vobis,</strong></span> <span class='ocrx_word' id='word_1_342' title='bbox 413 2524 455 2562; x_wconf 91' lang='lat' dir='ltr'><strong>in</strong></span> <span class='ocrx_word' id='word_1_343' title='bbox 475 2522 563 2563; x_wconf 86' lang='lat' dir='ltr'><strong>haec</strong></span> <span class='ocrx_word' id='word_1_344' title='bbox 588 2522 692 2562; x_wconf 86' lang='lat' dir='ltr'><strong>tanti</strong></span> <span class='ocrx_word' id='word_1_345' title='bbox 711 2519 886 2578; x_wconf 90' lang='lat' dir='ltr'><strong>periculi</strong></span> <span class='ocrx_word' id='word_1_346' title='bbox 910 2529 1102 2576; x_wconf 83' lang='lat' dir='ltr'><strong>tempora</strong></span> <span class='ocrx_word' id='word_1_347' title='bbox 1125 2515 1289 2558; x_wconf 90' lang='lat' dir='ltr'><strong>occulto</strong></span> <span class='ocrx_word' id='word_1_348' title='bbox 1310 2515 1389 2556; x_wconf 85' lang='lat' dir='ltr'><strong>Dei</strong></span> <span class='ocrx_word' id='word_1_349' title='bbox 1407 2513 1567 2570; x_wconf 86' lang='lat' dir='ltr'><strong>judicio</strong></span> <span class='ocrx_word' id='word_1_350' title='bbox 1601 2515 1817 2556; x_wconf 86' lang='lat' dir='ltr'><strong>reservatis</strong></span> <span class='ocrx_word' id='word_1_351' title='bbox 1832 2547 1842 2565; x_wconf 93' lang='lat'><strong>,</strong></span> <span class='ocrx_word' id='word_1_352' title='bbox 1868 2530 2016 2558; x_wconf 75' lang='lat' dir='ltr'><strong>caven-</strong></span> 
     </span>
     <span class='ocr_line' id='line_1_36' title="bbox 187 2579 2020 2640; baseline -0.005 -9"><span class='ocrx_word' id='word_1_353' title='bbox 187 2589 290 2632; x_wconf 89' lang='lat' dir='ltr'><strong>dum</strong></span> <span class='ocrx_word' id='word_1_354' title='bbox 316 2586 490 2629; x_wconf 89' lang='lat' dir='ltr'><strong>omnino</strong></span> <span class='ocrx_word' id='word_1_355' title='bbox 523 2596 596 2635; x_wconf 85' lang='lat' dir='ltr'><strong>est,</strong></span> <span class='ocrx_word' id='word_1_356' title='bbox 628 2601 680 2627; x_wconf 91' lang='lat' dir='ltr'><strong>ne</strong></span> <span class='ocrx_word' id='word_1_357' title='bbox 713 2583 883 2626; x_wconf 76' lang='lat' dir='ltr'><strong>fraudes</strong></span> <span class='ocrx_word' id='word_1_358' title='bbox 919 2595 1042 2640; x_wconf 83' lang='lat' dir='ltr'><strong>atque</strong></span> <span class='ocrx_word' id='word_1_359' title='bbox 1082 2583 1264 2639; x_wconf 82' lang='lat' dir='ltr'><strong>impetus</strong></span> <span class='ocrx_word' id='word_1_360' title='bbox 1294 2580 1515 2621; x_wconf 87' lang='lat' dir='ltr'><strong>hominum</strong></span> <span class='ocrx_word' id='word_1_361' title='bbox 1541 2591 1689 2621; x_wconf 90' lang='lat' dir='ltr'><strong>contra</strong></span> <span class='ocrx_word' id='word_1_362' title='bbox 1721 2579 1854 2621; x_wconf 87' lang='lat' dir='ltr'><strong>Italiae</strong></span> <span class='ocrx_word' id='word_1_363' title='bbox 1889 2579 2020 2622; x_wconf 88' lang='lat' dir='ltr'><strong>fidem</strong></span> 
     </span>
     <span class='ocr_line' id='line_1_37' title="bbox 188 2643 2024 2711; baseline -0.005 -16"><span class='ocrx_word' id='word_1_364' title='bbox 188 2651 520 2711; x_wconf 85' lang='lat' dir='ltr'><strong>conspirantium</strong></span> <span class='ocrx_word' id='word_1_365' title='bbox 548 2651 879 2698; x_wconf 84' lang='lat' dir='ltr'><strong>extimescamus,</strong></span> <span class='ocrx_word' id='word_1_366' title='bbox 905 2647 1056 2688; x_wconf 86' lang='lat' dir='ltr'><strong>nostris</strong></span> <span class='ocrx_word' id='word_1_367' title='bbox 1075 2647 1192 2703; x_wconf 89' lang='lat' dir='ltr'><strong>quasi</strong></span> <span class='ocrx_word' id='word_1_368' title='bbox 1209 2644 1365 2686; x_wconf 84' lang='lat' dir='ltr'><strong>viribus</strong></span> <span class='ocrx_word' id='word_1_369' title='bbox 1391 2643 1679 2701; x_wconf 64' lang='lat' dir='ltr'><strong>superandos,</strong></span> <span class='ocrx_word' id='word_1_370' title='bbox 1710 2660 1809 2686; x_wconf 88' lang='lat' dir='ltr'><strong>cum</strong></span> <span class='ocrx_word' id='word_1_371' title='bbox 1832 2656 2024 2686; x_wconf 88' lang='lat' dir='ltr'><strong>nostrum</strong></span> 
     </span>
     <span class='ocr_line' id='line_1_38' title="bbox 189 2708 2027 2768; baseline -0.005 -8"><span class='ocrx_word' id='word_1_372' title='bbox 189 2717 410 2762; x_wconf 85' lang='lat' dir='ltr'><strong>consilium</strong></span> <span class='ocrx_word' id='word_1_373' title='bbox 446 2728 488 2757; x_wconf 89' lang='lat' dir='ltr'><strong>et</strong></span> <span class='ocrx_word' id='word_1_374' title='bbox 521 2714 723 2756; x_wconf 86' lang='lat' dir='ltr'><strong>fortitudo</strong></span> <span class='ocrx_word' id='word_1_375' title='bbox 756 2714 807 2755; x_wconf 87' lang='lat' dir='ltr'><strong>sit</strong></span> <span class='ocrx_word' id='word_1_376' title='bbox 839 2711 1043 2761; x_wconf 88' lang='lat' dir='ltr'><strong>Christus,</strong></span> <span class='ocrx_word' id='word_1_377' title='bbox 1079 2722 1120 2751; x_wconf 91' lang='lat' dir='ltr'><strong>et</strong></span> <span class='ocrx_word' id='word_1_378' title='bbox 1152 2710 1239 2750; x_wconf 88' lang='lat' dir='ltr'><strong>sine</strong></span> <span class='ocrx_word' id='word_1_379' title='bbox 1269 2724 1353 2765; x_wconf 80' lang='lat' dir='ltr'><strong>quo</strong></span> <span class='ocrx_word' id='word_1_380' title='bbox 1387 2708 1492 2749; x_wconf 84' lang='lat' dir='ltr'><strong>nihil</strong></span> <span class='ocrx_word' id='word_1_381' title='bbox 1515 2725 1749 2767; x_wconf 85' lang='lat' dir='ltr'><strong>possumus,</strong></span> <span class='ocrx_word' id='word_1_382' title='bbox 1783 2725 1860 2768; x_wconf 90' lang='lat' dir='ltr'><strong>per</strong></span> <span class='ocrx_word' id='word_1_383' title='bbox 1890 2711 2027 2768; x_wconf 91' lang='lat' dir='ltr'><strong>ipsum</strong></span> 
     </span>
     <span class='ocr_line' id='line_1_39' title="bbox 191 2773 2026 2839; baseline -0.006 -14"><span class='ocrx_word' id='word_1_384' title='bbox 191 2793 343 2825; x_wconf 89' lang='lat' dir='ltr'><strong>cuncta</strong></span> <span class='ocrx_word' id='word_1_385' title='bbox 380 2781 583 2839; x_wconf 88' lang='lat' dir='ltr'><strong>possimus</strong></span> <span class='ocrx_word' id='word_1_386' title='bbox 611 2778 642 2820; x_wconf 65' lang='lat'><strong>⁵.</strong></span> <span class='ocrx_word' id='word_1_387' title='bbox 680 2778 802 2834; x_wconf 82' lang='lat' dir='ltr'><strong>Agite</strong></span> <span class='ocrx_word' id='word_1_388' title='bbox 838 2778 977 2834; x_wconf 87' lang='lat' dir='ltr'><strong>igitur,</strong></span> <span class='ocrx_word' id='word_1_389' title='bbox 1015 2773 1288 2816; x_wconf 85' lang='lat' dir='ltr'><strong>Venerabiles</strong></span> <span class='ocrx_word' id='word_1_390' title='bbox 1323 2774 1501 2824; x_wconf 77' lang='lat' dir='ltr'><strong>Fratres,</strong></span> <span class='ocrx_word' id='word_1_391' title='bbox 1541 2773 1762 2833; x_wconf 84' lang='lat' dir='ltr'><strong>advigilate</strong></span> <span class='ocrx_word' id='word_1_392' title='bbox 1796 2774 2026 2832; x_wconf 88' lang='lat' dir='ltr'><strong>impensius</strong></span> 
     </span>
     <span class='ocr_line' id='line_1_40' title="bbox 192 2838 2026 2906; baseline -0.005 -18"><span class='ocrx_word' id='word_1_393' title='bbox 192 2863 314 2906; x_wconf 88' lang='lat' dir='ltr'><strong>super</strong></span> <span class='ocrx_word' id='word_1_394' title='bbox 332 2845 537 2887; x_wconf 84' lang='lat' dir='ltr'><strong>creditum</strong></span> <span class='ocrx_word' id='word_1_395' title='bbox 558 2859 742 2902; x_wconf 78' lang='lat' dir='ltr'><strong>gregem,</strong></span> <span class='ocrx_word' id='word_1_396' title='bbox 765 2856 944 2897; x_wconf 86' lang='lat' dir='ltr'><strong>eumque</strong></span> <span class='ocrx_word' id='word_1_397' title='bbox 966 2856 988 2881; x_wconf 90' lang='lat' dir='ltr'><strong>a</strong></span> <span class='ocrx_word' id='word_1_398' title='bbox 1005 2839 1218 2896; x_wconf 86' lang='lat' dir='ltr'><strong>rapacium</strong></span> <span class='ocrx_word' id='word_1_399' title='bbox 1236 2838 1431 2896; x_wconf 84' lang='lat' dir='ltr'><strong>luporum</strong></span> <span class='ocrx_word' id='word_1_400' title='bbox 1453 2838 1614 2880; x_wconf 85' lang='lat' dir='ltr'><strong>insidiis</strong></span> <span class='ocrx_word' id='word_1_401' title='bbox 1634 2851 1674 2881; x_wconf 91' lang='lat' dir='ltr'><strong>et</strong></span> <span class='ocrx_word' id='word_1_402' title='bbox 1694 2838 2026 2898; x_wconf 84' lang='lat' dir='ltr'><strong>aggressionibus</strong></span> 
     </span>
     <span class='ocr_line' id='line_1_41' title="bbox 193 2902 2022 2961; baseline -0.006 -8"><span class='ocrx_word' id='word_1_403' title='bbox 193 2915 300 2953; x_wconf 87' lang='lat' dir='ltr'><strong>tueri</strong></span> <span class='ocrx_word' id='word_1_404' title='bbox 321 2909 578 2952; x_wconf 84' lang='lat' dir='ltr'><strong>contendite.</strong></span> <span class='ocrx_word' id='word_1_405' title='bbox 605 2907 921 2949; x_wconf 86' lang='lat' dir='ltr'><strong>Communicate</strong></span> <span class='ocrx_word' id='word_1_406' title='bbox 944 2905 1122 2945; x_wconf 74' lang='lat' dir='ltr'><strong>invicem</strong></span> <span class='ocrx_word' id='word_1_407' title='bbox 1144 2903 1314 2944; x_wconf 85' lang='lat' dir='ltr'><strong>consilia</strong></span> <span class='ocrx_word' id='word_1_408' title='bbox 1332 2936 1339 2952; x_wconf 92' lang='lat'><strong>,</strong></span> <span class='ocrx_word' id='word_1_409' title='bbox 1365 2905 1524 2961; x_wconf 80' lang='lat' dir='ltr'><strong>pergite</strong></span> <span class='ocrx_word' id='word_1_410' title='bbox 1543 2936 1551 2955; x_wconf 97' lang='lat'><strong>,</strong></span> <span class='ocrx_word' id='word_1_411' title='bbox 1585 2915 1632 2944; x_wconf 90' lang='lat' dir='ltr'><strong>ut</strong></span> <span class='ocrx_word' id='word_1_412' title='bbox 1659 2906 1747 2959; x_wconf 88' lang='lat' dir='ltr'><strong>jam</strong></span> <span class='ocrx_word' id='word_1_413' title='bbox 1769 2902 1996 2944; x_wconf 84' lang='lat' dir='ltr'><strong>instituistis</strong></span> <span class='ocrx_word' id='word_1_414' title='bbox 2013 2934 2022 2952; x_wconf 94' lang='lat'><strong>,</strong></span> 
     </span>
     <span class='ocr_line' id='line_1_42' title="bbox 195 2966 2025 3026; baseline -0.005 -9"><span class='ocrx_word' id='word_1_415' title='bbox 195 2989 324 3019; x_wconf 83' lang='lat' dir='ltr'><strong>coetus</strong></span> <span class='ocrx_word' id='word_1_416' title='bbox 343 2976 501 3017; x_wconf 87' lang='lat' dir='ltr'><strong>habere</strong></span> <span class='ocrx_word' id='word_1_417' title='bbox 522 2975 631 3014; x_wconf 86' lang='lat' dir='ltr'><strong>inter</strong></span> <span class='ocrx_word' id='word_1_418' title='bbox 653 2986 743 3025; x_wconf 62' lang='lat' dir='ltr'><strong>vos·⁹</strong></span> <span class='ocrx_word' id='word_1_419' title='bbox 776 2981 821 3010; x_wconf 91' lang='lat' dir='ltr'><strong>ut</strong></span> <span class='ocrx_word' id='word_1_420' title='bbox 838 2970 1047 3010; x_wconf 83' lang='lat' dir='ltr'><strong>malorum</strong></span> <span class='ocrx_word' id='word_1_421' title='bbox 1066 2967 1208 3017; x_wconf 85' lang='lat' dir='ltr'><strong>initiis,</strong></span> <span class='ocrx_word' id='word_1_422' title='bbox 1231 2979 1271 3008; x_wconf 91' lang='lat' dir='ltr'><strong>et</strong></span> <span class='ocrx_word' id='word_1_423' title='bbox 1297 2969 1516 3026; x_wconf 76' lang='lat' dir='ltr'><strong>praecipuis</strong></span> <span class='ocrx_word' id='word_1_424' title='bbox 1538 2984 1614 3026; x_wconf 90' lang='lat' dir='ltr'><strong>pro</strong></span> <span class='ocrx_word' id='word_1_425' title='bbox 1638 2969 1827 3010; x_wconf 90' lang='lat' dir='ltr'><strong>locorum</strong></span> <span class='ocrx_word' id='word_1_426' title='bbox 1849 2966 2025 3008; x_wconf 90' lang='lat' dir='ltr'><strong>diversi-</strong></span> 
     </span>
    </p>
   </div>
   <div class='ocr_carea' id='block_1_5' title="bbox 195 3029 2028 3100">
    <p class='ocr_par' dir='ltr' id='par_1_5' title="bbox 195 3029 2028 3100">
     <span class='ocr_line' id='line_1_43' title="bbox 195 3029 2028 3100; baseline -0.007 -17"><span class='ocrx_word' id='word_1_427' title='bbox 195 3053 279 3084; x_wconf 80' lang='lat' dir='ltr'><strong>tate</strong></span> <span class='ocrx_word' id='word_1_428' title='bbox 300 3039 583 3100; x_wconf 87' lang='lat' dir='ltr'><strong>periculorum</strong></span> <span class='ocrx_word' id='word_1_429' title='bbox 612 3035 796 3077; x_wconf 85' lang='lat' dir='ltr'><strong>fontibus</strong></span> <span class='ocrx_word' id='word_1_430' title='bbox 824 3033 1039 3075; x_wconf 87' lang='lat' dir='ltr'><strong>communi</strong></span> <span class='ocrx_word' id='word_1_431' title='bbox 1062 3032 1380 3089; x_wconf 77' lang='lat' dir='ltr'><strong>investigatione</strong></span> <span class='ocrx_word' id='word_1_432' title='bbox 1408 3033 1648 3091; x_wconf 86' lang='lat' dir='ltr'><strong>perspectis,</strong></span> <span class='ocrx_word' id='word_1_433' title='bbox 1676 3033 1752 3074; x_wconf 87' lang='lat' dir='ltr'><strong>sub</strong></span> <span class='ocrx_word' id='word_1_434' title='bbox 1778 3029 2028 3072; x_wconf 82' lang='lat' dir='ltr'><strong>auctoritate</strong></span> 
     </span>
    </p>
   </div>
   <div class='ocr_carea' id='block_1_6' title="bbox 246 3198 1388 3247">
    <p class='ocr_par' dir='ltr' id='par_1_6' title="bbox 246 3198 1388 3247">
     <span class='ocr_line' id='line_1_44' title="bbox 246 3198 1388 3247; baseline -0.008 -6"><span class='ocrx_word' id='word_1_435' title='bbox 246 3211 280 3242; x_wconf 79' lang='lat'><strong>1.</strong></span> <span class='ocrx_word' id='word_1_436' title='bbox 306 3207 358 3240; x_wconf 83' lang='lat' dir='ltr'><strong>Ex</strong></span> <span class='ocrx_word' id='word_1_437' title='bbox 375 3205 410 3240; x_wconf 90' lang='lat' dir='ltr'><strong>S.</strong></span> <span class='ocrx_word' id='word_1_438' title='bbox 432 3205 549 3238; x_wconf 70' lang='lat' dir='ltr'><strong>Leone</strong></span> <span class='ocrx_word' id='word_1_439' title='bbox 568 3203 710 3247; x_wconf 69' lang='lat' dir='ltr'><strong>Magno,</strong></span> <span class='ocrx_word' id='word_1_440' title='bbox 728 3202 838 3247; x_wconf 76' lang='lat' dir='ltr'><strong>Epist.</strong></span> <span class='ocrx_word' id='word_1_441' title='bbox 857 3199 899 3233; x_wconf 74' lang='lat' dir='ltr'><strong>ad</strong></span> <span class='ocrx_word' id='word_1_442' title='bbox 918 3198 1095 3232; x_wconf 71' lang='lat' dir='ltr'><strong>Rusticum</strong></span> <span class='ocrx_word' id='word_1_443' title='bbox 1114 3198 1388 3232; x_wconf 86' lang='lat' dir='ltr'><strong>Narbonensem.</strong></span> 
     </span>
    </p>
   </div>
  </div>
 </body>
</html>
