2135 3442
122 149 198 185 344
730 143 1045 180 ALLOCUTION
1075 143 1140 179 DE
1169 143 1246 178 PIE
1274 143 1345 180 IX.

121 249 219 276 vere
239 231 346 274 solet
366 229 612 272 vaferrimus
631 229 764 271 nostri
782 229 949 288 generis
970 229 1178 281 inimicus,
1204 240 1334 288 upote
1361 229 1439 270 sibi
1463 229 1516 270 ad
1539 229 1782 272 nocendum
1802 247 1957 290 oppor-

120 297 360 340 tunissima.
383 295 680 354 Repetendum
695 295 903 337 memoria
920 306 983 336 est
999 306 1161 338 veteres
1172 295 1263 336 illos
1278 293 1493 335 catholicae
1509 293 1606 335 fidei
1623 307 1958 353 propugnatores

123 364 175 405 de
198 360 540 421 pertinacissimis
557 360 784 402 haeresibus
806 359 993 401 retulisse
1014 359 1251 411 victoriam,
1280 375 1411 416 quum
1439 358 1597 400 scilicet
1624 375 1706 401 una
1733 376 1890 414 secum,
1916 373 1958 403 et

121 444 218 470 cum
242 426 486 485 Apostolica
517 426 624 468 Sede
658 437 875 483 tamquam
899 441 996 466 cum
1024 424 1130 467 duce
1157 442 1231 467 suo
1254 424 1467 480 conjuncti
1499 423 1651 466 milites
1664 424 1786 466 firmo
1814 424 1957 467 animo

122 503 348 549 erectoque
367 492 410 533 in
432 503 646 534 certamen
667 489 994 532 descendissent.

180 559 280 599 Haec
299 569 412 612 sunt,
434 574 525 615 quae
543 554 818 614 significanda
827 554 964 596 Vobis
979 554 1187 606 duximus,
1212 553 1486 596 Venerabiles
1504 554 1687 605 Fratres,
1712 553 1757 595 iu
1770 554 1849 596 hac
1859 570 1957 597 cura

122 634 163 665 et
179 623 459 665 sollicitudine
484 623 583 665 satis
603 620 851 680 Apostolico
883 620 1123 661 ministerio
1146 619 1344 673 faciendi,
1371 619 1486 676 quod
1516 617 1658 659 divina
1678 618 1899 660 clementia
1918 629 1960 661 et

120 689 313 731 bonitate
338 688 585 747 impositum
615 698 678 728 est
709 684 944 727 infirmitati
975 686 1153 727 Nostrae.
1186 685 1399 742 Erigimur
1423 683 1625 741 primum,
1646 698 1694 724 ac.
1721 698 1960 724 recreamur

121 770 194 812 spe
219 754 393 796 coelestis
413 753 572 804 auxilii,
609 750 763 793 deinde
794 751 847 791 ab
880 750 1101 808 explorato
1123 761 1262 791 vestro
1298 748 1514 807 religionis
1547 763 1594 788 ac
1622 746 1789 805 pietatis
1819 748 1959 790 studio

119 835 207 860 non
235 817 450 860 mediocre
479 817 614 860 Nobis
644 814 892 874 pollicemur
915 815 960 855 in
983 814 1108 855 tantis
1129 830 1272 856 rerum
1298 812 1616 855 difficultatibus
1649 811 1958 868 adjumentum.

122 883 271 925 Aderit
290 882 484 925 Ecclesiae
502 898 582 923 surr
603 883 733 930 Deus,
763 878 900 920 aderit
920 879 1217 921 communibus
1233 878 1341 919 votis
1363 877 1543 928 Nostris,
1570 876 1704 918 aderit
1728 877 1962 935 praesertim

122 948 153 989 si
175 948 332 989 oratrix
352 964 427 1005 pro
442 947 567 988 nobis
593 945 765 987 accedat
779 944 911 1002 Virgo
931 943 1187 985 sanctissima
1211 943 1289 984 Dei
1312 944 1466 984 Parcus
1488 942 1640 993 Maria,
1664 944 1782 998 cujus
1804 941 1961 984 immu-

121 1012 296 1054 nitatem
321 1014 373 1054 ab
409 1011 624 1070 originalis
660 1026 779 1051 noxae
809 1009 974 1050 macula
996 1009 1118 1050 vobis
1142 1024 1299 1066 magno
1322 1024 1419 1049 cum
1437 1008 1594 1049 Nostro
1612 1006 1767 1065 gaudio
1791 1007 1965 1049 adstan-

124 1077 233 1119 tibus
253 1090 294 1119 et
307 1076 611 1136 plaudentibus
632 1075 776 1116 divino
799 1074 1026 1130 adjuvante
1050 1074 1207 1132 Spiritu
1226 1072 1612 1131 pronunciavimus.
1628 1071 1843 1113 Eximium
1861 1088 1962 1114 saue

115 1141 396 1201 privilegium,
434 1141 551 1200 quod
591 1139 670 1182 Dei
700 1140 884 1182 Matrem
911 1139 1035 1197 plane
1070 1139 1266 1189 decebat,
1298 1137 1342 1178 in
1383 1137 1600 1179 communi
1635 1136 1768 1178 nostri
1801 1136 1964 1195 generis

119 1207 245 1249 exitio
271 1209 470 1266 sospitem
507 1218 634 1264 atque
661 1205 918 1247 incolumem
940 1205 1135 1246 evasisse.
1169 1206 1310 1260 Atque
1338 1203 1464 1258 hujus
1491 1201 1698 1261 privilegii
1727 1201 1964 1259 amplitudo

115 1273 349 1330 plurimum
368 1273 539 1330 quidem
556 1271 734 1313 valitura
755 1282 818 1312 est
840 1270 893 1311 ad
923 1286 995 1311 eos
1015 1268 1292 1319 refellendos,
1310 1267 1382 1325 qui
1412 1266 1668 1309 deteriorem
1692 1267 1846 1308 saetam
1872 1282 1963 1308 esse

116 1337 358 1379 inficiantur
379 1354 429 1378 ex
448 1338 648 1395 primaeva
670 1337 793 1394 culpa
815 1335 1040 1376 hominum
1060 1346 1273 1384 naturam,
1297 1333 1492 1389 viresque
1507 1330 1768 1389 amplificant
1787 1330 1966 1372 rationis

117 1402 169 1444 ad
194 1402 440 1460 negandum
460 1402 526 1444 vel
558 1400 841 1442 minuendum
866 1400 1059 1441 revelatae
1092 1398 1308 1458 religionis
1342 1396 1613 1440 beneficium.
1648 1397 1681 1437 F
1684 1395 1772 1437 axit
1792 1396 1967 1438 tandem

115 1467 246 1526 Virgo
265 1468 526 1518 Beatissima,
559 1483 650 1524 quae
672 1464 888 1506 interemit
911 1481 958 1506 ac
985 1464 1172 1522 perdidit
1199 1465 1415 1505 universas
1442 1463 1636 1512 haereses‚
1665 1472 1713 1502 ut
1743 1461 1812 1503 hic
1840 1460 1964 1502 etiam

118 1533 319 1574 evellatur
343 1533 554 1590 stirpitus,
594 1547 641 1572 ac
667 1530 860 1571 deleatur
874 1529 1173 1571 Rationalismi
1203 1545 1325 1570 error
1352 1526 1754 1586 perniciosissimus,
1792 1525 1864 1582 qui
1888 1525 1967 1568 hac

116 1597 352 1639 miserrima
388 1608 509 1639 aetate
548 1612 637 1637 non
677 1594 844 1636 civilem
875 1594 1006 1636 modo
1037 1593 1298 1644 societatem,
1339 1592 1413 1634 sed
1445 1607 1546 1633 vero
1581 1591 1711 1633 etiam
1747 1600 1968 1648 tantopere

118 1662 267 1720 affligit
290 1674 331 1704 et
348 1672 473 1705 vexat
492 1660 746 1703 Ecclesiam!

175 1740 403 1797 Reliquum
430 1754 544 1780 nunc
571 1748 647 1788 est,
677 1735 956 1777 venerabiles
984 1735 1165 1787 Fratres,
1200 1744 1246 1775 ut
1284 1744 1444 1790 quanto
1478 1732 1607 1773 animi
1640 1729 1783 1772 Nostri
1815 1730 1966 1772 solatio

121 1820 288 1847 summa
311 1821 384 1846 vos
419 1803 637 1844 alacritate
655 1818 707 1842 ex
727 1799 884 1841 dissitis
902 1800 1030 1841 etiam
1055 1799 1177 1840 terris
1189 1813 1439 1857 properasse
1456 1796 1754 1854 conspeximus
1775 1794 1829 1836 ad
1846 1796 1967 1852 Apo-

118 1869 311 1910 stolicam
340 1869 451 1910 hanc
477 1867 629 1909 Sedem
663 1864 1034 1924 propugnaculum
1065 1863 1184 1917 fidei,
1215 1863 1462 1920 magistram
1502 1861 1714 1913 veritatis,
1754 1858 1968 1901 catholicae

119 1933 294 1975 unitatis
315 1933 647 1982 firmamentum,
674 1940 795 1971 tanto
818 1929 992 1987 perinde
1013 1927 1167 1970 amoris
1189 1927 1329 1969 studio
1358 1937 1586 1983 antequam
1610 1925 1730 1966 sedes
1765 1923 1967 1982 repetatis

118 2009 274 2040 vestras
304 1998 447 2039 omnia
490 1996 611 2039 vobis
640 2009 865 2053 precemur
898 1994 1032 2035 fausta
1064 1992 1201 2034 felicia
1238 2009 1285 2034 ac
1320 1990 1532 2033 salutaria.
1569 1989 1742 2031 Arbiter
1777 1989 1846 2030 ille
1876 2005 1968 2030 om-

118 2063 236 2104 nium
260 2079 402 2104 rerum
424 2074 465 2104 et
490 2064 711 2103 bonorum
747 2070 895 2100 auctor
928 2060 1040 2099 Deus
1068 2058 1140 2099 det
1165 2057 1284 2098 vobis
1312 2056 1506 2114 spiritum
1543 2054 1755 2112 sapientiae
1780 2064 1822 2094 et
1840 2053 1967 2094 intel-

118 2129 263 2178 lectus,
296 2139 342 2167 ut
364 2126 626 2185 prohibeatis
652 2126 705 2166 ab
726 2124 871 2166 ovium
894 2123 1083 2181 pernicie
1101 2123 1262 2179 ubique
1282 2122 1459 2163 latentes
1480 2120 1669 2170 insidias,
1692 2134 1740 2160 ac
1762 2118 1969 2177 quidquid

121 2192 174 2233 ad
207 2192 556 2234 commoditatem
587 2202 823 2232 vestrarum
847 2188 1134 2230 Ecclesiarum
1166 2187 1232 2229 vel
1259 2185 1496 2244 suscepistis
1519 2187 1622 2241 jam,
1655 2184 1720 2225 vel
1749 2183 1865 2225 eritis
1882 2199 1970 2225 sus-

123 2256 301 2315 cepturi,
330 2256 374 2297 id
397 2255 649 2314 pra‘potenti
677 2254 854 2297 numine
882 2270 958 2295 suo
987 2255 1127 2294 bonus
1158 2252 1454 2310 propitiusque
1482 2250 1724 2302 confirmet,
1752 2247 1967 2306 permissis

124 2333 263 2362 autem
292 2333 437 2362 vestrsc
470 2337 577 2362 curae
611 2320 806 2362 fidelibus
829 2318 901 2360 det
936 2318 1051 2360 illam
1073 2329 1277 2368 mentem,
1304 2328 1350 2358 ut
1386 2316 1628 2357 abstrahere
1664 2329 1706 2355 sc
1750 2329 1967 2371 nunquam

122 2386 255 2428 velint
273 2403 294 2427 a
318 2386 495 2444 pastoris
516 2386 664 2438 latere,
682 2385 755 2427 sed
770 2399 920 2426 vocem
942 2383 1070 2441 ipsius
1085 2383 1275 2434 audiant,
1296 2397 1466 2439 quoque
1486 2381 1570 2438 ipse
1593 2378 1708 2432 velit,
1727 2389 1962 2420 accurrant.

124 2451 249 2492 Adsit
273 2450 393 2492 vobis
408 2451 536 2508 Virgo
561 2450 821 2492 sanctissima
841 2450 894 2490 ab
917 2448 1081 2506 origine
1099 2448 1397 2500 Immaculata,
1417 2447 1469 2487 sit
1495 2445 1582 2503 ipsa
1604 2444 1724 2485 vobis
1754 2444 1797 2484 in
1827 2443 1967 2486 dubiis

123 2517 250 2557 rebus
281 2515 404 2556 fidele
432 2515 670 2566 consilium,
699 2515 741 2555 in
767 2513 966 2572 angustiis
989 2514 1199 2565 levamen,
1222 2513 1266 2553 in
1288 2510 1475 2553 adversis
1496 2510 1713 2551 auxilium.
1737 2509 1806 2550 Ad
1830 2520 1967 2550 extre-

126 2597 243 2622 mum
266 2581 455 2621 levantes
481 2597 631 2621 manus
644 2581 818 2621 Nostras
838 2579 881 2620 in
897 2579 1048 2620 coelum
1068 2578 1190 2620 vobis
1206 2577 1407 2635 gregique
1429 2587 1565 2617 vestro
1586 2590 1636 2616 ex
1655 2573 1806 2615 intimo
1827 2572 1966 2614 cordis

125 2645 279 2687 affectu
293 2645 602 2687 benedicimus.
623 2645 683 2686 Sit
698 2661 828 2702 porro
844 2644 1097 2702 Apostolicae
1107 2644 1232 2698 hujus
1247 2640 1559 2683 benedictionis
1580 2654 1731 2680 munus
1747 2649 1965 2694 tamquam

127 2711 279 2769 pignus
302 2710 580 2751 certissimum
604 2709 821 2751 charitatis
843 2726 943 2767 erga
962 2724 1036 2751 vos
1055 2710 1237 2757 Nostrae,
1263 2707 1315 2748 sit
1333 2704 1717 2763 exploratissimum
1746 2715 1964 2760 tamquam

129 2792 255 2817 omen
275 2775 529 2817 beatissimae
547 2775 641 2817 vita»
669 2791 715 2815 ac
734 2775 1016 2834 sempiternae,
1039 2789 1166 2831 quam
1186 2772 1305 2813 vobis
1326 2771 1527 2829 gregique
1545 2782 1684 2812 vestro
1709 2779 1751 2810 et
1771 2778 1965 2826 optamus

130 2851 171 2882 et
195 2840 407 2898 poscimus
435 2856 457 2881 a
493 2840 697 2898 Supremo
729 2840 972 2881 animarum
996 2839 1166 2879 Pastore
1195 2836 1361 2878 Christo
1396 2837 1507 2889 Jesu,
1543 2835 1609 2877 cui
1648 2850 1743 2876 cum
1769 2835 1894 2874 Patre
1925 2841 1965 2871 et

132 2905 284 2947 Sancto
301 2905 455 2964 Spiritu
475 2905 527 2946 sit
542 2916 582 2946 et
597 2905 736 2946 honor
758 2916 798 2946 et
816 2905 907 2946 laus
930 2915 971 2946 et
991 2902 1221 2961 gratiarum
1243 2901 1349 2943 actio
1372 2917 1448 2959 per
1475 2916 1645 2942 omnem
1667 2897 1959 2941 aeternitatem.
