2135 3442
146 199 222 236 390
762 198 1073 236 ALLOCUTION
1101 202 1166 236 DE
1194 201 1272 236 PlE
1302 200 1370 236 IX.

146 283 343 327 Ecclesiae
375 286 444 340 jus
475 284 652 326 omnino
687 298 977 343 oppugnatur,
1015 287 1258 345 acquirendi
1293 286 1453 328 scilicet
1482 287 1785 345 proprietates3
1825 300 1865 331 et
1896 306 1986 333 non

147 350 291 392 omnia
313 348 592 391 admittuntur
608 350 936 392 matrimonialia
957 351 1262 410 impedimenta
1283 352 1336 393 ab
1367 351 1552 393 Ecclesia
1577 363 1756 406 statuta,
1789 364 1830 395 et
1859 355 1989 398 nullae

146 430 325 475 prorsus
342 413 609 456 declarantur
636 417 780 474 gratiae
807 431 828 456 a
849 416 1044 457 Romano
1059 415 1265 458 Pontifice
1285 431 1508 467 concessae,
1533 416 1612 458 nisi
1628 433 1704 475 per
1720 418 1988 461 Gubernium

147 478 308 521 fuerint
350 479 607 538 imploratae3
660 491 701 521 et
738 480 914 538 proprio
964 481 1138 523 arbitrio
1191 482 1411 523 immutata
1453 493 1515 523 est
1554 493 1652 523 zetas
1700 483 1754 523 ab
1801 483 1988 526 Ecclesia

148 543 389 603 praescripta
407 560 486 602 pro
507 543 705 602 religiosa
726 556 813 585 tam
833 545 1076 596 mulierum,
1102 562 1229 604 quam
1256 546 1448 587 virorum
1473 546 1751 605 professione,
1773 558 1815 588 et
1842 564 1989 590 omnes

147 609 368 667 Religiosae
389 609 573 651 Familiae
596 608 810 651 neminem
835 609 924 651 sine
944 611 1150 653 Gubernii
1166 611 1373 670 permissu
1396 610 1449 652 ad
1471 610 1675 652 solemnia
1699 623 1799 653 vota
1821 629 1989 656 nuncu-

145 674 287 733 panda
305 674 530 716 admittere
550 685 745 732 possunt.
770 676 908 732 Atque
927 674 972 716 in
990 675 1081 717 aliis
1100 675 1291 731 ejusdem
1311 677 1519 718 Americae
1536 675 1828 719 meridionalis
1851 677 1992 736 regio-

146 739 274 781 nibus
302 738 407 780 laica
437 750 623 796 potestas
647 754 697 780 eo
727 738 977 782 temeritatis
1007 740 1190 790 devenit,
1219 752 1267 782 ut
1294 740 1419 782 etiam
1441 756 1508 783 res
1532 741 1597 782 vel
1627 741 1812 783 maxime
1832 757 1986 793 sacras,

148 814 190 844 et
214 803 468 861 spirituales,
492 819 583 860 quae
614 805 666 845 ab
687 803 996 861 Episcoporum
1018 805 1236 847 voluntate
1256 805 1377 847 unice
1407 805 1610 863 pendent,
1637 822 1721 848 suae
1745 806 1990 849 auctoritati

150 868 357 925 subjicere
377 868 548 910 audeat.

206 993 311 1047 Quae
331 1008 431 1034 sane
455 991 598 1033 omnia
619 991 857 1034 incredibili
882 992 1011 1034 animi
1039 994 1183 1035 Nostri
1209 993 1462 1051 {egritudine
1490 1010 1513 1036 a
1533 994 1669 1036 Nobis
1689 994 1877 1037 breviter
1895 1011 1991 1037 curâ€”

147 1057 310 1116 simque
338 1057 560 1099 enunciata
582 1073 710 1114 quam
730 1057 1008 1100 vehementer
1028 1057 1274 1116 improbare
1294 1074 1342 1100 ac
1364 1059 1563 1101 detestari
1589 1059 1833 1111 debeamus,
1857 1062 1992 1119 probe

148 1123 392 1180 intelligitis,
417 1122 691 1164 venerabiles
725 1124 908 1173 Fratres,
946 1139 1043 1164 cum
1077 1123 1205 1164 civilis
1240 1134 1432 1182 potestas
1466 1124 1635 1166 nefariis
1664 1124 1776 1166 hisce
1803 1125 1992 1167 molitio-

146 1188 270 1229 nibus
305 1187 491 1229 divinam
521 1187 717 1229 Ecclesiae
743 1187 1072 1240 institutionem,
1106 1190 1276 1246 ejusque
1311 1188 1617 1230 sanctissimam
1650 1189 1910 1245 doctrinam,
1947 1205 1994 1232 ac

144 1251 432 1294 venerandam
465 1252 781 1307 auctoritatem,
815 1252 1106 1311 disciplinam,
1140 1254 1369 1310 omniaque
1408 1252 1536 1311 ipsius
1561 1254 1757 1295 Ecclesiae
1791 1256 1908 1310 jura,
1944 1270 1990 1296 ac

145 1333 384 1375 supremam
408 1317 531 1373 hujus
555 1319 811 1375 Apostolicae
836 1318 954 1359 Sedis
977 1317 1244 1376 dignitatem,
1277 1329 1616 1376 potestatemque
1658 1318 1865 1376 impetere
1886 1334 1991 1360 con-

145 1382 298 1424 vellere
328 1394 368 1424 et
393 1382 641 1424 conculcare
665 1383 924 1425 connitatur.
951 1384 999 1424 In
1021 1395 1138 1424 tanta
1157 1399 1258 1425 vero
1283 1383 1511 1425 acerbitate
1533 1383 1709 1425 mirifice
1732 1399 1810 1424 nos
1835 1395 1994 1425 recreat

147 1458 189 1489 et
208 1448 453 1489 consolatur
473 1447 627 1489 eximia
648 1448 968 1490 Venerabilium
988 1450 1188 1490 Fratrum
1210 1448 1459 1490 earumdem
1483 1447 1770 1507 meridionalis
1789 1448 1995 1491 Americae

147 1512 371 1571 regionum
393 1513 616 1554 Sacrorum
642 1514 891 1554 Antistitum
911 1514 1056 1564 virtus,
1079 1512 1243 1571 religio,
1273 1514 1422 1571 pietas,
1453 1513 1524 1571 qui
1557 1513 1701 1555 divino
1722 1513 1876 1555 auxilio
1902 1512 1995 1554 freti

148 1592 194 1617 ac
214 1576 376 1634 proprii
388 1579 574 1618 muneris
589 1589 730 1635 partes
747 1578 971 1635 implentes
989 1594 1085 1619 cum
1097 1578 1327 1619 immortali
1351 1579 1412 1620 sui
1428 1578 1612 1619 nominis
1631 1589 1672 1619 et
1692 1578 1854 1619 ordinis
1871 1578 1994 1620 laude

150 1657 235 1682 non
274 1642 480 1683 desistunt
513 1641 626 1683 hisce
663 1643 868 1683 saecularis
901 1644 1118 1699 potestatis
1154 1643 1376 1685 conatibus
1416 1644 1581 1684 fortiter
1605 1642 1823 1693 obsistere,
1849 1653 1891 1684 et
1912 1659 1995 1700 qua

148 1721 265 1757 voce,
302 1722 385 1763 qua
416 1706 580 1763 scriptis
608 1707 801 1748 Ecclesiae
832 1708 1093 1758 libertatem,
1139 1723 1186 1748 ac
1211 1709 1305 1763 jura
1324 1718 1423 1748 'tam
1448 1708 1599 1762 injuste
1627 1718 1830 1764 occupata
1858 1707 1990 1757 tueri,

151 1782 364 1829 repetere,
401 1782 441 1812 et
476 1771 738 1812 confidenter
770 1770 960 1829 profiteri
993 1771 1246 1829 paratissimi
1276 1771 1329 1813 ad
1362 1772 1505 1812 omnia
1542 1771 1759 1813 subeunda
1792 1771 1993 1829 pericula.

208 1880 263 1919 At
281 1894 381 1919 vero
402 1877 579 1919 minime
604 1877 821 1936 ignoratis,
850 1878 1124 1919 Venerabile-s
1144 1879 1327 1931 Fratres,
1357 1893 1487 1934 quam
1509 1877 1781 1918 vehementer
1804 1878 1932 1928 anxii,
1957 1889 1998 1920 et

152 1942 317 1984 solliciti
338 1943 466 1984 simus
490 1943 541 1983 de
561 1942 799 1983 tristissima
823 1942 1087 1993 conditione,
1119 1942 1172 1983 ad
1200 1957 1328 1999 quam
1363 1941 1627 1983 sanctissima
1656 1952 1799 1984 nostra
1831 1942 1996 2001 Religio

152 2007 319 2049 redacta
341 2019 402 2049 est
426 2008 467 2048 in
489 2007 698 2062 Helvetia,
719 2024 766 2048 ac
780 2005 973 2065 profecto
997 2007 1289 2057 memineritis,
1318 2007 1406 2048 Nos
1431 2007 1473 2047 in
1496 2006 1785 2048 Consistoriali
1803 2006 1995 2048 oratione

153 2072 219 2113 die
240 2072 441 2130 vigesimo
476 2083 591 2113 sexto
619 2071 773 2113 mensis
804 2071 896 2127 julii
932 2071 1147 2129 superiore
1184 2087 1296 2113 anno
1327 2071 1475 2112 habita
1512 2071 1670 2130 raptim
1703 2071 1998 2130 perstrinxisse

152 2136 373 2177 innumera
396 2137 479 2178 fere
496 2136 649 2177 damna
672 2136 728 2177 ibi
748 2152 771 2177 a
788 2136 892 2177 laica
917 2148 1122 2195 potestate
1143 2137 1355 2187 Ecclesiae,
1388 2138 1564 2194 ejusque
1588 2152 1713 2177 sacrae
1738 2136 1995 2189 auctoritati,

149 2201 329 2258 juribus,
352 2203 492 2253 rebus,
520 2202 757 2261 Episcopis,
795 2213 837 2243 et
874 2202 1073 2244 ministris
1100 2203 1239 2244 allata.
1272 2202 1483 2260 Equidem
1514 2201 1648 2244 Nobis
1675 2201 1718 2242 in
1744 2202 1889 2243 animo
1919 2213 1994 2253 est,

155 2282 252 2309 num
280 2266 323 2307 id
342 2279 630 2325 opportunum
657 2266 1005 2319 existimabimus,
1031 2267 1287 2324 peculiarem
1311 2267 1363 2308 de
1383 2267 1463 2308 hoc
1482 2265 1783 2307 molestissimo
1811 2282 1914 2308 sane
1935 2283 2000 2309 ar-

157 2343 360 2390 gumento
380 2333 536 2374 habere
557 2348 813 2383 sermonem,
836 2348 933 2373 cum
953 2332 1188 2390 praesertim
1217 2332 1259 2373 in
1283 2331 1362 2373 illis
1393 2331 1638 2389 regionibus
1659 2330 1928 2388 multiplices,
1960 2343 2000 2373 et

154 2396 333 2438 omnino
365 2396 601 2439 detestandi
639 2408 788 2438 contra
823 2396 1057 2439 Ecclesiam
1096 2413 1242 2448 ausus,
1279 2396 1413 2455 magis
1448 2396 1489 2437 in
1522 2395 1609 2436 dies
1644 2395 1918 2446 invaluerint,
1959 2406 2000 2436 et

158 2461 433 2503 excreverint.
466 2462 642 2503 Interim
671 2478 770 2503 vero
792 2461 956 2504 etiamsi
980 2478 1067 2503 non
1090 2462 1169 2503 levi
1194 2461 1323 2502 animi
1356 2460 1497 2502 Nostri
1527 2459 1694 2510 solatio,
1727 2471 1768 2501 et
1803 2459 1998 2501 consola-

160 2526 276 2568 tione
308 2542 554 2577 noscamus,
581 2527 751 2569 fidelem
786 2527 955 2568 illarum
981 2526 1203 2585 regionum
1226 2526 1395 2567 Clerum
1416 2541 1467 2565 ex
1498 2535 1619 2583 parte
1643 2525 1772 2583 longe
1796 2524 1996 2575 maxima,

158 2591 271 2632 inter
288 2591 490 2648 plurimas
512 2590 793 2642 difficultates,
822 2592 884 2633 sui
910 2591 1133 2632 ministerii
1160 2591 1304 2631 munia
1338 2590 1485 2631 sedulo
1512 2589 1645 2640 obire,
1674 2600 1715 2631 et
1737 2605 1817 2647 pro
1843 2589 2001 2630 viribus

158 2655 338 2715 praeliari
365 2655 478 2696 bella
503 2656 691 2708 Domini,
721 2668 865 2697 tamen
888 2656 1024 2697 Nobis
1049 2668 1285 2714 temperare
1316 2671 1404 2695 non
1432 2670 1657 2712 possumus
1680 2653 1780 2711 quin
1808 2669 1999 2695 summo-

159 2736 261 2779 pere
288 2720 533 2770 doleamus,
562 2720 875 2778 improbemus,
912 2721 1162 2763 damnemus
1198 2735 1439 2778 perversam
1475 2734 1709 2777 paucorum
1746 2716 1999 2760 ecclesiasti-

159 2801 309 2828 corum
337 2785 560 2826 hominum
594 2785 743 2843 agendi
779 2786 1002 2836 rationem,
1042 2785 1111 2844 qui
1150 2784 1322 2826 nefariis
1362 2784 1476 2825 laicae
1514 2783 1736 2842 potestatis
1778 2782 2001 2823 conatibus

159 2850 313 2901 favere,
341 2861 381 2891 et
409 2850 451 2891 in
479 2849 712 2890 Ticinensis
737 2850 964 2906 praesertim
992 2866 1103 2908 pago
1127 2849 1360 2891 maximum
1389 2848 1514 2890 bonis
1546 2848 1742 2890 omnibus
1772 2845 2001 2888 Catholicis

161 2914 408 2957 scandalum
441 2913 606 2965 afferre,
643 2930 689 2954 ac
714 2914 791 2954 Dei
827 2914 1165 2973 indignationem
1194 2915 1237 2956 in
1271 2930 1314 2957 se
1345 2914 1556 2956 concitare
1593 2929 1679 2954 non
1710 2912 1901 2953 horrent.
1940 2911 2000 2951 Ea

165 2995 296 3037 porro
334 2995 406 3037 spe
439 2989 719 3020 sustentamur
753 2978 854 3028 fore,
896 2990 942 3020 ut
980 2980 1148 3021 illarum
1178 2979 1398 3038 regionum
1421 2979 1802 3034 Moderatoresque
1828 2975 2001 3018 tandem

123 3041 125 3044 â´
161 3043 391 3101 aliquando
411 3043 541 3085 velint
563 3043 726 3085 saniora
752 3042 856 3083 inire
878 3044 1068 3096 consilia,
1092 3056 1133 3086 et
1155 3060 1425 3102 cognoscere,
1453 3059 1595 3086 veram
1621 3042 1878 3101 populorum
1904 3037 1998 3080 feli-

160 3108 347 3159 citatem,
370 3108 775 3167 prosperitatemque
796 3106 883 3148 sine
907 3108 1046 3149 divina
1070 3121 1213 3150 nostra
1235 3109 1470 3167 Religione,
1498 3110 1667 3165 ejusque
1697 3104 1866 3148 salutari
1895 3103 1997 3145 doc-

163 3172 288 3223 trina,
315 3189 361 3215 ac
391 3173 535 3215 debito
564 3188 664 3232 erga
688 3171 928 3214 veneranda
961 3173 1156 3213 Ecclesiae
1186 3175 1281 3227 jura
1310 3173 1541 3229 obsequio,
1580 3182 1621 3213 et
1648 3168 1877 3212 reverentia
1909 3183 1998 3209 non

163 3252 287 3293 posse
310 3237 550 3280 consistere.
581 3239 627 3279 In
654 3253 779 3295 quam
807 3252 926 3295 spem
950 3252 1000 3278 eo
1018 3237 1150 3295 magis
1173 3237 1425 3289 inducimur,
1453 3236 1569 3293 quod
1595 3234 1846 3286 audivimus,
1873 3232 1997 3290 Epis-
