2135 3442
183 174 258 210 374
856 172 1041 207 LETTRE
1070 172 1134 206 DE
1165 172 1242 206 PIE
1272 171 1343 209 IX.

180 257 295 302 haud
319 258 534 316 ignoretis,
554 257 668 299 viros
687 256 876 299 eruditos
894 273 918 298 a
938 257 1074 298 Nobis
1090 257 1134 298 in
1160 255 1361 315 religione
1385 255 1654 307 dissidentes,
1681 267 1724 298 et
1752 257 1805 297 ab
1828 258 2010 303 Ecclesia

179 323 393 382 praecisos,
418 322 459 363 in
479 323 626 381 vulgus
641 322 766 364 edere
786 332 875 363 tam
905 321 1068 363 divinos
1084 321 1231 372 libros,
1262 336 1389 378 quam
1407 321 1657 362 Sanctorum
1672 321 1846 362 Patrum
1864 338 2008 380 opera,

181 387 388 430 concinna
404 387 473 429 illa
487 387 659 445 quidem
677 386 902 446 elegantia,
926 385 1000 427 sed
1016 402 1139 444 saepe,
1159 386 1275 443 quod
1297 385 1478 426 maxime
1498 396 1559 427 est
1576 385 1825 437 dolendum,
1846 386 2007 440 vitiata,

182 469 229 495 ac
244 452 515 511 praeposteris
534 450 852 493 commentariis
871 467 894 491 a
914 450 1088 492 veritate
1100 450 1282 492 detorta.
1297 451 1522 492 Neminem
1537 451 1734 492 Vestrum
1754 450 1856 492 latet
1874 467 2008 510 quan-

181 529 327 575 topere
348 517 542 559 Ecclesiae
560 518 673 558 hisce
691 515 923 575 praesertim
944 517 1204 573 temporibus
1221 516 1384 556 intersit
1406 514 1582 557 idoneos
1597 515 1756 556 habere
1779 514 2006 568 ministros,

181 581 252 639 qui
283 581 376 623 vitae
416 582 651 631 sanctitate,
691 592 733 622 et
768 579 959 621 salutaris
986 579 1185 622 doctrinfe
1215 580 1339 622 laude
1363 590 1635 638 praestantes,
1668 595 1715 620 ac
1741 591 1937 637 potentes
1971 581 2015 622 in

186 662 313 704 opere
336 658 377 688 et
400 662 594 688 sermone
618 647 784 687 valeant
804 645 898 695 Dei,
927 645 1099 702 ejusque
1119 657 1270 687 sanctae
1291 645 1484 687 Ecclesioe
1509 660 1678 686 causam
1698 655 1868 686 strenue
1887 646 2009 698 tueri,

186 721 228 753 et
264 712 470 753 aedificare
510 712 694 752 Domino
745 710 922 751 domum
959 709 1144 752 fidelem.
1175 710 1291 751 Nihil
1324 710 1464 767 itaque
1500 708 1754 750 intentatum
1792 720 1855 751 est
1883 710 2010 752 relin-

185 776 417 834 quendum,
444 787 490 818 ut
510 775 695 817 iuniores
721 774 869 816 Clerici
889 774 954 816 vel
983 791 1005 815 a
1032 775 1186 816 teneris
1211 774 1332 816 annis
1363 786 1506 816 sancte
1538 790 1585 815 ac
1620 774 1744 816 docte
1764 774 2011 826 educentur,

183 840 527 898 quandoquidem
564 840 733 882 nonnisi
770 856 819 881 ex
848 839 949 897 ipsis
983 840 1061 880 rite
1098 839 1296 881 institutis
1331 840 1455 882 utiles
1488 839 1682 880 Ecclesiae
1712 840 1892 881 ministri
1926 839 2017 881 fieri

180 916 374 963 possunt.
404 906 499 959 Quo
528 920 629 946 vero
654 904 814 946 facilius
839 919 918 962 pro
948 902 1100 945 eximia
1122 915 1259 945 vestra
1289 904 1510 961 religione,
1549 919 1595 945 ac
1629 904 1828 962 pastorali
1857 903 2014 946 sollici-

177 969 326 1011 tudine
348 982 588 1011 accuratam
611 968 720 1010 Cleri
740 968 1065 1018 institutionem,
1093 984 1146 1010 ex
1169 984 1251 1025 qua
1269 968 1462 1010 Ecclesiae
1484 970 1664 1018 bonum,
1689 984 1737 1010 ac
1759 969 2015 1026 populorum

179 1035 287 1076 salus
324 1046 544 1092 tantopere
574 1032 747 1092 pendet,
777 1032 967 1090 quotidie
999 1032 1133 1091 magis
1162 1048 1414 1090 promovere
1441 1033 1639 1085 valeatis,
1671 1049 1723 1074 ne
1758 1034 1844 1074 Vos
1877 1032 2018 1091 pigeat

180 1098 422 1151 exhortari,
460 1114 611 1156 rogare
651 1097 842 1156 egregios
884 1109 1119 1139 vestrarum
1155 1096 1408 1139 Dioecesium
1446 1097 1761 1149 ecclesiasticos,
1803 1097 2017 1155 laicosque

178 1164 291 1206 viros
316 1163 469 1205 divitiis
492 1163 714 1221 pollentes,
737 1174 778 1204 et
810 1163 851 1203 in
876 1179 967 1204 rem
994 1163 1245 1204 catholicam
1265 1163 1465 1220 prfeclare
1488 1164 1711 1214 animatos,
1739 1174 1801 1215 ut,
1831 1174 2018 1204 vestrum

178 1240 382 1271 sectantes
418 1228 676 1286 exemplum,
705 1228 890 1285 aliquam
921 1229 1107 1286 pecuniae
1144 1229 1227 1269 vim
1259 1226 1521 1286 perlibenter
1551 1227 1733 1269 tribuere
1758 1227 1900 1278 velint,
1934 1243 2018 1284 quo

177 1309 287 1335 nova
308 1295 435 1335 etiam
459 1293 692 1336 Seminaria
719 1295 896 1351 erigere,
932 1304 972 1334 et
1004 1308 1190 1350 congrua
1221 1292 1319 1334 dote
1348 1293 1554 1333 instruere
1586 1292 1766 1350 possitis,
1798 1292 1841 1333 in
1868 1293 2020 1350 quibus

179 1358 483 1400 adolescentuli
506 1358 653 1400 Clerici
671 1358 736 1400 vel
757 1359 810 1399 ab
835 1360 1007 1399 ineunte
1028 1369 1148 1399 aetate
1171 1358 1248 1398 rite
1268 1356 1556 1399 instituantur.

234 1435 323 1476 Nec
356 1435 513 1476 minori
544 1434 702 1486 studio,
728 1434 880 1476 Dilecti
910 1434 1006 1475 Filii
1032 1434 1193 1486 Nostri,
1217 1450 1264 1475 ae
1290 1433 1565 1475 Venerabiles
1588 1435 1772 1483 Fratres,
1799 1449 1847 1474 ea
1876 1433 2019 1474 omnia

177 1499 354 1541 consilia
375 1499 643 1557 suscipienda
675 1510 834 1549 curate,
868 1499 1022 1555 quibus
1045 1510 1277 1541 vestrarum
1306 1498 1563 1539 Dioecesium
1588 1497 1783 1539 iuventus
1818 1497 2020 1555 cuiusque

178 1563 451 1613 conditionis,
480 1575 520 1604 et
537 1579 659 1605 sexus
678 1563 813 1620 magis
829 1566 873 1604 in
895 1564 984 1605 dies
997 1564 1204 1605 catholico
1222 1564 1347 1621 plane
1362 1563 1492 1604 modo
1511 1563 1728 1605 educetur.
1750 1565 2023 1620 Quapropter

179 1629 428 1700 episcopalis
449 1640 596 1670 vaestre
616 1628 670 1668 xi
661 1628 844 1685 ›ilantiae
874 1644 1026 1669 nervos
1051 1629 1275 1678 intendite
1300 1640 1346 1668 ut
1372 1628 1567 1668 iuventus
1588 1639 1685 1668 ante
1706 1626 1849 1668 onmia
1869 1626 2016 1684 spiritu

177 1693 343 1734 timoris
364 1693 440 1734 Dei
463 1704 630 1734 mature
649 1692 828 1739 imbuta,
863 1708 910 1732 ac
936 1692 1103 1749 pietatis
1129 1693 1236 1734 lacte
1270 1692 1455 1733 enutrita
1483 1692 1641 1733 nedum
1661 1691 1758 1733 fidei
1781 1692 2016 1741 elementis,

178 1758 253 1800 sed
272 1758 455 1816 pleniori
483 1756 757 1800 sanctissimae
792 1767 947 1797 nostrae
968 1757 1184 1814 religionis
1209 1757 1453 1814 cognitione
1473 1756 1620 1798 sedulo
1638 1756 1869 1807 excolatur,
1893 1768 2019 1814 atque

178 1822 232 1864 ad
258 1823 473 1872 virtutem,
511 1837 765 1878 morumque
802 1821 1084 1872 honestatem,
1127 1821 1451 1877 christianaeque
1480 1821 1576 1861 ritae
1608 1821 1821 1862 rationem
1843 1820 2017 1863 consor-

177 1897 333 1937 metur,
370 1898 412 1928 et
448 1888 501 1927 ab
535 1885 733 1927 omnibus
776 1885 1072 1942 perversionis‚
1110 1897 1151 1928 et
1186 1885 1473 1943 corruptionis
1507 1885 1732 1934 illecebris,
1769 1896 1809 1926 et
1841 1885 2022 1942 scopulis

179 1963 384 1993 arceatur.
411 1951 509 1992 Pari
541 1961 682 1992 autem
704 1950 988 1991 sollicitudine
1008 1966 1062 1991 ne
1083 1950 1285 1992 desinatis
1314 1965 1501 2006 unquam
1522 1949 1666 1990 fideles
1683 1949 1864 2006 populos
1887 1950 2020 1992 Vobis

180 2015 428 2058 commissos
449 2015 702 2073 opportunis
723 2015 957 2072 quibusque
977 2015 1116 2056 modis
1137 2015 1190 2056 ad
1208 2015 1459 2073 religionem
1474 2026 1515 2055 et
1524 2015 1726 2072 pietatem
1749 2015 1876 2057 etiam
1897 2025 2021 2073 atque

178 2080 305 2121 etiam
325 2080 526 2123 excitare.
543 2081 691 2136 Itaque
720 2094 769 2120 ea
789 2079 932 2120 omnia
964 2080 1169 2138 peragite,
1196 2080 1349 2137 quibus
1370 2079 1449 2136 ipsi
1480 2079 1625 2121 fideles
1648 2079 1794 2137 populi
1817 2079 1949 2137 magis
1977 2079 2021 2120 in

181 2144 269 2185 dies
298 2144 465 2185 salutari
498 2144 713 2185 catholicae
747 2143 934 2185 veritatis
963 2160 1011 2185 ac
1043 2144 1248 2185 doctrinae
1276 2145 1436 2202 pabulo
1468 2143 1641 2184 enutriti
1670 2145 1808 2184 Deum
1843 2160 1894 2185 ex
1932 2155 2023 2186 toto

180 2208 308 2250 corde
347 2209 542 2266 diligant,
579 2209 753 2265 eiusque
787 2208 987 2250 mandata
1023 2211 1211 2267 apprime
1251 2220 1440 2260 servent,
1473 2208 1767 2250 Sanctuarium
1806 2208 1894 2250 eius
1934 2209 2018 2250 fre-

183 2284 377 2330 quenter,
400 2289 447 2314 ac
476 2273 670 2331 religiose
705 2273 875 2323 adeant,
907 2275 1092 2315 Sabbata
1117 2274 1206 2315 eius
1232 2273 1511 2324 sanctificent,
1541 2290 1587 2315 ac
1615 2289 1722 2330 saepe
1749 2289 1831 2330 qua
1857 2289 1935 2331 par
1960 2285 2023 2315 est

181 2337 452 2378 veneratione
485 2349 526 2379 et
561 2338 719 2395 pietate
758 2349 849 2380 tum
887 2338 1017 2379 divini
1053 2339 1252 2381 Sacrificii
1286 2338 1561 2379 celebrationi
1594 2338 1808 2389 intersint,
1844 2349 1936 2379 tum
1967 2338 2022 2380 ad

184 2401 443 2443 sanctissima
480 2403 756 2453 Poenitentiae,
796 2414 838 2444 et
869 2403 1143 2445 Eucharistiae
1182 2405 1453 2445 Sacramenta
1491 2403 1711 2453 accedant,
1747 2415 1787 2444 et
1818 2403 2020 2460 singulari

184 2465 411 2508 devotione
430 2467 743 2508 Sanctissimam
764 2468 842 2508 Dei
863 2468 1119 2510 Genitricem
1139 2468 1461 2509 Immaculatam
1479 2467 1700 2524 Virginem
1721 2469 1900 2510 Mariam
1922 2483 2023 2526 pro-

184 2541 427 2588 sequantur,
456 2542 496 2572 et
523 2531 679 2581 colant,
714 2548 761 2573 ac
786 2543 979 2573 mutuam
996 2532 1105 2575 inter
1132 2549 1175 2574 se
1205 2532 1453 2573 continuam
1483 2532 1702 2574 caritatem
1731 2533 1953 2583 habentes,
1983 2542 2024 2573 et

184 2594 382 2653 precibus
401 2594 603 2636 instantes
621 2596 839 2637 ambulent
858 2597 985 2654 digne
1006 2599 1095 2638 Deo
1112 2613 1189 2655 per
1210 2597 1354 2638 omnia
1374 2596 1606 2653 placentes,
1631 2609 1671 2639 et
1689 2599 1732 2638 in
1757 2597 1875 2639 omni
1895 2612 2022 2655 opere

184 2660 301 2701 bono
330 2658 644 2701 fructificantes.
678 2664 784 2702 Cum
809 2673 953 2702 autem
982 2678 1109 2703 sacrae
1139 2661 1365 2703 Missiones
1396 2663 1448 2702 ab
1477 2661 1642 2704 idoneis
1678 2662 1882 2720 operariis
1918 2676 2021 2719 per-

186 2734 288 2765 actae
306 2739 574 2780 summopere
589 2725 831 2766 conducant
850 2725 903 2766 ad
922 2725 1034 2776 fidei,
1054 2725 1357 2782 religionisque
1379 2725 1571 2782 spiritum
1590 2727 1631 2767 in
1648 2726 1817 2784 populis
1831 2725 2019 2768 excitan-

186 2787 302 2839 dum,
326 2803 483 2845 eosque
505 2788 559 2828 ad
576 2788 741 2830 virtutis
761 2806 808 2830 ac
833 2790 976 2831 salutis
995 2790 1189 2831 semitam
1209 2790 1488 2841 revocandos,
1511 2792 1786 2832 vehementer
1809 2801 2017 2848 optamus,

186 2864 233 2895 ut
252 2853 342 2894 illas
365 2852 601 2894 identidem
630 2853 673 2894 in
694 2857 842 2896 vestris
865 2854 1126 2897 Dioecesibus
1147 2855 1332 2912 agendas
1356 2856 1521 2898 curetis.
1545 2859 1607 2898 Ac
1628 2856 1798 2897 meritas
1818 2869 2021 2897 summas-

188 2933 270 2975 que
292 2917 434 2959 laudes
459 2918 506 2959 iis
527 2917 725 2959 omnibus
746 2918 986 2970 deferimus,
1012 2919 1082 2978 qui
1109 2935 1132 2962 e
1161 2932 1298 2962 vestro
1326 2920 1475 2962 ordine
1504 2921 1547 2962 in
1578 2937 1671 2963 suas
1701 2920 1907 2962 Dioeceses
1937 2929 2021 2960 tam

188 2982 369 3024 salutare
395 2998 611 3024 sacrarum
637 2982 887 3024 Missionum
916 3000 1022 3042 opus
1056 2985 1139 3025 iam
1171 2985 1382 3037 invexere,
1416 3002 1467 3027 ex
1495 3001 1580 3043 quo
1613 2985 1753 3028 divina
1783 2984 2020 3042 adspirante

189 3047 338 3106 gratia,
360 3049 512 3089 uberes
533 3046 694 3089 fructus
712 3060 933 3105 perceptos
955 3048 1080 3090 fuisse
1099 3049 1345 3106 gaudemus.

249 3188 349 3230 Haec
378 3189 644 3246 potissimum
672 3188 715 3230 in
744 3188 823 3231 isto
845 3200 983 3231 vestro
1014 3201 1221 3232 conventu
1252 3207 1336 3249 prae
1367 3191 1498 3233 oculis
1526 3190 1716 3232 habeatis
1737 3196 1917 3246 oportet,
1942 3185 2018 3228 Di-
