2135 3442
766 239 826 277 IX
850 239 1129 277 DECEMBRIS
1154 240 1414 278 MDCCCLIV.

484 459 553 526 S.
602 459 669 526 S.
724 461 1033 528 DOMINI
1082 462 1395 530 NOSTRI
1451 462 1572 529 PII
1622 464 1707 530 IX

900 618 1276 673 ALLocUTIO

582 766 622 791 IN
659 767 929 793 CONSISTORIO
963 762 985 794 9
1020 768 1248 795 DECEMBRIS
1288 765 1394 802 1854
1429 769 1597 795 HABITA.

847 901 893 941 V
892 900 1126 942 enm-abilae
1143 901 1336 956 Fratres,

224 1008 433 1066 Singulari
458 1010 639 1067 quadam
667 1011 824 1068 perfusi
849 1012 995 1053 laetitia
1030 1013 1267 1054 exultamus
1294 1015 1338 1054 in
1368 1015 1571 1064 Domino,
1601 1015 1875 1056 Venerabiles
1908 1016 2012 1058 Fra'-

162 1083 260 1124 tres,
281 1090 377 1115 cum
399 1090 472 1115 vos
494 1075 705 1117 hodierno
732 1076 800 1117 die
829 1077 947 1118 lateri
982 1079 1138 1120 Nostro
1169 1079 1406 1136 frequentes
1440 1079 1603 1121 adstare.
1634 1080 1871 1130 videamus,
1909 1097 2014 1138 quos

162 1137 364 1179 Nostrum
384 1139 587 1196 gaudium
610 1151 651 1181 et
675 1156 876 1183 coronam
894 1144 989 1198 jure
1011 1160 1234 1201 possumus
1260 1160 1521 1202 nuncupare.
1557 1146 1644 1185 Vos
1666 1146 1779 1188 enim
1800 1162 1896 1203 pars
1918 1148 2014 1188 estis

163 1218 327 1254 eornm,
355 1205 606 1261 quibuscum
645 1208 1007 1249 communicamus
1038 1209 1205 1250 labores
1236 1220 1277 1250 et
1307 1225 1426 1250 curas
1461 1210 1503 1250 in
1536 1210 1751 1267 pascendo
1787 1211 2014 1252 humilitati

162 1267 326 1309 Nostrae
362 1270 608 1312 concredito
642 1272 868 1312 Dominico
903 1289 1029 1331 grege
1062 1275 1274 1324 universo,
1309 1274 1352 1314 in
1385 1275 1572 1316 tutandis
1597 1275 1762 1330 juribus
1799 1275 2013 1317 catholicae

163 1332 393 1390 religionis,
418 1336 540 1392 eique
564 1336 682 1376 novis
707 1336 989 1394 adjungendis
1009 1339 1301 1387 sectatoribus,
1328 1340 1398 1395 qui
1414 1340 1582 1393 justitiae
1605 1350 1646 1380 et
1667 1339 1850 1380 veritatis
1875 1342 2013 1381 Deum

162 1395 207 1437 in
230 1399 466 1441 sinceritate
485 1400 585 1442 fidei
607 1401 764 1456 colant,
792 1413 832 1443 et
852 1414 1122 1445 venerentur.
1150 1405 1297 1461 Itaque
1327 1405 1442 1461 qnod
1471 1405 1572 1445 olim
1596 1405 1784 1446 Christus
1806 1406 2014 1447 Dominus

164 1461 269 1503 dixit
283 1465 588 1522 Apostolorum
607 1466 816 1524 Principi:
842 1487 860 1502 «
881 1468 946 1507 Tu
964 1468 1195 1524 aliquando
1219 1485 1445 1511 conversus
1465 1469 1669 1510 confirma
1691 1470 1838 1511 fratres
1859 1480 1969 1522 tuos,
1992 1491 2010 1508 »

162 1527 204 1568 id
230 1529 369 1586 ipsum
391 1530 539 1581 Nobis,
567 1531 637 1588 qui
659 1531 701 1571 in
727 1533 815 1586 ejus
829 1531 972 1573 locum
991 1532 1089 1574 licet
1108 1534 1379 1576 immerentes
1401 1535 1541 1576 divina
1567 1535 1830 1592 benignitate
1851 1534 2014 1577 suffecti

163 1607 327 1645 sumus,
359 1596 439 1636 hac
475 1595 618 1636 oblata
653 1597 970 1652 opportunitate
1003 1599 1290 1655 praestandum
1323 1599 1518 1650 videtur,
1557 1610 1602 1640 ut
1638 1600 1758 1640 vobis
1791 1600 2007 1654 nimirum,

161 1656 437 1701 Venerabiles
461 1661 644 1711 Fratres,
670 1660 799 1701 verba
831 1660 1052 1713 faciamus,
1079 1679 1166 1703 non
1196 1675 1242 1704 ut
1273 1680 1347 1718 vos
1377 1676 1448 1705 ant
1475 1679 1824 1705 commoneamus
1856 1664 2007 1715 officii,

161 1734 234 1763 aut
257 1723 504 1782 languentes
535 1725 788 1775 excitemus,
819 1741 924 1782 quos
953 1725 1235 1768 inflammatos
1261 1728 1399 1769 studio
1427 1730 1623 1769 novimus
1653 1728 1783 1769 divini
1817 1729 2011 1771 Nominis

160 1786 303 1844 gloriae
331 1789 632 1847 propagandae,
665 1789 738 1830 sed
767 1801 815 1830 ut
840 1801 1058 1847 tamquam
1088 1807 1191 1833 voce
1224 1793 1311 1850 ipsa
1347 1794 1579 1834 Beatissimi
1610 1793 1740 1843 Petri,
1779 1794 1851 1850 qui
1889 1795 2006 1846 vivit,

158 1853 352 1909 vivetque
375 1855 419 1894 in
447 1855 761 1896 Successoribus
783 1855 865 1895 suis
888 1855 1080 1908 recreati,
1113 1867 1238 1913 atque
1269 1858 1397 1899 erecti
1423 1874 1534 1899 noro
1563 1857 1693 1898 veluti
1725 1859 1883 1899 robore
1909 1874 2006 1900 mu-

158 1916 333 1958 niamini
355 1918 408 1959 ad
432 1918 705 1975 quaerendam
730 1920 1053 1960 commissarum
1078 1922 1222 1961 ovium
1244 1922 1438 1974 salutem,
1466 1922 1519 1963 ad
1549 1922 1744 1963 Ecclesiae
1773 1937 1939 1964 causam
1966 1922 2008 1964 in

156 1991 274 2023 tanta
297 1984 518 2041 assperitate
537 1994 780 2042 tCmPOI‘Ul‘ss
803 1985 991 2026 animose
1017 2001 1064 2026 HC
1087 1984 1253 2027 fortiter
1283 1987 1588 2029 sustinendan]-

214 2130 361 2187 Neque
383 2146 484 2172 vero
515 2131 838 2174 deliberandum
860 2133 953 2183 fuit,
985 2135 1102 2190 cujus
1127 2135 1393 2193 potissimum
1420 2133 1696 2174 adhibeamus
1723 2132 2004 2190 patrocinium

156 2194 271 2251 apud
293 2196 503 2237 coelestem
526 2197 697 2238 Patrem
717 2197 946 2248 luminum,
972 2210 1019 2240 ut
1039 2214 1090 2241 eo
1119 2199 1346 2255 adjuvante
1378 2198 1535 2255 alloqui
1559 2214 1633 2238 vos
1663 2197 1874 2239 fructuose
1901 2215 2003 2256 pos-

153 2258 302 2313 simus3
331 2260 363 2300 si
387 2261 557 2316 quidem
582 2277 679 2302 cum
711 2278 757 2303 ea
789 2263 841 2304 de
874 2279 997 2304 causa
1022 2264 1135 2322 apud
1158 2265 1246 2305 Nos
1272 2264 1567 2316 conveneritis,
1592 2273 1636 2303 ut
1666 2263 2005 2320 conspirantibus

152 2325 304 2365 animis
327 2325 478 2377 studia,
502 2343 705 2384 curasque
729 2329 1023 2370 conferremus
1052 2328 1351 2386 amplificando
1383 2327 1536 2368 honori
1569 2338 1751 2384 augusta*
1782 2327 2005 2370 Genitricis

151 2389 231 2429 Dei
252 2389 411 2439 Mariae,
443 2391 746 2432 sanctissimam
770 2393 907 2450 ipsam
933 2394 1154 2451 Virginem
1177 2394 1399 2451 Sapientia*
1423 2391 1576 2433 Sedem
1599 2393 1652 2432 ab
1680 2391 1865 2434 Ecclesia
1889 2409 2002 2434 nun-

152 2465 349 2511 cupatam
389 2455 546 2496 iteratis
590 2458 787 2514 precihus
826 2459 1153 2510 obsecravimus,
1187 2469 1234 2499 ut
1271 2459 1497 2515 impetrare
1533 2457 1667 2498 Nobis
1704 2456 1872 2498 radium
1902 2458 2004 2499 velit

151 2519 364 2575 sapientia)
385 2519 574 2569 coelcstis,
606 2538 687 2577 qua
716 2522 950 2564 collustrati
978 2539 1024 2564 ea
1052 2523 1173 2563 vobis
1198 2523 1439 2580 loquamur,
1468 2537 1560 2577 qna*
1584 2533 1623 2562 et
1653 2522 1934 2563 incolumitati
1960 2533 2002 2564 et

149 2584 415 2640 prosperitati
444 2583 637 2625 Ecclesia*
665 2587 742 2627 Dei
774 2587 1066 2644 maximopere
1095 2586 1176 2629 sint
1206 2587 1440 2644 profutura.
1473 2587 1563 2626 Jam
1589 2602 1691 2628 vero
1718 2602 1769 2627 ex
1796 2587 1875 2627 hac
1901 2598 2001 2628 tan—

150 2663 276 2704 quam
296 2663 388 2688 arce
412 2648 627 2705 religionis
647 2650 907 2692 intuentibus
926 2651 1060 2692 Nobis
1084 2667 1277 2692 errorum
1302 2661 1506 2702 monstra,
1529 2667 1620 2708 quae
1646 2667 1722 2709 per
1746 2650 2000 2692 catholicum

150 2713 298 2753 orbem
321 2713 400 2753 hac
423 2712 670 2755 difficillima
688 2726 809 2757 aetate
834 2727 1092 2774 grassantur,
1120 2715 1222 2756 nihil
1241 2718 1524 2773 opportunius
1544 2717 1677 2756 visum
1702 2726 1764 2757 est
1783 2731 1911 2772 quam
1929 2715 1999 2756 illa

149 2779 269 2819 vobis
297 2777 501 2829 indicare,
533 2789 580 2818 nt
611 2779 666 2820 ad
699 2781 848 2821 eadem
880 2780 1131 2822 debellanda
1163 2781 1272 2821 vires
1305 2782 1483 2821 exeratis
1509 2792 1683 2830 vestras,
1720 2779 1998 2821 Venerabiles

148 2844 329 2893 Fratres,
349 2843 418 2899 qui
439 2842 633 2884 custodes
659 2846 871 2902 prarpositi
892 2847 1003 2890 estis,
1027 2856 1069 2885 et
1087 2844 1371 2902 speculatores
1393 2844 1539 2886 domui
1563 2844 1706 2886 Israel.

207 3013 395 3055 Existere
425 3013 552 3055 etiam
580 3029 693 3055 nunc
725 3014 957 3056 dolendum
986 3027 1046 3056 est
1073 3014 1250 3072 impium
1272 3014 1590 3056 incredulorum
1619 3030 1765 3072 genus,
1804 3014 1875 3070 qni
1901 3028 1995 3054 om-

150 3094 264 3130 nem,
291 3079 323 3120 si
345 3078 435 3120 fieri
462 3090 620 3137 posset,
647 3080 976 3120 exterminatum
995 3080 1151 3121 vellent
1172 3079 1386 3137 religionis
1415 3080 1589 3131 cultum,
1621 3079 1764 3135 eisque
1789 3078 1994 3118 adnume-

148 3143 271 3185 randi
294 3143 503 3201 imprimis
523 3154 620 3185 sunt
645 3143 1007 3185 clandestinarum
1034 3146 1281 3186 societatum
1310 3144 1512 3202 gregales,
1544 3145 1615 3201 qui
1638 3143 1799 3184 nefario
1822 3142 1930 3182 inter
1949 3157 1992 3184 se

149 3208 307 3250 foedere
328 3209 541 3264 conjuncti
562 3209 696 3251 nullas
716 3225 804 3251 non
825 3208 1032 3251 adhibent
1051 3221 1174 3261 artes,
1206 3220 1252 3250 ut
1272 3208 1506 3266 quibusque
1526 3208 1689 3249 violatis
1717 3206 1881 3261 juribus
1903 3221 1992 3247 rem
