2135 3442
221 215 294 249 listi
730 209 914 245 LETTRE
943 208 1254 254 ENCYCLIQUE
1283 209 1349 243 DE
1377 208 1456 243 PIE
1485 207 1557 243 lx.

280 299 344 340 Ne
364 311 572 338 cessemus
593 307 758 346 autem,
779 294 1054 336 Venerabiles
1082 295 1272 343 Fratres,
1310 292 1427 335 adire
1459 309 1561 334 cum
1590 293 1744 335 fiducia
1776 294 1830 336 ad
1860 295 2066 336 thronum

222 363 388 418 gratim,
421 372 463 403 et
492 361 740 403 humillimis
769 376 816 401 ac
846 358 1166 401 ferventissimis
1193 358 1392 416 precibus
1415 357 1805 400 misericordiarum
1830 359 1998 400 Patrem
2018 375 2066 400 ae

224 431 359 470 Deum
380 426 508 468 totius
537 424 843 468 consolationis
872 424 962 465 sine
992 423 1302 465 intermissione
1328 438 1451 464 orare
1478 434 1521 464 et
1552 424 1794 474 obsecrare,
1818 435 1866 465 ut
1889 435 2068 481 exurgat

224 505 265 535 et
285 491 443 548 judicet
471 507 640 533 causam
659 505 795 538 suam,
829 500 870 529 et
890 486 1119 530 Ecclesiam
1145 505 1264 530 suam
1287 499 1478 529 sanctam
1501 504 1524 530 a
1544 488 1691 536 tantis,
1715 488 1870 545 quibus
1894 488 2002 538 istic,
2027 499 2069 529 ct

224 558 382 615 ubique
411 557 498 598 fere
519 556 634 597 orbis
656 553 881 612 plenium,
909 551 1219 595 calamitatibus
1246 568 1292 595 e1
1294 564 1419 611 ipiat
1447 568 1625 610 eamque
1647 563 1892 610 opportuno
1913 552 2069 594 auxilio

224 623 399 673 soletur
423 633 464 663 et
485 619 792 679 optatissimam
818 617 923 659 diu
912 634 954 658 m
977 628 1056 668 tot,
1080 617 1294 675 tantisque
1319 618 1399 659 ῑιὼ
1403 618 1505 659 ersis
1532 617 1824 670 selenitatem,
1856 629 1898 660 et
1920 634 2070 690 pacem

225 686 548 729 clementissime
577 682 1103 754 largiatu1‚omniumque
1133 682 1385 725 misereatur
1415 682 1648 724 secundum
1681 698 1882 741 magnam
1910 683 2073 726 miseii-

227 768 313 793 coi
303 751 353 792 c‘li
348 767 414 792 im
436 766 576 801 suam,
602 761 728 807 atque
752 746 1036 805 omnipotenti
1057 763 1131 789 sua
1148 749 1301 789 viitute
1326 747 1502 797 efficiat,
1529 758 1572 789 ut
1601 763 1751 789 omnes
1753 716 1988 807 bpopuli,²9
1967 764 2070 792 “en-

228 829 304 866 tes,
337 816 526 858 nationes
557 816 711 872 ipsum,
745 823 787 854 et
812 812 1090 869 Unigenitum
1110 812 1262 853 Filium
1293 828 1415 854 suum
1435 811 1668 853 Dominum
1696 813 1900 854 Nostrum
1931 814 2072 855 Jcsum

227 881 438 923 Christum
470 896 552 921 una
583 895 679 920 cum
712 879 867 919 Sancto
889 876 1047 934 Spiritu
1077 888 1326 934 agnoscant,
1351 877 1554 927 adorent,
1591 878 1788 928 timeant,
1819 894 1866 920 ac
1899 894 1950 920 ex
1981 889 2074 919 toto

224 946 358 988 corde
386 945 528 986 anima
558 960 605 985 ac
618 954 773 985 2mente
806 941 1008 1000 diligant,
1041 953 1082 983 et.
1111 941 1251 982 omnia
1279 942 1418 983 divina
1442 942 1643 984 mandata
1673 959 1720 985 ac
1747 954 1955 1002 praecepta
1983 942 2077 984 reli-

229 1012 344 1069 giose
383 1012 681 1059 observantes,
724 1019 770 1049 ut
809 1006 882 1048 filii
920 1006 1025 1048 lucis
1064 1006 1288 1048 ambulent
1324 1005 1366 1047 in
1403 1007 1520 1048 omni
1556 1007 1768 1059 bonitate,
1806 1007 1993 1064 justitia,
2033 1018 2075 1049 et

230 1086 420 1118 veritate.

291 1143 472 1182 Demum
507 1137 703 1179 omnium
730 1136 964 1179 coelestium
984 1153 1212 1178 munerum
1232 1135 1467 1193 auspicem,
1497 1146 1538 1176 et
1558 1136 1835 1179 certissimum
1856 1136 2076 1196 praecipua*

232 1206 396 1247 'Nostine
435 1204 478 1245 in
516 1220 589 1245 vos
630 1202 940 1244 benevolentia·
984 1201 1139 1259 pignus
1180 1200 1475 1259 Apostolicam
1514 1201 1859 1243 Benedictionem
1898 1217 1948 1242 ex
1990 1200 2077 1241 imo

234 1271 359 1312 eorde
391 1271 692 1328 depromptam
722 1267 843 1308 vobis
875 1267 992 1325 ipsis,
1026 1266 1305 1308 Venerabiles
1337 1267 1521 1315 Fratres,
1561 1277 1602 1306 et
1634 1266 1751 1324 gregi
1786 1277 1935 1308 vestrae
1967 1265 2075 1323 vigi-

235 1335 370 1376 {antire
393 1333 641 1377 concredito
664 1342 938 1391 peramanter
966 1330 1249 1388 impertimus.

291 1402 447 1442 Datum
485 1401 658 1448 Romae‚
700 1397 814 1455 apud
852 1398 1055 1438 Sanctum
1088 1398 1265 1437 Petrum
1298 1394 1366 1436 die
1405 1400 1452 1436 17
1495 1396 1756 1453 Septembris
1791 1411 1904 1438 anno
1940 1398 2072 1438 1803.

236 1466 515 1507 pontificatus
534 1462 679 1505 Nostri
704 1478 818 1503 anno
844 1461 1010 1503 ‹lec-imo
1027 1472 1196 1502 octava
