2135 3442
690 159 798 195 XVII
827 159 1124 197 SEPTEMBRIS
1152 160 1457 202 MDCCCLXIII.

1003 270 1140 278 —-

513 385 623 453 SS.
676 387 984 453 DOMINI
1033 387 1345 456 NOSTRI
1394 388 1517 455 PII
1566 391 1654 456 IX

725 533 1042 583 EPISTOLA
1067 534 1431 586 ENCYCLICA

567 665 1007 709 VENERABILIBUS
1028 667 1332 710 FRATRIBUS
1352 667 1591 711 ANTONIO

159 782 487 810 ARCHIEPISCOPO
522 785 669 811 SANCTI
703 787 815 812 FIDEI
847 787 898 811 DE
930 787 1095 812 BOGOTA
1143 788 1192 812 ET
1230 788 1438 814 EPISCOPIS
1477 789 1567 814 EJtJS
1609 788 1917 814 SLFFRAGANEIS
1956 789 1998 814 IN

765 846 1110 871 NEOGRANATENSI
1144 847 1387 872 REPUBLICA.

854 957 1002 1007 PIUS
1041 958 1205 1008 PAPA
1243 958 1316 1008 IX

364 1094 409 1134 V
408 1094 641 1135 enerabiles
659 1095 852 1146 Fratres,
877 1096 1055 1137 salutem
1079 1105 1118 1136 et
1136 1096 1427 1153 Apostolicam
1448 1097 1801 1139 Beneclictionem.

223 1204 468 1246 Incredibili
493 1204 745 1247 afflictamur
770 1206 934 1257 dolore,
958 1218 999 1248 et
1021 1223 1105 1248 una
1127 1207 1347 1249 vobiscum
1373 1207 1707 1265 ingemiscimus,
1727 1208 2004 1251 venerabiles

162 1270 351 1320 Fratres,
384 1285 481 1310 cum
513 1286 739 1312 noscamus
772 1271 926 1328 quibus
959 1271 1154 1323 nefariis,
1189 1272 1379 1330 dirisque
1411 1272 1550 1314 modis
1589 1289 1611 1314 a
1645 1274 2005 1330 Neogranatensis

162 1333 419 1391 Reipublicae
448 1334 667 1377 Gubernio
695 1336 902 1378 catholica
933 1336 1167 1394 impetitur,
1194 1339 1485 1396 perturbatur,
1509 1353 1555 1379 ac
1580 1338 1834 1379 dilaceratur
1858 1339 2004 1380 Eccle-

163 1397 238 1440 sia.
262 1398 471 1456 Equidem
492 1399 631 1442 verbis
652 1400 751 1442 satis
773 1401 1011 1459 exprimere
1031 1402 1147 1443 haud
1170 1418 1395 1460 possumus
1416 1401 1673 1460 multiplices
1694 1402 2008 1461 sacrilegosque

164 1479 311 1516 ausus,
345 1465 497 1522 quibus
526 1465 792 1507 Gubernium
824 1465 938 1508 idem
968 1466 1236 1524 gravissimas
1260 1467 1411 1519 Nobis,
1438 1478 1480 1508 et
1508 1466 1607 1509 huic
1626 1467 1884 1525 Apostolicae
1913 1466 2009 1509 Sedi

164 1527 339 1584 injurias
368 1529 552 1572 afferens
585 1530 893 1572 sanctissimam
921 1543 1111 1573 nostram
1137 1531 1403 1590 religionem,
1438 1534 1610 1590 ejusque
1630 1531 1873 1574 veneranda
1894 1534 2006 1587 jura,

165 1593 423 1645 doctrinam,
457 1595 634 1644 cultum,
666 1611 890 1653 sacrosque
920 1596 1144 1638 Ministros
1173 1598 1424 1638 conculcare
1448 1613 1496 1638 ac
1526 1597 1744 1638 destruere
1770 1596 2006 1638 contendit.

166 1658 361 1716 Namque
380 1658 496 1701 idem
521 1659 788 1702 Gubemium
806 1661 913 1702 duos
936 1661 1169 1718 prasertim
1188 1661 1345 1703 abhinc
1371 1678 1504 1703 annos
1523 1661 1721 1702 infandas
1742 1661 1875 1703 edidit
1897 1661 2011 1718 leges

169 1734 211 1765 et
237 1723 423 1775 decreta,
451 1739 543 1781 quae
566 1725 786 1767 catholicae
806 1725 1015 1776 Ecclesiae,
1032 1728 1213 1797 ejusque
1231 1726 1451 1778 doctrin‘e,
1480 1725 1736 1776 auctoritati,
1759 1726 2011 1783 julibusque

168 1788 236 1829 vel
269 1788 453 1830 maxime
483 1788 778 1833 adversantur.
816 1790 942 1832 Hisce
974 1790 1087 1831 enim
1115 1789 1387 1847 iniquissimis
1419 1791 1584 1848 legibus
1613 1806 1661 1831 ac
1689 1789 1870 1832 decletis
1902 1789 2013 1831 inter

168 1852 262 1896 alia
301 1852 406 1894 sacri
429 1852 612 1895 ministri
644 1855 851 1912 prohibiti
883 1866 983 1896 sunt
1017 1855 1347 1897 ecclesiasticum
1382 1855 1664 1896 ministerium
1699 1870 1894 1897 exemere
1925 1854 2015 1896 sine

171 1897 303 1958 civilis
337 1918 556 1975 potestatis
589 1919 735 1971 venia,
777 1930 819 1961 et
862 1920 1004 1961 omnia
1040 1919 1237 1961 Ecclesiae
1275 1921 1390 1960 bona
1429 1930 1652 1977 usurpata,
1694 1919 1930 1971 divendita,
1968 1936 2015 1961 ac

170 1993 396 2040 plopterea
432 1982 668 2040 parochiae,
711 1996 753 2027 et
786 1984 1011 2042 Religiosae
1046 1984 1266 2042 utriusque
1304 2000 1428 2026 sexus
1465 1983 1652 2026 Familiae
1688 1995 1730 2024 et
1761 1984 1929 2035 Clerus,
1968 2000 2015 2025 ac

172 2046 498 2098 valetudinaria,
532 2047 768 2119 domusque
800 2018 977 2107 refubgii,
1012 2049 1176 2107 piaeque
1210 2047 1486 2099 sodalitates,
1519 2048 1754 2100 Beneficia,
1790 2060 1832 2091 et
1862 2049 2013 2107 Capel—

172 2111 293 2152 laniae
316 2111 444 2152 etiam
465 2113 573 2168 juris
590 2125 843 2171 patronatus
864 2114 949 2155 suis
973 2114 1181 2156 reditibus
1210 2113 1416 2171 spoliatae.
1436 2115 1575 2171 Atque
1598 2130 1674 2172 per
1697 2113 1868 2155 easdem
1887 2113 2017 2169 injus-

174 2174 354 2216 tissimas
375 2176 504 2235 leges,
532 2188 573 2219 et
603 2178 774 2220 decreta
806 2178 1044 2236 legitimum
1075 2178 1271 2220 Ecclesiae
1305 2177 1571 2236 acquirendi,
1604 2194 1651 2219 ac
1681 2178 1927 2236 possidendi
1951 2180 2018 2234 jus

177 2241 353 2282 omnino
381 2253 691 2299 oppugnatum,
718 2254 760 2284 et
790 2245 993 2301 cujusque
1012 2243 1235 2285 acatholici
1257 2243 1393 2284 cultus
1418 2243 1594 2284 libertas
1612 2243 1788 2293 sancita,
1810 2254 1849 2284 et
1870 2258 2019 2285 omnes

180 2306 397 2363 utriusque
431 2322 552 2348 sexus
581 2308 805 2366 Religiosae
825 2308 1011 2350 Familiae
1040 2308 1084 2349 in
1111 2307 1449 2367 Neogranatensi
1470 2307 1685 2349 territorio
1718 2319 1935 2370 morantes
1965 2307 2019 2349 de

179 2371 322 2414 medio
344 2372 533 2423 sublatae,
552 2388 784 2430 earumque
803 2373 1027 2416 existentia
1048 2373 1175 2431 plane
1199 2373 1451 2423 interdicta,
1466 2383 1507 2414 et
1529 2372 1657 2413 vetita
1679 2373 1806 2414 etiam
1828 2371 2018 2414 omnium

179 2437 465 2487 Litterarum,
500 2447 541 2477 et
575 2439 775 2496 cujusque
806 2438 1062 2496 Apostolicae
1096 2438 1220 2494 hujus
1253 2438 1371 2480 Sedis
1398 2436 1610 2495 Rescripti
1642 2437 1946 2495 promulgatio,
1980 2448 2017 2478 et

181 2500 315 2544 exsilii
343 2516 467 2558 poena
496 2502 784 2544 ecclesiasticis
805 2503 927 2555 viris,
958 2502 1077 2544 laicis
1100 2518 1201 2544 vero
1225 2503 1368 2544 multae
1391 2514 1432 2544 et
1451 2501 1627 2543 carceris
1653 2501 1809 2543 indicta
1824 2535 1834 2553 ,
1862 2502 1895 2543 si
1922 2501 2021 2543 huic

183 2565 443 2610 ordinationi
462 2565 636 2607 obedire
655 2568 954 2609 recusaverint.
976 2570 1153 2626 Insuper
1173 2567 1333 2609 eisdem
1352 2566 1613 2609 detestandis
1632 2566 1795 2624 legibus
1814 2583 1862 2608 ac
1879 2566 2022 2608 decre-

184 2632 237 2674 tis
269 2629 483 2680 statuitur‚
513 2641 560 2671 ut
588 2631 809 2689 utriusque
841 2633 952 2674 Cleri
978 2633 1056 2674 viri
1091 2632 1223 2674 exsilii
1254 2649 1380 2691 poena
1410 2631 1661 2682 afficiantur,
1699 2631 1771 2689 qui
1799 2632 1883 2690 legi
1911 2631 2020 2673 circa

186 2700 404 2740 bonorum
441 2695 633 2737 Ecclesiae
667 2698 967 2755 spoliationem
999 2700 1300 2756 obtemperare
1329 2696 1676 2748 detrectaverint,
1711 2708 1842 2754 utque
1875 2711 2021 2738 omnes

188 2759 458 2805 ecclesiastici
481 2759 676 2802 homines
706 2762 811 2803 sacri
839 2762 1060 2804 ministerii
1090 2762 1237 2805 munia
1269 2761 1390 2804 obire
1421 2761 1598 2803 minime
1616 2772 1797 2818 queant,
1822 2761 1902 2802 nisi
1931 2760 2020 2818 pri-

192 2842 311 2869 mum
329 2824 577 2882 juraverint,
599 2841 641 2866 se
661 2826 1017 2884 Neogranatensis
1041 2827 1298 2886 Reipublicae
1317 2826 1625 2882 constitutioni,
1648 2826 1892 2883 cunctisque
1912 2825 2022 2867 illius

190 2890 356 2950 legibus
383 2889 577 2931 Ecclesiae
603 2901 826 2948 tantopere
848 2892 1034 2934 adversis
1054 2895 1144 2950 jam
1165 2892 1303 2943 editis,
1327 2903 1369 2934 et
1388 2892 1431 2933 in
1452 2902 1674 2950 posterum
1697 2890 1872 2933 edendis
1895 2891 2020 2932 obse-

192 2955 278 3013 qui,
308 2971 356 2996 ac
376 2954 500 2996 simul
528 2953 659 2995 exsilii
678 2971 802 3012 poena
827 2955 876 2997 iis
896 2957 1096 2999 omnibus
1116 2956 1336 3015 infligitur,
1362 2956 1434 3014 qui
1455 2955 1730 3013 hujusmodi
1720 2955 1913 3013 impium,
1934 2954 2020 2995 illi-

190 3021 406 3077 citumque
421 3019 718 3077 jusjurandum
737 3037 789 3078 pi
791 3031 938 3062 aestale
959 3022 1136 3064 minime
1158 3021 1505 3064 volue1int.Haec
1528 3033 1570 3063 et
1590 3021 1670 3062 alia
1687 3020 1819 3061 multa
1844 3018 2018 3060 omnino

192 3086 343 3142 injusta
371 3096 412 3127 et
443 3084 586 3143 impia,
621 3101 713 3143 quae
741 3085 984 3143 singillatim
1016 3103 1354 3129 commemorare
1381 3086 1525 3137 taedet,
1562 3097 1708 3127 contla
1736 3084 1966 3126 Ecclesiam
1997 3097 2015 3121 a
