2135 3442
238 159 313 195 220
846 159 1159 195 ALLOCUTION
1190 160 1255 194 DE
1285 159 1363 194 PIE
1391 159 1460 194 IX.

237 243 336 301 ipsis
358 242 516 284 Gizmta
536 243 582 284 dt
605 244 724 286 Stato
745 245 996 302 appellatam
1015 246 1228 297 invexere,
1257 261 1303 287 ac
1323 246 1488 303 penitus
1511 245 1767 288 sustulerunt
1787 248 1873 290 duo
1890 250 2071 292 Consilia

238 324 261 349 a
287 308 422 349 Nobis
448 309 650 360 instituta,
677 311 776 351 totis
799 309 956 351 viribus
983 310 1289 361 allaborarunt,
1320 321 1366 351 ut
1397 325 1556 350 novum
1579 321 1798 368 cogeretur
1821 314 2069 371 Consilium,

236 372 353 430 quod
382 372 684 415 Constituentis
727 376 922 415 Romana>
950 375 1122 416 nomine
1152 389 1398 433 nuncupare
1430 374 1671 416 voluerunt.
1703 375 1873 434 Refugit
1901 379 2072 436 quidem

239 437 417 489 animus,
457 453 504 480 ac
529 438 667 480 dicere
688 438 936 480 reformidat
958 439 1109 496 quibus
1131 442 1379 497 quantisque
1409 439 1628 481 fraudibus
1650 440 1728 498 ipsi
1748 439 1812 481 usi
1834 440 2002 495 fuerint,
2025 454 2072 485 ut

237 501 443 556 ejusmodi
464 519 553 544 rem
580 503 631 544 ad
653 504 809 544 exitum
830 502 1122 561 perducerent.
1154 506 1233 546 Hic
1255 521 1355 546 vero
1378 505 1493 546 haud
1513 520 1746 562 possumus,
1777 506 1877 563 quin
1902 507 2073 550 meritas

237 567 382 622 majori
407 567 632 609 Pontifieioe
659 568 828 609 ditionis
856 569 1183 626 Magistratuum
1216 570 1324 628 parti
1355 570 1498 611 laudes
1531 571 1780 624 tribuamus,
1816 570 1885 628 qui
1913 574 2071 631 proprii

235 631 411 672 honoris
431 643 473 673 et
493 632 618 674 officii
650 649 859 674 memores
890 649 1064 674 munere
1097 650 1140 676 se
1167 635 1364 677 abdicare
1385 635 1641 686 maluerunt,
1669 650 1797 692 quam
1829 635 1914 676 ullo
1941 638 2072 679 modo

236 710 409 737 manum
426 698 543 754 operi
569 698 810 750 admovere,
837 714 919 756 quo
946 714 1093 739 eorum
1116 700 1329 758 Princeps,
1357 712 1397 741 et
1415 701 1721 742 amantissimus
1738 701 1863 742 Pater
1884 701 2072 759 legitimo

235 775 310 801 suo
333 760 443 802 civili
468 762 709 821 Principatu
729 764 1005 820 spoliabatur.
1028 763 1138 805 Illud
1161 765 1335 806 tandem
1359 765 1578 806 consilium
1593 764 1670 806 fuit
1684 777 1893 816 coactum,
1917 777 1958 807 et
1974 767 2069 824 qui-

237 825 335 866 dam
354 828 571 869 Romanus
588 828 829 879 advocatus,
852 828 916 869 vel
940 829 982 869 in
1000 829 1090 886 ipso
1111 844 1193 870 suae
1214 829 1359 886 primae
1380 830 1584 871 orationis
1611 829 1789 871 exordio
1810 829 1864 871 ad
1889 846 2072 888 congre-

235 901 354 946 gatos
373 892 542 938 habitoe.
569 893 768 934 omnibus
792 893 902 934 clare
926 905 1153 951 aperteque
1172 893 1415 945 declaravit,
1441 895 1542 952 quid
1564 896 1650 952 ipse
1673 895 1895 951 cunctique
1913 894 1982 936 alii
2008 895 2073 937 sui

236 955 337 996 socii
360 957 573 997 horribilis
595 957 832 1015 agitationis
851 969 1041 999 auctores
1065 960 1282 1009 sentirent,
1312 959 1413 1016 quid
1442 960 1612 1011 vellent,
1650 972 1692 1001 ct
1715 976 1799 1016 quo
1817 971 2068 1018 spectarent.

234 1019 338 1070 Lex,
364 1032 411 1061 ut
428 1020 498 1062 ille
523 1020 757 1078 inquiebat,
789 1023 969 1062 moralis
982 1039 1238 1080 progressus
1267 1034 1331 1064 est
1361 1029 1602 1080 imperiosa,
1634 1035 1673 1065 et
1702 1024 1997 1075 inexorabilis,
2025 1041 2073 1067 ac

236 1083 359 1125 simul
383 1085 581 1130 addebat.
603 1085 697 1139 sibi,
722 1087 953 1143 ceterisque
974 1086 1136 1141 jamdiu
1161 1087 1203 1127 in
1228 1089 1371 1128 animo
1392 1088 1520 1129 fixum
1554 1105 1661 1139 esse,
1692 1089 1924 1146 temporale
1950 1090 2073 1147 Apo-

235 1149 387 1190 stolica*
421 1150 538 1191 Sedis
566 1150 803 1191 dominium
833 1167 879 1192 ac
911 1152 1100 1209 regimen
1133 1151 1321 1193 funditus
1351 1164 1552 1208 evertere,
1573 1154 1669 1195 licet
1705 1154 1842 1195 modis
1876 1154 2073 1196 omnibus

235 1228 383 1254 eorum
405 1214 624 1256 desideriis
654 1231 676 1256 a
702 1214 837 1256 Nobis
866 1216 1007 1256 fuisset
1030 1216 1382 1258 obsecundatum.
1409 1218 1548 1270 Quam
1571 1218 1903 1260 declarationem
1926 1219 1969 1260 in
1989 1219 2073 1260 hoc

234 1288 371 1318 vestro
393 1294 594 1320 concessu
615 1295 947 1322 commemorare
964 1281 1190 1333 voluimus,
1210 1292 1257 1323 ut
1281 1297 1430 1323 omnes
1452 1283 1704 1341 intelligant,
1731 1299 1906 1340 pravam
1925 1285 2072 1340 hujus-

234 1341 351 1384 modi
372 1344 633 1386 voluntatem
656 1361 746 1386 non
760 1348 1016 1401 conjectura,
1042 1357 1114 1387 aut
1130 1346 1365 1404 suspicione
1387 1347 1526 1403 aliqua
1547 1364 1569 1388 a
1594 1348 1727 1390 Nobis
1744 1348 1963 1389 turbarum
1981 1364 2075 1391 auc-

235 1407 396 1449 toribus
419 1409 543 1450 fuisse
571 1410 829 1462 attributam,
859 1411 934 1452 sed
958 1427 1051 1452 eam
1072 1414 1267 1454 universo
1292 1422 1500 1453 terrarum
1533 1413 1627 1453 orbi
1658 1412 1797 1470 palam
1820 1412 2072 1470 publiceque

234 1472 287 1512 ab
308 1472 386 1514 illis
406 1473 505 1530 ipsis
522 1475 845 1526 manifestatam,
868 1492 973 1533 quos
992 1476 1058 1517 vel
1076 1475 1163 1533 ipse
1189 1476 1328 1534 pudor
1349 1477 1401 1518 ab
1425 1477 1575 1518 eadem
1600 1477 1853 1535 proferenda
1882 1477 2072 1519 declara-

234 1535 349 1578 tione
371 1553 570 1581 revocare
599 1540 827 1582 debuisset.
871 1542 969 1582 Non
1002 1540 1222 1582 liberiores
1253 1540 1378 1599 igitur
1404 1541 1701 1596 institutiones,
1741 1558 1829 1583 non
1855 1541 2069 1584 utiliorem

235 1601 411 1657 publicae
434 1603 807 1646 administrationis
830 1607 1192 1663 procurationem,
1213 1622 1300 1646 non
1325 1606 1521 1664 providas
1539 1609 1736 1663 cujusque
1754 1606 1919 1665 generis
1950 1607 2071 1648 ordi-

235 1666 428 1708 nationes
451 1667 696 1724 hujusmodi
718 1670 914 1711 homines
942 1672 1184 1728 cupiebant,
1210 1671 1284 1712 sed
1312 1670 1476 1718 civilem
1497 1671 1750 1728 Apostolicae
1774 1671 1891 1712 Sedis
1914 1672 2071 1728 princi—

234 1740 394 1786 patum,
422 1743 760 1791 potestatemque
790 1734 1011 1792 impetere,
1042 1736 1295 1785 convellere,
1332 1751 1379 1775 ac
1409 1735 1623 1776 destruere
1648 1737 1823 1777 omnino
1849 1736 2065 1778 volebant.

233 1795 296 1836 Ac
315 1797 525 1851 ejusmodi
547 1799 782 1849 consilium,
807 1811 1011 1857 quantum
1040 1801 1083 1840 in
1104 1799 1202 1857 ipsis
1224 1800 1319 1853 fuit,
1345 1800 1399 1840 ad
1424 1799 1584 1840 exitum
1608 1800 1875 1841 deduxerunt
1892 1800 1962 1841 illo
1983 1803 2070 1842 Ro-

233 1874 382 1912 manae,
408 1864 470 1903 uti
488 1875 655 1916 vocant,
681 1864 982 1906 Constituentis
1004 1865 1174 1906 decreto
1197 1864 1263 1906 die
1287 1870 1312 1906 9
1332 1863 1547 1905 Februarii
1565 1865 1689 1920 hujus
1716 1865 1815 1906 anni
1829 1864 1959 1916 edito,
1984 1880 2069 1923 quo

234 1926 455 1978 nescimus,
487 1944 539 1969 an
562 1930 711 1986 majori
735 1931 937 1985 injustitia
971 1941 1116 1971 contra
1141 1932 1237 1986 jura
1265 1931 1471 1970 Romance
1500 1929 1712 1980 Ecclesiae,
1744 1929 2068 1988 adjunctamque

235 1988 312 2030 illis
331 1992 565 2048 Apostolici
587 1994 773 2036 obeundi
794 1996 978 2036 muneris
998 1995 1255 2045 libertatem,
1278 1995 1344 2034 vel
1368 1993 1520 2049 majori
1543 1994 1813 2035 subditorum
1838 1994 2068 2037 Pontificiae

234 2052 405 2096 ditionis
429 2055 587 2099 damno
608 2070 647 2099 et
668 2059 924 2112 calamitate,
956 2062 1174 2101 Romanos
1198 2058 1421 2101 Pontifices
1442 2075 1464 2099 a
1490 2059 1715 2117 temporali
1741 2058 1956 2100 Gubernio
1977 2070 2068 2101 tum

230 2117 324 2171 jure
340 2130 429 2161 tum
453 2122 565 2164 facto
585 2123 788 2166 decidisse
815 2125 1096 2166 declararunt.
1120 2125 1216 2165 Non
1242 2125 1323 2166 levi
1347 2123 1519 2181 quidem
1540 2139 1719 2165 moerore
1740 2124 1796 2164 ob
1823 2134 1909 2164 tam
1934 2124 2067 2166 tristia

235 2193 323 2223 acta
357 2186 537 2229 confecti
558 2188 724 2240 fuimus,
753 2189 1023 2231 Venerabiles
1046 2191 1227 2242 Fratres,
1260 2200 1386 2247 atque
1417 2188 1521 2229 illud
1550 2188 1593 2229 in
1621 2187 1764 2246 primis
1795 2188 1860 2229 vel
1884 2188 2066 2230 maxime

236 2245 443 2302 dolemus,
466 2253 581 2309 quod
602 2254 715 2295 Urbs
741 2256 876 2296 Roma
897 2256 1122 2296 Catholicae
1146 2254 1332 2297 veritatis
1353 2264 1394 2295 et
1409 2252 1582 2295 unitatis
1600 2263 1806 2303 centrum,
1833 2253 1995 2294 virtutis
2017 2269 2063 2295 ac

236 2313 463 2357 sanctitatis
489 2317 692 2375 Magistra
720 2335 796 2377 per
823 2321 1053 2378 impiorum
1090 2320 1145 2361 ad
1183 2335 1272 2360 eam
1300 2318 1487 2376 quotidie
1519 2316 1819 2359 confluentium
1842 2318 2064 2359 hominum

235 2390 423 2432 operam,
446 2384 642 2424 omnibus
663 2385 872 2441 gentibus,
890 2386 1072 2443 populis,
1093 2385 1335 2426 nationibus
1353 2394 1568 2425 tantorum
1585 2384 1795 2424 malorum
1809 2382 1971 2425 auctrix
1991 2399 2065 2441 ap-

232 2454 390 2496 pareat.
419 2446 720 2489 Verumtamen
741 2448 783 2489 in
808 2461 926 2491 tanto
948 2449 1076 2491 animi
1101 2449 1243 2491 Nostri
1269 2449 1415 2490 dolore
1438 2458 1678 2505 pergratum
1699 2447 1832 2489 Nobis
1859 2459 1922 2489 est
1939 2463 2062 2506 posse

233 2504 458 2562 affirmare,
484 2510 609 2569 longe
626 2513 857 2555 maximam
875 2526 965 2555 tum
986 2516 1169 2555 Romani
1192 2512 1360 2572 populi,
1384 2523 1474 2553 tum
1499 2511 1676 2554 aliorum
1694 2511 1925 2554 Pontificiae
1949 2513 2061 2554 Nos-

233 2579 304 2609 trae
322 2571 495 2616 ditionis
518 2577 773 2634 populorum
794 2590 957 2637 partem
978 2578 1127 2632 Nobis,
1146 2590 1186 2619 et
1203 2577 1452 2635 Apostolicae
1475 2577 1571 2618 Sedi
1588 2588 1831 2619 constanter
1851 2576 2063 2619 addictam

233 2648 257 2672 a
277 2635 447 2679 nefariis
464 2638 546 2681 illis
567 2641 950 2684 machinationibus
973 2642 1255 2693 abhorruisse,
1283 2641 1379 2682 licet
1402 2652 1464 2681 tot
1490 2641 1674 2683 tristium
1698 2652 1927 2684 eventuum
1945 2656 2062 2700 spec-

234 2699 359 2741 tatrix
382 2703 582 2745 extiterit.
605 2706 785 2747 Summae
802 2722 968 2764 quoque
989 2705 1269 2749 consolationi
1292 2705 1425 2746 Nobis
1442 2705 1517 2747 fuit
1542 2707 1868 2765 Episcoporum,
1891 2717 1933 2749 et
1951 2705 2058 2748 Cleri

235 2762 462 2808 Pontificiae
488 2769 648 2810 Nostrae
665 2770 836 2812 ditionis
854 2771 1111 2822 sollicitudo,
1134 2770 1203 2828 qui
1233 2770 1275 2811 in
1295 2769 1444 2811 mediis
1473 2771 1688 2828 periculis,
1714 2783 1757 2813 et
1780 2787 1906 2813 omne
1931 2786 2060 2829 genus

235 2825 548 2874 difficultatibus
566 2833 787 2876 ministerii
813 2847 854 2876 et
873 2835 1000 2877 officii
1019 2837 1082 2877 sui
1102 2846 1240 2893 partes
1261 2834 1378 2876 obire
1402 2851 1489 2877 non
1517 2836 1785 2889 destiterunt,
1807 2847 1852 2877 ut
1878 2835 2060 2893 populos

232 2892 343 2950 ipsos
372 2912 454 2953 qua
484 2913 601 2949 voce,
635 2914 715 2955 qua
750 2901 943 2957 exemplo
978 2916 1000 2940 a
1029 2899 1216 2941 motibus
1239 2899 1335 2950 illis,
1371 2900 1624 2958 nefariisque
1650 2901 1844 2943 factionis
1875 2898 2059 2941 consiliis

233 2971 482 3003 averterent.

292 3026 378 3068 Nos
401 3039 514 3069 certe
531 3028 574 3069 in
596 3040 715 3071 tanto
735 3046 875 3071 rerum
893 3029 1133 3081 certamine,
1162 3040 1287 3087 atque
1308 3030 1549 3074 discrimine
1572 3031 1676 3073 nihil
1697 3030 1948 3071 intentatum
1963 3028 2059 3069 reli-

233 3092 412 3147 quimus,
440 3105 486 3135 ut
506 3094 683 3152 publicae
721 3094 1029 3152 tranquillitati,
1063 3106 1104 3136 et
1130 3095 1268 3136 ordini
1294 3096 1625 3139 consuleremus.
1650 3095 1784 3136 Multo
1813 3094 1925 3134 enim
1944 3103 2055 3134 tem-

234 3172 337 3213 pore
359 3169 583 3216 antequam
606 3158 838 3200 tristissima
854 3160 923 3201 illa
943 3159 1183 3202 novembris
1205 3161 1311 3202 facta
1335 3163 1565 3213 evenirent,
1588 3160 1704 3202 omni
1726 3157 1863 3200 studio
1892 3159 2054 3199 curavi-

233 3235 344 3267 mus,
362 3234 408 3264 ut
426 3223 713 3266 Helvetiorum
733 3224 862 3283 copiae
885 3225 1138 3283 Apostolicae
1159 3225 1277 3267 Sedis
1291 3226 1458 3268 servitio
1476 3225 1667 3279 addictae,
1688 3233 1812 3280 atque
1832 3222 1875 3263 in
1892 3221 2055 3265 Nostris
