2135 3442
735 253 792 289 IX
819 252 1103 289 NOVEMBRIS
1131 253 1430 291 MDCCCXLVI.

475 453 540 520 S.
591 453 656 520 S.
712 454 1022 521 DOMINI
1077 454 1392 522 NOSTRI
1438 454 1560 522 PII
1609 456 1700 522 IX

725 595 1040 644 EPISTOLA
1081 596 1448 646 ENCYCLICA

169 723 493 751 VENERAleBUs
531 725 760 751 FRATRIBUS
797 726 1097 762 PATRIARCHIS,
1136 727 1406 761 PRIMATIBL'S,
1444 727 1789 753 ARCHIEPISCOPIS
1827 727 1878 752 ET
1918 728 2008 754 EPI-

227 784 363 810 SCOFIS
412 784 625 811 UNIVERSIS
676 785 865 810 GRATIAM
917 786 965 810 ET
1013 785 1322 812 COMMUNIONEM
1369 787 1478 813 SEDIS
1530 787 1792 813 APOSTOLICAE
1840 786 2005 813 HABEN-

228 843 360 869 TIBUS.

893 911 1014 955 PIUS
1046 912 1184 955 PAPA
1220 913 1280 955 IX

369 1018 416 1058 V
415 1016 646 1057 enerabiles
670 1016 856 1067 Fratres,
877 1017 1056 1058 salutem
1080 1027 1121 1058 et
1134 1018 1429 1074 Apostolicam
1453 1020 1806 1062 Benedictionem.

227 1129 310 1181 Qui
335 1128 523 1186 pluribus
541 1129 631 1183 jam
653 1128 806 1169 abhinc
834 1129 954 1169 annis
975 1144 1060 1169 una
1088 1129 1322 1180 vobiscum,
1345 1131 1615 1174 Venerabiles
1637 1135 1818 1186 Fratres,
1842 1132 2004 1191 episco-

165 1194 261 1252 pale
280 1210 430 1234 munus
452 1193 626 1251 plenum
646 1193 816 1246 laboris,
840 1193 1011 1251 plenum
1035 1193 1324 1235 sollicitudinis
1344 1212 1420 1252 pro
1438 1197 1595 1238 viribus
1618 1197 1752 1249 obire,
1785 1192 1833 1239 ao
1852 1198 2005 1240 Domi-

166 1259 248 1299 nici
271 1257 405 1316 gregis
428 1269 591 1314 partem
620 1273 728 1298 curae
751 1259 912 1300 Nostrae
943 1259 1209 1300 commissam
1244 1275 1411 1317 pascere
1442 1260 1683 1303 nitebamur
1709 1262 1753 1303 in
1785 1264 2006 1305 montibus

165 1324 306 1372 Israel,
337 1325 379 1363 in
403 1322 499 1363 rivis
524 1334 565 1364 et
596 1324 757 1380 pascuis
779 1323 1014 1376 uberrimis,
1037 1339 1132 1364 ecce
1158 1323 1213 1364 ob
1236 1336 1417 1365 mortem
1444 1324 1658 1367 clarissimi
1680 1326 2007 1368 Praedecessoris

164 1389 305 1430 Nostri
333 1388 524 1445 Gregorii
546 1389 663 1441 XVI,
698 1391 814 1443 cujus
836 1399 947 1429 certe
969 1388 1236 1442 memoriam,
1271 1400 1394 1446 atque
1424 1389 1598 1431 illustria
1623 1402 1663 1431 et
1686 1390 1868 1448 gloriosa
1898 1390 2007 1433 facta

167 1452 301 1494 aureis
323 1454 430 1493 notis
459 1454 654 1510 inscripta
675 1452 717 1494 in
745 1453 938 1494 Ecclesiae
963 1453 1075 1494 fastis
1101 1469 1264 1510 semper
1287 1454 1566 1496 admirabitur
1593 1456 1830 1513 posteritas,
1854 1467 2007 1513 praeter

167 1533 338 1558 omnem
356 1516 600 1574 opinionem
621 1518 1004 1576 cogitationemque
1024 1518 1235 1570 Nostram,
1262 1534 1414 1560 arcano
1434 1519 1584 1560 divinae
1605 1520 1885 1561 Providentiae
1905 1536 2006 1562 con-

167 1582 275 1634 silio,
299 1581 353 1622 ad
373 1582 591 1622 Summum
615 1582 928 1632 Pontificatum,
956 1599 1043 1623 non
1066 1583 1153 1623 sine
1173 1585 1357 1624 maxima
1376 1584 1505 1625 animi
1522 1585 1664 1626 Nostri
1688 1587 2005 1643 perturbatione

168 1661 215 1687 ac
232 1646 514 1704 trepidatione
532 1648 664 1688 evecti
687 1646 857 1688 fuimus.
888 1648 1055 1688 Etenim
1080 1648 1112 1688 si
1136 1663 1300 1705 semper
1322 1664 1447 1706 grave
1468 1649 1702 1690 admodum
1733 1661 1774 1692 et
1799 1650 2007 1707 periculo—

167 1726 257 1751 sum
282 1711 516 1768 Apostolici
540 1711 761 1753 ministerii
785 1727 891 1752 onus
908 1713 1058 1753 merito
1078 1723 1138 1752 est
1152 1712 1343 1753 habitum
1361 1724 1484 1770 atque
1503 1714 1763 1763 habendum,
1788 1716 1900 1756 hisce
1920 1715 2006 1771 qui-

168 1774 267 1816 dem
287 1775 541 1817 difficillimis
568 1777 802 1817 christianae
820 1774 1060 1833 reipublicae
1084 1777 1344 1834 temporibus
1373 1778 1437 1818 vel
1458 1778 1642 1819 maxime
1667 1778 2001 1820 formidandum.

167 1841 315 1897 Itaque
340 1841 591 1882 infirmitatis
622 1842 785 1883 Nostrae
817 1843 950 1899 probe
981 1843 1150 1891 conscii,
1186 1853 1225 1883 et
1254 1843 1491 1900 gravissima
1517 1845 1701 1900 supremi
1734 1843 2007 1901 Apostolatus

167 1905 318 1956 officia,
340 1907 382 1947 in
403 1917 519 1947 tanta
542 1908 771 1965 praesertim
793 1923 932 1947 rerum
955 1906 1257 1957 vicissitudine,
1283 1908 1596 1949 considerantes
1615 1908 1794 1949 tristitiae
1815 1918 1857 1948 et
1873 1907 2007 1966 lacry-

165 1970 243 2011 mis
266 1972 354 2013 Nos
385 1972 509 2029 plane
536 1971 861 2021 tradidissemus,
897 1973 974 2013 nisi
1006 1988 1178 2013 omnem
1211 1988 1329 2030 spem
1360 1989 1615 2030 poneremus
1645 1974 1689 2014 in
1718 1974 1809 2014 Deo
1836 1972 2005 2014 salutari

167 2036 339 2087 Nostro,
366 2038 435 2093 qui
457 2052 691 2093 numquam
716 2037 967 2094 derelinquit
989 2048 1204 2094 sperantes
1238 2038 1281 2077 in
1323 2053 1388 2090 eo,
1426 2039 1598 2095 quique,
1624 2049 1671 2079 ut
1691 2037 1892 2095 potentiae
1922 2053 2005 2078 suae

166 2101 362 2142 virtutem
376 2101 583 2150 ostendat,
607 2100 659 2141 ad
675 2117 793 2141 suam
813 2101 1043 2159 regendam
1062 2102 1293 2143 Ecclesiam
1312 2103 1540 2144 infirmiora
1564 2102 1795 2144 identidem
1814 2102 2002 2156 adhibet,

168 2180 252 2221 quo
274 2165 405 2223 magis
437 2167 652 2223 magisque
677 2182 822 2207 omnes
847 2178 1103 2223 cognoscant
1124 2168 1259 2208 Deum
1281 2168 1418 2224 ipsum
1439 2183 1544 2218 esse,
1570 2168 1640 2224 qui
1670 2165 1899 2209 Ecclesiam
1927 2166 2003 2208 ad-

168 2230 349 2271 mirabili
369 2247 441 2272 sua
466 2231 733 2289 providentia
750 2233 955 2290 gubernat
970 2243 1094 2289 atque
1116 2244 1269 2274 tuetur.
1291 2233 1365 2274 Illa
1382 2235 1507 2274 etiam
1525 2233 1757 2274 consolatio
1774 2232 1863 2274 Nos
1877 2233 2004 2274 vehe—

169 2306 333 2337 menter
352 2307 568 2348 sustentat,
592 2297 707 2353 quod
723 2297 765 2336 in
785 2297 1019 2337 animarum
1038 2297 1168 2338 salute
1187 2298 1455 2354 procuranda
1472 2313 1545 2338 vos
1563 2298 1697 2338 socios
1728 2307 1770 2337 et
1791 2296 2002 2352 adjutores

169 2359 415 2411 habeamus,
448 2361 718 2402 Venerabiles
744 2362 922 2411 Fratres,
962 2361 1033 2418 qui
1064 2361 1107 2402 in
1140 2361 1431 2403 sollicitudinis
1458 2363 1621 2402 Nostrae
1650 2372 1814 2418 partem
1847 2363 1999 2415 vocati,

169 2426 286 2465 omni
308 2441 403 2466 cura
423 2437 463 2466 et
483 2426 620 2467 studio
638 2426 915 2468 ministerium
936 2439 1120 2468 vestrum
1141 2427 1335 2484 implere,
1359 2443 1407 2468 ac
1427 2428 1589 2468 bonum
1612 2438 1824 2468 certamen
1844 2438 2003 2469 certare

170 2490 437 2532 contenditis.

228 3016 339 3056 Hinc
392 3015 466 3056 ubi
515 3016 698 3073 primum
735 3013 778 3055 in
835 3014 1003 3055 sublimi
1038 3014 1117 3056 hac
1163 3013 1370 3071 Principis
1413 3015 1719 3073 Apostolorum
1767 3013 1994 3070 Cathedra,

168 3080 265 3122 licet
285 3079 568 3130 immerentes,
594 3080 786 3121 collocati
808 3080 852 3120 in
871 3095 1050 3137 persona
1073 3081 1189 3121 Beati
1210 3080 1320 3120 Petri
1343 3080 1634 3138 gravissimum
1657 3096 1812 3122 munus
1832 3080 1884 3121 ab
1906 3080 1999 3137 ipso

172 3156 326 3186 zeterno
348 3146 565 3186 Pastorum
587 3144 780 3202 Principe
815 3144 1010 3186 divinitus
1038 3144 1242 3185 tributum
1267 3146 1502 3202 accepimus
1525 3145 1724 3204 pascendi
1749 3160 1796 3186 ac
1822 3143 1999 3201 regendi

170 3225 257 3250 non
271 3211 407 3252 solum
425 3226 568 3269 agnos,
593 3210 831 3251 universum
850 3209 1004 3251 scilicet
1025 3208 1305 3250 Christianum
1328 3210 1546 3267 populum,
1569 3226 1716 3252 verum
1736 3210 1861 3251 etiam
1883 3224 1997 3260 oveS‚
