2135 3442
219 187 294 221 228
825 183 1134 219 ALLOCUTION
1163 184 1227 218 DE
1256 184 1335 218 PIE
1363 183 1434 218 IX.

216 267 349 310 minio
372 266 530 308 tuendo
559 266 767 325 egregiam
795 283 910 308 suam
941 283 1102 325 semper
1134 283 1305 325 operam
1340 266 1578 318 navaverit,
1603 281 1748 308 verum
1771 268 1898 310 etiam
1930 270 2044 327 quod

217 347 329 374 nunc
350 347 399 373 ea
416 330 603 388 profecto
628 347 720 389 spes
738 329 935 389 affulgeat
956 332 1059 383 fore,
1082 343 1126 373 ut
1148 333 1201 372 ab
1226 332 1297 372 illo
1321 330 1505 388 Imperio
1519 332 1629 386 justa
1650 331 1938 374 ardentissima
1954 335 2043 375 No-

217 407 299 438 stra
324 396 547 446 desideria,
563 395 893 453 justissimasque
925 396 1098 437 Nostras
1122 395 1426 454 postulationes
1449 395 1667 436 notissima
1695 396 1887 452 quaedam
1906 397 2044 439 elimi-

216 472 369 503 nentur
389 460 594 518 principia
616 461 668 501 ab
700 459 941 517 Apostolica
975 461 1080 501 Sede
1107 472 1310 518 perpetuo
1335 460 1589 518 improbata,
1619 476 1665 501 ac
1688 471 1913 518 propterea
1941 462 2045 503 inibi

216 525 399 567 Ecclesia
422 525 464 566 in
488 541 603 566 suam
626 525 866 566 restituatur
893 524 1127 567 libertatem
1159 542 1254 567 cum
1287 525 1472 567 maximo
1506 525 1673 566 illorum
1695 525 1882 567 fidelium
1912 526 2043 580 bono,

219 602 342 648 atque
368 588 563 632 utilitate.
596 589 721 642 Quod
750 589 920 646 quidem
947 588 1047 630 dum
1080 606 1165 631 non
1196 590 1399 632 mediocri
1430 590 1559 631 animi
1589 589 1732 631 Nostri
1757 590 2046 633 consolatione

220 655 517 712 significamus,
543 654 667 711 plane
690 670 776 694 non
800 653 1054 705 dubitamus,
1080 655 1181 712 quin
1208 655 1251 696 id
1274 656 1395 696 vobis
1428 671 1514 696 non
1534 655 1626 696 leve
1660 653 1810 695 afferat
1830 655 2044 712 gaudium.

276 719 396 760 Idem
429 718 628 759 auxilium
659 734 681 758 a
720 718 877 760 Gallica
906 718 1077 759 natione
1108 720 1471 776 expostulavimus,
1498 735 1624 776 quam
1655 719 1852 776 singulari
1883 721 2047 777 paterni

220 784 348 825 animi
374 784 512 825 Nostri
537 783 844 832 benevolentia,
870 794 910 824 et
929 783 1081 824 affectu
1101 784 1405 841 prosequimur,
1426 799 1521 825 cum
1551 783 1659 825 illius
1682 783 1865 825 nationis
1887 784 2045 836 Clerus,

217 849 479 906 populusque
504 848 638 890 fidelis
667 848 863 888 omnibus
887 848 1120 905 quibusque
1146 848 1280 889 filialis
1305 848 1540 890 devotionis
1564 860 1604 889 et
1621 849 1896 890 observantiae
1918 849 2049 907 signi-

218 912 484 955 ficationibus
502 913 673 954 Nostras
698 912 968 963 calamitates,
991 923 1031 953 et
1049 912 1259 970 angustias
1276 914 1422 967 lenire,
1448 930 1495 955 ac
1515 913 1637 955 solari
1661 913 1879 955 studuerit.

277 1011 487 1069 Hispaniae
510 1026 677 1068 quoque
703 1026 826 1068 opem
854 1011 1153 1063 invocavimus,
1182 1030 1270 1070 quae
1295 1013 1347 1054 de
1368 1013 1534 1055 Nostris
1554 1013 1756 1071 angustiis
1779 1015 2049 1056 vehementer

219 1077 358 1127 anxia,
382 1087 504 1133 atque
527 1076 718 1126 sollicita,
734 1076 833 1117 alias
855 1076 1079 1117 catholicas
1096 1077 1286 1119 nationes
1301 1078 1485 1136 primum
1508 1078 1716 1129 excitavit,
1739 1090 1785 1119 ut
1809 1078 1922 1119 filiali
1942 1095 2050 1136 quo-

220 1142 317 1183 dam
337 1140 492 1182 foedere
512 1140 620 1181 inter
636 1156 677 1181 se
696 1139 818 1191 inito,
836 1156 1105 1182 communem
1126 1141 1315 1183 fidelium
1333 1143 1502 1184 Patrem
1523 1159 1570 1184 ac
1587 1143 1836 1200 Supremum
1859 1142 2051 1184 Ecclesiae

219 1207 434 1247 Pastorem
456 1205 499 1244 iu
521 1204 733 1262 propriam
753 1205 904 1246 Sedem
928 1205 1127 1247 reducere
1154 1207 1474 1248 contenderent.

278 1271 397 1309 Hanc
420 1268 601 1326 denique
624 1285 749 1327 opem
783 1270 836 1310 ab
869 1270 1086 1327 utriusque
1108 1271 1256 1312 Sicilire
1277 1287 1407 1330 regno
1429 1270 1764 1329 efflagitavimus,
1784 1271 1829 1312 in
1849 1288 1932 1328 quo
1956 1273 2051 1314 hos-

218 1335 402 1392 pitamur
428 1334 542 1392 apud
562 1334 670 1375 illius
690 1336 864 1393 Regem,
893 1335 963 1392 qui
988 1335 1031 1376 in
1053 1352 1193 1377 veram
1213 1336 1474 1393 solidamque
1493 1352 1663 1377 suorum
1686 1336 1943 1394 populorum
1962 1336 2052 1378 feli-

218 1399 386 1440 citatem
409 1399 745 1456 promovendam
777 1399 876 1441 totis
896 1400 1053 1441 viribus
1076 1400 1322 1443 incumbens
1342 1412 1459 1442 tanta
1489 1401 1707 1459 religione,
1733 1416 1780 1442 ac
1803 1400 1958 1458 pietate
1984 1417 2051 1442 re-

220 1463 364 1521 fulget,
384 1474 429 1504 ut
443 1463 524 1504 suis
545 1463 642 1521 ipsis
659 1464 825 1521 populis
841 1465 1033 1522 exemplo
1050 1481 1137 1506 esse
1153 1466 1297 1523 possit.
1315 1466 1400 1507 Etsi
1414 1482 1515 1507 vero
1531 1465 1653 1507 nullis
1665 1465 1803 1506 verbis
1818 1467 2052 1523 exprimere

219 1529 422 1585 possimus
442 1538 601 1584 quanta
626 1544 739 1578 cura,
766 1540 808 1569 et
831 1529 970 1570 studio
993 1529 1107 1570 idem
1129 1530 1328 1589 Princeps
1352 1532 1547 1572 eximiam
1571 1546 1689 1572 suam
1711 1529 1877 1571 filialem
1901 1531 1944 1570 in
1967 1531 2054 1573 Nos

221 1592 491 1633 devotionem
519 1593 708 1633 omnium
741 1594 975 1635 officiorum
1000 1610 1172 1650 genere,
1206 1607 1247 1637 et
1278 1596 1451 1654 egregiis
1486 1595 1603 1637 factis
1635 1594 1796 1635 assidue
1830 1594 1987 1647 testari,
2015 1607 2055 1637 et

220 1656 469 1698 confirmare
491 1657 668 1710 laetatur,
690 1668 832 1699 tamen
862 1659 1057 1715 praeclara
1085 1659 1272 1714 ejusdem
1290 1660 1494 1718 Principis
1514 1659 1557 1700 in
1578 1675 1654 1700 nos
1672 1660 1819 1699 merita
1836 1658 1949 1699 nulla
1973 1675 2054 1700 un-

221 1737 346 1778 quam
379 1721 536 1762 delebit
568 1721 740 1763 oblivio.
781 1722 927 1779 Neque
961 1722 1074 1763 taciti
1106 1724 1192 1764 ullo
1229 1724 1359 1765 modo
1383 1723 1593 1781 praeterire
1621 1739 1839 1780 possumus
1870 1723 2050 1781 pietatis,

221 1786 389 1835 amoris,
415 1796 455 1826 et
478 1785 667 1842 obsequii
700 1785 1036 1843 significationes,
1063 1788 1213 1844 quibus
1245 1789 1431 1844 ejusdem
1460 1788 1592 1846 Regni
1623 1787 1782 1838 Clerus,
1808 1798 1850 1828 et
1876 1789 2055 1846 populus

220 1850 307 1891 Nos
329 1851 524 1906 prosequi
547 1866 780 1907 numquam
807 1850 980 1906 destitit,
1002 1868 1054 1893 ex
1075 1868 1158 1909 quo
1182 1868 1360 1910 regnum
1379 1853 1514 1910 ipsum
1532 1853 1757 1910 attigimus.

280 1915 569 1967 Quamobrem
600 1915 641 1955 in
665 1930 757 1956 eam
788 1931 904 1972 spem
936 1916 1132 1974 erigimur
1165 1916 1253 1958 fore
1275 1929 1337 1970 ut,
1366 1919 1457 1958 Deo
1481 1918 1590 1958 bene
1611 1918 1805 1972 juvante,
1837 1916 2052 1959 catholicae

224 1978 302 2019 illse
331 1989 476 2036 gentes
504 1979 712 2029 Ecclesiae,
744 1982 914 2037 ejusque
946 1982 1107 2022 Summi
1135 1982 1348 2023 Pontificis
1377 1982 1610 2023 communis
1645 1980 1836 2022 omnium
1868 1981 2055 2023 fidelium

224 2043 358 2083 Patris
381 2058 549 2083 causam
571 2059 654 2100 prae
685 2044 814 2085 oculis
844 2046 1048 2087 habentes
1082 2045 1136 2087 ad
1167 2046 1330 2088 civilem
1353 2046 1603 2104 Apostolicae
1633 2045 1748 2087 Sedis
1768 2045 2055 2103 Principatum

224 2106 539 2160 vindicandum,
560 2107 613 2148 ad
628 2124 790 2165 pacem,
808 2120 849 2149 et
867 2110 1209 2167 tranquillitatem
1227 2111 1404 2153 subditis
1431 2111 1595 2153 Nostris
1613 2110 1911 2152 restituendam
1929 2126 2055 2167 quam

224 2172 409 2227 primum
442 2188 660 2213 accurrere
693 2186 935 2231 properent,
971 2190 1018 2216 ac
1041 2175 1225 2216 futurum
1255 2175 1522 2227 confidimus,
1548 2187 1591 2217 ut
1613 2174 1878 2216 sanctissima*
1902 2186 2056 2217 nostrae

225 2235 467 2293 Religionis,
501 2248 541 2277 et
565 2237 692 2278 civilis
723 2239 928 2280 societatis
960 2239 1098 2281 hostes
1134 2241 1186 2281 ab
1222 2242 1326 2282 urbe
1347 2243 1500 2293 Roma,
1525 2251 1699 2296 totoque
1731 2238 1924 2280 Ecclesiae
1948 2250 2056 2281 statu

227 2312 513 2342 amoveantur.
539 2303 677 2358 Atque
694 2302 737 2343 id
755 2304 827 2343 ubi
846 2305 1079 2361 contigerit,
1099 2306 1214 2346 omni
1235 2316 1345 2347 certe
1361 2304 1591 2363 vigilantia,
1610 2302 1763 2357 studio,
1785 2302 2054 2345 contentione

229 2380 251 2405 a
271 2364 403 2405 Nobis
420 2365 497 2405 erit
520 2366 767 2417 curandum,
794 2378 838 2408 ut
855 2368 912 2408 illi
936 2384 1080 2410 omnes
1101 2385 1275 2421 errores,
1304 2380 1344 2411 et
1361 2369 1600 2427 gravissima
1617 2367 1915 2425 propulsentur
1934 2384 2055 2410 scan-

230 2428 339 2479 dala,
366 2444 455 2485 quse
489 2445 583 2470 cum
606 2431 728 2472 bonis
752 2433 948 2473 omnibus
972 2444 1059 2474 tam
1090 2435 1361 2475 vehementer
1385 2433 1529 2475 dolere
1562 2432 1798 2475 debuimus.
1839 2434 1977 2490 Atque
2011 2434 2053 2474 in

228 2492 372 2550 primis
400 2494 464 2534 vel
487 2494 667 2536 maxime
699 2496 1034 2547 allaborandum,
1063 2509 1109 2539 ut
1132 2499 1354 2539 hominum
1377 2509 1551 2547 mentes,
1574 2513 1620 2539 ac
1642 2498 1877 2539 voluntates
1897 2497 2052 2554 impio-

230 2572 324 2597 rum
343 2556 531 2613 fallaciis,
558 2558 732 2610 insidiis,
759 2572 799 2601 et
816 2561 1032 2604 fraudibus
1055 2563 1340 2604 miserandum
1358 2563 1401 2603 in
1418 2562 1592 2603 modum
1607 2562 1791 2620 deceptae
1810 2561 2055 2603 collustren-

230 2631 297 2662 tur
329 2621 588 2678 sempiternae
614 2625 795 2665 veritatis
826 2625 1001 2676 lumine,
1027 2642 1111 2683 quo
1136 2627 1329 2668 homines
1357 2626 1435 2684 ipsi
1469 2627 1766 2668 funestissimos
1786 2641 1990 2676 errorum,
2014 2636 2055 2667 et

229 2684 426 2726 vitiorum
446 2685 600 2727 fructus
620 2700 862 2744 agnoscant,
889 2701 1012 2746 atque
1031 2691 1083 2731 ad
1099 2691 1279 2740 virtutis,
1300 2691 1483 2745 justitiae,
1504 2702 1546 2732 et
1559 2690 1770 2749 religionis
1787 2691 1952 2732 semitas
1970 2705 2054 2731 am-

229 2748 469 2806 plectendas
503 2750 752 2802 excitentur,
788 2764 829 2793 et
862 2753 1189 2795 inflammentur.
1228 2755 1394 2812 Optime
1430 2756 1543 2796 enim
1575 2755 1759 2807 noscitis,
1785 2753 2053 2796 Venerabiles

231 2814 410 2862 Fratres,
435 2814 646 2855 horrenda
669 2816 754 2868 illa,
784 2827 825 2857 et
856 2817 1080 2875 omnigena
1101 2817 1348 2875 opinionum
1373 2831 1559 2861 monstra
1582 2836 1672 2877 quae
1695 2835 1746 2860 ex
1771 2818 1905 2876 abyssi
1925 2829 2052 2875 puteo

233 2877 286 2918 ad
310 2877 499 2928 exitium,
529 2890 569 2919 et
592 2880 830 2921 vastitatem
853 2896 1010 2922 emersa
1034 2882 1158 2939 longe
1177 2884 1263 2937 jam
1293 2883 1459 2940 lateque
1487 2900 1582 2925 cum
1611 2885 1793 2926 maximo
1822 2881 2049 2939 religionis,

231 2941 442 2999 civilisque
480 2943 688 2983 societatis
723 2944 972 2986 detrimento
1005 2945 1230 2998 invaluere,
1254 2962 1300 2987 ac
1331 2947 1657 2990 debacchantur.
1686 2950 1798 3001 Quas
1820 2960 2050 3003 perversas,

232 3006 529 3064 pestiferasque
560 3007 768 3048 doctrinas
799 3009 955 3050 inimici
985 3010 1176 3051 homiues
1208 3026 1278 3051 seu
1301 3028 1418 3062 voce,
1452 3028 1524 3054 seu
1557 3013 1731 3070 scripti5
1769 3026 1840 3051 seu
1876 3008 2052 3067 publicis

233 3071 474 3128 spectaculis
490 3071 534 3112 in
551 3072 698 3129 vulgus
713 3072 984 3133 disseminare
996 3089 1225 3131 numquam
1246 3075 1539 3128 intermittunt,
1564 3088 1610 3118 ut
1632 3077 1839 3117 effraenata
1856 3075 2052 3130 cujusque

232 3135 468 3193 impietatis,
492 3137 742 3194 cupiditatis,
767 3137 952 3179 libidinis
973 3138 1139 3179 licentia
1163 3140 1296 3197 magis
1318 3141 1360 3181 in
1383 3141 1471 3182 dies
1489 3152 1703 3199 augeatur,
1724 3150 1766 3180 et
1780 3148 2048 3197 propagetur.

233 3198 344 3241 Hinc
372 3216 499 3258 porro
529 3201 606 3242 illae
627 3215 770 3244 omnes
792 3202 1060 3254 calamitates,
1083 3204 1222 3254 exitia,
1247 3215 1288 3245 et
1306 3204 1457 3257 luctus,
1483 3206 1632 3262 quibus
1653 3205 1884 3245 humanum
1903 3216 2047 3260 genus,
