2135 3442
140 160 217 197 406
633 160 821 196 LETTRE
849 160 1194 207 APOSTOLIQUE
1221 160 1286 196 DE
1315 160 1393 196 PIE
1420 160 1496 197 IX.

137 246 306 288 soribus
334 246 501 288 Nostris
533 248 858 304 quomodolibet
886 264 1186 291 concessorum
1208 245 1441 289 amissionis
1466 261 1614 305 poenas
1634 261 1684 289 eo
1708 246 1802 305 ipso
1822 249 1981 306 pariter

136 310 387 366 incurrisse3
413 327 493 354 nec
520 328 543 353 a
568 313 755 355 censuris
781 314 1025 370 hujusmodi
1056 330 1079 355 a
1105 328 1339 371 quoquam,
1371 311 1454 352 nisi
1478 327 1501 352 a
1521 311 1669 363 Nobis,
1693 328 1766 354 seu
1786 315 1983 356 Romano

136 376 345 419 Pontifice
364 392 444 435 pro
467 388 665 435 tempore
688 378 892 420 existente
916 380 1218 436 (praeterquam
1238 378 1282 418 in
1313 376 1463 418 mortis
1483 376 1677 428 articulo,
1701 388 1743 418 et
1762 389 1866 420 tunc
1885 394 1983 420 cum

136 441 412 483 reincidentia
435 442 477 483 13
508 442 677 484 easdem
697 458 897 485 censuras
918 460 968 484 60
990 443 1079 501 ipso
1101 459 1187 501 quo
1212 440 1519 497 convaluerint)
1551 441 1712 483 absolvi
1740 458 1788 484 ac
1811 443 1982 486 liberari

134 521 284 564 posse,
319 524 365 549 ac
398 506 570 565 insuper
606 508 831 559 inhabiles,
868 520 910 550 et
936 508 1157 567 incapaces
1187 524 1291 559 esse,
1327 507 1399 565 qui
1431 506 1708 549 absolutionis
1728 508 1982 551 beneficium

136 583 463 630 consequantur,
502 572 638 614 donec
677 573 821 614 omnia
851 573 1178 630 quomodolibet
1208 583 1415 614 attentata
1446 572 1614 629 publice
1643 573 1976 625 retractaverint,

135 636 444 687 revocaverint,
474 637 747 688 cassaverint,
774 649 816 680 et
842 638 1125 689 aboleverint,
1150 654 1198 679 ac
1219 638 1362 679 onmia
1388 636 1432 677 in
1461 636 1688 696 pristinum
1708 648 1864 679 statum
1885 639 1979 697 ple-

134 701 253 743 narie
270 713 312 743 et
333 717 430 743 cum
450 700 601 743 effectu
625 701 1024 761 redintegraverint,
1044 703 1111 744 vel
1129 703 1232 744 alias
1254 703 1442 745 debitam
1465 734 1474 753 ,
1501 713 1540 742 et
1554 701 1811 761 condignam
1832 704 1981 746 Eccle-

134 765 220 817 siae,
246 782 294 807 ac
318 766 469 817 Nobis,
506 777 547 807 et
575 766 672 808 huic
693 767 856 808 Sanctae
882 767 980 809 Sedi
1001 767 1334 809 satisfactionem
1367 766 1409 808 in
1440 767 1664 825 pra-missis
1689 768 1979 826 praestiterint.

133 830 297 872 Idcirco
332 830 426 872 illos
459 847 608 872 omnes
643 830 770 872 etiam
802 832 1105 889 specialissima
1137 832 1353 873 mentione
1384 831 1551 890 dignos,
1584 848 1663 874 nec
1691 849 1779 874 non
1810 833 1982 875 illorum

133 909 393 937 successores
413 895 457 937 in
486 895 634 937 officiis
664 912 687 936 a
715 896 1031 950 retractatione,
1052 896 1338 948 revocatione,
1360 907 1402 938 et
1429 896 1659 938 abolitione
1689 897 1903 949 omnium,
1935 910 1984 941 ut

132 974 274 1018 supra,
303 972 607 1002 attentatarum
632 976 710 1018 per
733 977 776 1003 56
796 961 909 1020 ipsos
932 962 1139 1013 facienda,
1166 961 1232 1003 vel
1253 961 1355 1003 alias
1375 962 1519 1004 debita
1541 973 1583 1003 et
1602 962 1814 1021 condigna
1834 963 1982 1006 Eccle-

132 1023 216 1076 siae,
239 1041 286 1066 ac
302 1026 452 1078 Nobis,
478 1037 519 1067 et
547 1025 666 1066 dictae
688 1027 849 1068 Sanctae
870 1027 968 1069 Sedi
989 1026 1274 1068 satisfactione
1294 1026 1464 1068 realiter
1483 1038 1524 1068 et
1543 1043 1640 1069 cum
1661 1026 1813 1069 effectu
1836 1029 1879 1069 in
1900 1030 1981 1071 eis-

132 1089 230 1131 dem
269 1090 494 1148 praemissis
531 1091 799 1142 exhibenda,
834 1092 1112 1150 praesentium
1154 1092 1436 1143 Litterarum,
1479 1108 1552 1133 seu
1592 1092 1674 1133 alio
1708 1108 1980 1152 quocumque

131 1165 353 1212 praetextu,
380 1155 557 1197 minime
586 1156 747 1198 liberos
768 1167 809 1198 et
831 1170 1065 1216 exemptos,
1090 1158 1163 1199 sed
1184 1173 1352 1215 semper
1372 1156 1425 1198 ad
1450 1158 1559 1198 hanc
1587 1157 1797 1216 obligatos
1824 1158 1916 1200 fore
1940 1170 1981 1201 et

133 1234 236 1270 esse,
257 1230 303 1262 ut
337 1220 617 1263 absolutionis
638 1221 894 1264 beneficium
915 1224 1111 1264 obtinere
1137 1222 1321 1273 valeant,
1347 1222 1594 1264 earumdem
1619 1233 1768 1264 tenore
1792 1241 1979 1282 praesen-

131 1283 237 1324 tium
262 1284 532 1326 decernimus
552 1297 594 1327 et
610 1286 770 1343 pariter
792 1286 1073 1329 declaramus.

190 1350 303 1390 Dum
333 1361 473 1391 31116111
499 1351 611 1392 lianc
640 1351 829 1393 muneris
859 1352 1004 1393 Nostri
1037 1363 1217 1410 partem,
1248 1351 1355 1393 tristi
1381 1352 1470 1393 Nos
1508 1363 1686 1409 urgente
1712 1353 1978 1406 necessitate,

129 1426 358 1456 moerentes
382 1414 623 1472 implemus,
657 1416 832 1458 minime
863 1416 1178 1468 obliviscimur,
1211 1416 1507 1474 Nosmetipsos
1541 1416 1655 1458 Illius
1687 1416 1756 1459 hic
1786 1417 1830 1459 in
1860 1419 1983 1461 terris

128 1478 329 1520 vicariam
358 1495 532 1537 operam
553 1496 701 1538 agere,
733 1480 914 1538 quinon
949 1482 1038 1523 vult
1069 1491 1241 1522 mortem
1269 1488 1523 1538 peccatoris,
1548 1482 1625 1522 secl
1654 1492 1700 1524 ut
1719 1493 1986 1525 convertatur

129 1553 171 1584 et
200 1550 325 1595 vivat,
358 1544 516 1602 quique
538 1544 582 1586 111
613 1546 825 1587 mundum
853 1553 965 1589 venit
984 1563 1199 1605 quaerere,
1225 1556 1265 1588 et
1285 1547 1448 1588 salvum
1472 1548 1618 1604 facere
1638 1549 1751 1606 quod
1768 1555 1978 1605 perierat.

128 1609 400 1667 Quapropter
427 1610 471 1650 111
502 1610 743 1653 1131111111316
765 1611 905 1653 cordis
927 1612 1071 1653 Nostri
1108 1611 1427 1653 ferventissimis
1455 1611 1654 1668 precibus
1680 1612 1817 1670 Ipsius
1849 1613 1979 1656 mise—

128 1673 360 1714 ricordiam
391 1674 481 1715 sine
513 1675 829 1716 intermissione
857 1675 1137 1734 imploramus
1169 1687 1211 1718 et
1241 1675 1521 1733 exposcimus,
1559 1688 1605 1717 ut
1637 1692 1710 1718 605
1740 1693 1904 1729 0111365,
1937 1679 1981 1720 111

130 1753 237 1795 quos
271 1739 651 1781 ecclesiasticarum
687 1756 910 1797 poenarum
943 1741 1210 1783 severitatem
1241 1741 1444 1783 adhibere
1474 1741 1608 1783 coacti
1636 1757 1796 1793 sumus,
1831 1743 1981 1786 divina*

130 1818 214 1844 suae
232 1803 375 1860 gratiae
395 1804 556 1846 lumine
577 1805 786 1862 propitius
806 1804 1002 1857 illustret,
1027 1817 1155 1863 atque
1177 1805 1461 1863 omnipotenti
1486 1822 1559 1847 sua
1579 1805 1732 1848 virtute
1757 1807 1809 1849 de
1834 1809 1978 1865 perdi-

129 1866 259 1909 tionis
277 1868 343 1909 via
364 1869 417 1910 ad
442 1869 588 1911 salutis
611 1869 825 1912 tramitem
849 1871 1041 1912 reducat.

188 1956 474 1998 Decernentes
503 1968 731 2014 praesentes
761 1957 953 2009 Litteras,
987 1969 1028 2000 et
1065 1958 1109 2000 in
1135 1958 1192 2000 eis
1223 1969 1425 2000 contenta
1454 1973 1748 2015 quaecumque,
1776 1959 1903 2002 etiam
1930 1977 1981 2004 ex

131 2035 181 2061 60
226 2021 339 2077 quod
374 2021 561 2078 praefati,
600 2033 641 2062 et
676 2022 746 2064 alii
782 2022 1040 2081 quicumque
1070 2023 1114 2064 111
1146 2022 1373 2081 praemissis
1408 2023 1612 2065 interesse
1649 2024 1870 2077 habentes,
1905 2042 1980 2068 seu

128 2084 288 2127 habere
315 2086 643 2142 quomodolibet
674 2088 1002 2145 praetendentes,
1041 2088 1222 2143 cujusvis
1253 2099 1401 2139 513135,
1433 2088 1602 2145 gradus,
1636 2088 1812 2141 ordinis,
1843 2107 1978 2148 praee—

129 2149 363 2201 minentioe,
397 2162 439 2192 et
475 2151 691 2209 dignitatis
714 2152 919 2203 existant,
954 2169 1024 2194 seu
1061 2153 1163 2194 alias
1203 2154 1395 2211 specifica
1432 2163 1474 2194 et
1511 2152 1728 2195 individua
1762 2155 1980 2198 mentione

130 2225 172 2256 et
200 2215 471 2272 expressione
501 2217 617 2274 digni
649 2217 730 2259 illis
762 2235 850 2274 1103
880 2219 1190 2272 consenserint,
1225 2218 1298 2260 sed
1330 2219 1383 2260 ad
1415 2234 1464 2260 63
1497 2218 1651 2269 vocati,
1687 2218 1802 2260 citati
1832 2231 1874 2261 et
1901 2237 1976 2262 au—

131 2278 228 2329 diti,
264 2295 503 2337 causaeque,
533 2293 708 2340 propter
736 2299 841 2340 quas
870 2295 1099 2341 praesentes
1127 2283 1438 2337 emanaverint,
1467 2283 1724 2325 sufficienter
1757 2284 1973 2338 adductae‚

128 2343 369 2395 verificatae,
396 2361 483 2385 non
517 2346 691 2398 fuerint,
718 2359 790 2389 aut
818 2364 869 2389 ex
898 2347 977 2389 3113
1005 2348 1196 2406 qualibet
1217 2364 1357 2399 causa,
1391 2348 1549 2399 colore,
1580 2360 1803 2405 pratextu,
1835 2361 1877 2391 et
1904 2367 1974 2392 ca-

128 2408 229 2465 pite,
265 2409 382 2450 nullo
418 2426 608 2466 unquam
640 2424 832 2470 tempore
862 2412 914 2454 de
944 2412 1231 2484 subieptionis
1262 2413 1326 2454 vel
1357 2412 1634 2471 obreptionis,
1671 2425 1743 2454 aut
1768 2413 1974 2457 nullitatis

128 2472 244 2523 vitio,
287 2485 358 2514 aut
398 2473 644 2518 intentionis
684 2478 866 2548 Nostine,
903 2478 969 2519 vel
1006 2478 1210 2520 interesse
1244 2477 1497 2520 habentium
1530 2494 1774 2529 consensus,
1811 2495 1859 2521 ac
1890 2480 1973 2523 alio

128 2552 397 2610 quocumque
425 2538 593 2581 defectu
626 2544 790 2593 1101311,
826 2542 1089 2616 impugnari,
1126 2543 1327 2602 infringi,
1362 2543 1607 2594 1611361311,
1646 2544 1690 2584 13
1721 2555 1973 2588 controver-

128 2603 233 2643 siam
259 2602 414 2652 vocali,
442 2615 511 2645 aut
538 2606 592 2645 ad
615 2607 822 2649 terminos
847 2607 952 2663 juris
978 2608 1140 2658 reduci,
1167 2624 1241 2650 seu
1267 2608 1346 2649 adv
1339 2624 1469 2650 ersus
1489 2608 1581 2650 11135
1603 2608 1849 2680 aperitionis
1868 2609 1966 2661 oris,

126 2667 406 2709 restitutionis
435 2669 479 2709 in
508 2668 745 2727 integium,
770 2672 936 2715 aliudve
954 2673 1255 2730 quodcumque
1279 2672 1401 2728 juris,
1429 2672 1528 2714 sacti
1561 2673 1627 2714 xel
1654 2673 1799 2731 gratiae
1831 2690 1970 2716 reme-

128 2730 244 2772 dium
268 2731 492 2782 intentati,
521 2734 587 2774 vel
620 2735 863 2793 impetraii,
901 2748 974 2778 aut
1005 2737 1250 2794 impetratO,
1291 2752 1363 2778 563
1398 2736 1524 2778 611331
1554 2749 1696 2791 111013,
1727 2738 1903 2780 56163113
1928 2750 1970 2781 61

126 2797 346 2852 potestatis
381 2764 649 2853 plenitudine
681 2801 853 2856 paribus
880 2817 1099 2852 concesso,
1128 2812 1170 2843 et
1200 2812 1414 2850 6111311310,
1449 2802 1693 2860 quempiam
1721 2802 1765 2843 in
1786 2802 1965 2858 judicio,

125 2861 192 2901 vel
216 2872 333 2902 extra
355 2860 460 2901 illud
488 2860 573 2912 uti,
607 2878 679 2903 seu
701 2864 837 2918 juvari
862 2865 948 2905 ullo
978 2865 1109 2906 modo
1140 2881 1290 2923 posse,
1314 2866 1390 2908 sed
1412 2866 1522 2924 ipsas
1546 2879 1770 2925 praesentes
1789 2867 1969 2910 Litteras

126 2939 293 2984 semper
328 2926 488 2977 firmas,
526 2926 698 2977 validas,
739 2939 779 2968 et
811 2929 1000 2972 efficaces
1037 2929 1212 2972 existere
1247 2941 1290 2972 et
1324 2931 1437 2982 fore,
1468 2947 1650 2989 suosque
1678 2932 1894 2989 plenarios
1925 2945 1966 2975 et

126 3000 315 3049 integros
347 2990 520 3033 effectus
556 2991 720 3043 sortiri,
750 3004 791 3033 et
823 2994 1040 3045 obtinere,
1078 3011 1125 3037 ac
1160 2996 1212 3036 ab
1246 2995 1342 3047 illis,
1374 2996 1429 3038 ad
1459 3013 1564 3054 quos
1596 3008 1775 3054 spectat,
1808 3009 1850 3039 et
1883 3012 1962 3054 pro

126 3065 320 3113 tempore
350 3055 704 3114 quandocumque
742 3058 969 3114 spectabit,
1001 3059 1326 3111 iuviolabiliter,
1367 3072 1408 3102 et
1433 3061 1679 3104 inconcusse
1712 3060 1956 3102 observari:

126 3118 267 3177 sicque
307 3132 349 3163 et
385 3138 472 3163 1103
510 3121 629 3162 311161·
663 3121 707 3162 13
746 3122 972 3179 praemissis
1008 3139 1083 3180 per
1124 3140 1414 3182 quoscumque
1450 3126 1614 3181 judices
1650 3124 1887 3166 ordinarios
1918 3135 1961 3166 et

127 3183 358 3243 delegatos,
381 3186 510 3229 etiam
536 3202 762 3229 >causarum
791 3186 937 3229 Palatii
967 3187 1204 3244 Apostolici
1238 3189 1484 3240 Auditores,
1507 3201 1549 3231 et
1576 3190 1618 3231 S.
1645 3191 1698 3230 R.
1727 3190 1778 3230 E.
1809 3187 1957 3229 Cardi—
