2135 3442
181 169 258 206 122
681 163 872 200 LETTRE
900 160 1213 206 ENCYCLIQUE
1242 160 1306 194 DE
1336 159 1415 193 PIE
1445 159 1531 194 VII.

179 253 276 295 labe
297 252 448 311 pollui,
475 267 525 293 ac
548 251 705 293 scelere
732 249 908 307 alligari,
943 260 1068 306 atque
1095 245 1214 288 Sedis
1238 243 1493 302 Apostolicae
1519 243 1711 292 decretis,
1746 258 1794 284 ac
1816 244 2030 285 sententiis

180 334 268 359 non
298 332 464 376 parere.
494 317 569 358 Nae
591 315 710 357 haud
747 315 887 356 minus
917 324 977 355 est
1008 313 1154 362 virtus,
1187 310 1345 351 Nostra
1376 307 1596 359 memoria,
1645 323 1773 365 quam
1805 307 2030 350 crudelitas

180 392 382 424 renovata
403 380 639 439 priscorum
668 391 928 438 temporum.
954 377 1103 434 Neque
1132 374 1217 416 ulla
1244 389 1345 415 vero
1366 373 1530 432 uspiam
1554 389 1655 432 gens
1688 383 1764 420 est,
1792 386 1921 428 quam
1944 388 2031 414 non

180 462 278 488 mea
311 445 527 505 cogitatio,
563 456 846 504 paternusque
869 457 1004 495 amor,
1031 451 1073 482 et
1093 455 1191 482 cura
1223 438 1547 496 complectatur,
1583 439 1703 494 cujus
1726 452 1750 477 a
1769 437 1919 487 Nobis,
1946 447 1987 479 et
2008 453 2031 477 a

181 512 354 553 veritate
374 510 546 552 dissidio
558 525 645 551 non
658 508 782 550 valde
803 521 988 548 meream
1007 516 1049 546 et
1063 504 1310 558 discrucier,
1332 504 1484 561 cuique
1506 501 1703 561 opitulari
1718 516 1806 542 non
1838 501 2027 559 gestiam.

180 576 415 618 Nobiscum
437 590 537 632 ergo
562 574 804 615 societatem
824 571 951 613 etiam
971 570 1079 611 coite
1101 584 1291 626 precum,
1320 567 1486 626 utzpost
1507 568 1754 610 diuturnam
1773 566 1883 607 hanc
1899 567 2032 622 jacta-

181 641 343 682 tionem
371 661 389 677 «
413 639 601 681 Ecclesia
624 639 778 679 habeat
812 651 976 694 pacem,
1013 644 1059 675 ut
1079 633 1308 674 aedificetur
1337 633 1561 675 ambulans
1589 634 1633 674 in
1663 633 1816 673 timore
1838 630 2028 679 Domini,

187 731 206 747 κ
237 722 279 753 et
295 709 585 753 consolatione
607 708 747 750 Sancti
769 707 963 765 Spiritus,
990 704 1191 760 nullaque
1210 719 1275 745 res
1281 704 1371 760 jam
1388 704 1608 762 impediat,
1633 724 1650 740 »
1685 703 1787 760 quin
1815 721 1831 738 «ι
1855 716 1987 742 unum
2008 720 2025 735 »

184 791 237 818 ex
266 775 463 817 omnibus
493 774 733 815 nationibus
761 793 779 809 (ε
818 771 926 812 ovile
955 768 1042 818 fiat,
1062 779 1103 810 et
1125 785 1233 810 unus
1265 780 1421 826 pastor.
1457 788 1475 804 »
1492 769 1624 810 Vobis
1638 769 1798 809 interea
1812 778 1900 808 tam
1921 765 2032 807 bene

184 841 392 889 animatis,
417 855 466 881 ac
487 839 658 896 paratis,
682 848 738 886 et,
763 837 831 877 cui
859 832 1108 887 praesidetis,
1131 834 1247 891 gregi
1268 833 1545 891 apostolicam
1565 832 1911 875 Benedictionem
1933 845 2033 888 pro—

182 905 430 963 pensissima
449 903 665 945 voluntate
705 899 983 958 impertimur.

242 971 400 1011 Datum
427 968 614 1009 Venetiis
642 982 690 1008 ex
717 964 978 1006 monasterio
1003 962 1046 1003 S.
1070 962 1241 1021 Georgii
1264 963 1452 1019 Majoris,
1486 962 1554 1005 dje
1579 962 1742 1005 decima
1760 962 1908 1018 quinta
1933 959 2033 1002 maii

182 1034 405 1077 millesimo
430 1031 799 1090 octingentisemo,
823 1027 1094 1070 pontificatus
1111 1027 1254 1069 Nostri
1275 1044 1386 1070 anno
1400 1029 1555 1086 primo.

971 1814 1232 1850 MDCCCXXI
1239 1840 1247 1848 .

541 2003 597 2059 S.
649 2002 706 2057 S.
758 1999 1032 2056 DOMINI
1090 1997 1360 2055 NOSTRI
1418 1995 1524 2051 PII
1571 1993 1679 2050 VII

805 2129 1070 2173 EPISTOLA
1102 2126 1407 2172 ENGYCLICA

588 2233 828 2275 Ecclesiam
847 2249 874 2273 a
892 2231 992 2273 Iesu
1018 2230 1208 2285 Christo,
1231 2240 1277 2271 ut
1301 2227 1428 2281 infra,
1455 2244 1499 2286 p.
1528 2231 1626 2270 136.
