2135 3442
154 129 226 164 384
761 122 1067 159 ALLOCUTION
1101 122 1164 157 DE
1193 121 1272 156 PIE
1304 120 1372 156 IX.

154 214 257 257 nihil
279 213 446 254 valuere
479 210 831 269 expostulationes
864 207 1125 251 Venerabilis
1168 206 1323 248 Fratris
1360 205 1507 247 Aloisii
1543 205 1859 264 Archiepiscopi
1892 209 1978 249 Da-

152 277 334 321 masceni
369 276 510 319 Nostri
539 277 597 317 ibi
629 276 821 333 Delegati
855 272 1099 331 Apostolici,
1127 283 1168 313 et
1190 269 1506 312 Venerabilium
1534 272 1727 311 Fratrum
1754 281 1842 311 tum
1868 272 1979 313 Petri

151 341 344 402 Episcopi
360 340 752 389 Guadalaxarensis,
778 351 865 380 tum
890 339 1000 379 Petri
1022 338 1218 395 Episcopi
1239 338 1282 377 S.
1308 335 1452 376 Aloisii
1478 336 1748 386 Potosiensis,
1774 336 1844 392 qui
1866 338 1982 377 omni

151 407 290 449 studio
309 407 419 462 apud
438 406 551 447 idem
572 404 836 447 Gubernium
861 418 982 459 agere
1005 418 1086 442 non
1114 400 1377 450 destiterunt,
1405 411 1450 440 ut
1476 400 1545 440 illa
1582 400 1887 457 abrogarentur
1910 400 1985 442 de-

154 483 281 513 creta.
312 470 579 512 Mexicanuin
615 471 726 510 enim
761 468 1025 509 Gubernium
1057 466 1121 507 his
1153 481 1323 523 quoque
1347 465 1582 519 justissimis
1614 465 1985 507 reclamationibus

152 536 277 595 plane
299 536 516 593 despectis,
544 534 714 575 ulterius
729 531 1022 590 progrediens,
1044 542 1085 571 et
1105 532 1219 571 bona
1241 530 1402 581 omnia,
1427 546 1516 586 quae
1543 529 1724 570 Ecclesia
1744 528 1785 569 in
1808 540 1896 570 tota
1916 528 1984 570 illa

153 600 383 659 Republica
416 599 617 657 possidet,
650 597 726 638 sibi
752 612 852 637 ausu
884 611 1054 652 prorsus
1084 595 1327 647 temerario,
1361 605 1402 635 et
1427 593 1626 651 sacrilego
1656 592 1878 634 vendicare
1908 610 1986 636 cu-

153 665 287 723 piens,
322 664 431 705 aliud
472 663 539 704 die
567 663 764 719 vigesimo
790 660 938 717 quinto
966 662 1071 714 junii
1102 661 1224 715 hujus
1251 659 1348 701 anni
1375 658 1507 700 edidit
1533 659 1762 709 decretum,
1801 658 1987 716 illudque

156 731 221 771 die
242 729 440 787 vigesimo
461 739 608 768 octavo
641 726 827 782 ejusdem
848 724 1002 766 mensis
1021 725 1218 783 vulgavit,
1249 741 1331 782 quo
1361 723 1592 765 Ecclesiam
1618 724 1701 764 suis
1723 723 1921 764 omnibus
1945 723 1987 764 in

155 794 301 836 eadem
349 792 583 850 Republica
630 791 752 831 bonis
798 806 844 830 ac
886 789 1214 847 proprietatibus
1260 789 1434 830 omnino
1483 788 1660 846 spoliare
1703 804 1787 829 non
1841 799 1988 830 contra

157 871 241 900 tam
291 859 490 912 injustum
533 856 747 897 decretum
791 870 913 895 snum
954 870 1100 895 vocem
1143 854 1332 895 attollere
1375 853 1488 894 baud
1528 854 1757 893 omiserunt
1800 854 1988 894 Venera-

156 923 259 965 biles
293 924 455 963 Fratres
494 923 673 962 Lazarus
705 919 1051 976 Archiepiscopus
1097 918 1365 973 Mexicanus,
1397 919 1588 959 Clemens
1621 917 1851 975 Episcopus
1893 918 1988 958 Me-

156 1003 377 1037 coacanus,
412 997 452 1027 et
486 987 632 1026 Petrus
663 984 899 1042 Episcopus
929 982 1334 1034 Guadalaxarensis,
1370 982 1439 1039 qui
1468 982 1549 1023 suis
1585 981 1991 1040 expostulationibus

157 1052 294 1094 eidem
315 1051 562 1092 obsistentes
580 1049 764 1099 decreto,
792 1048 982 1089 Ecclesia¹
1003 1064 1170 1089 causam
1190 1058 1358 1088 strenue
1374 1058 1706 1104 propugnarunt.
1725 1045 1991 1087 Mexicanum

157 1133 255 1159 vero
291 1115 554 1158 Guberninm
588 1113 829 1169 hujusmodi
857 1114 1080 1154 Sacrorum
1109 1112 1356 1153 Antistitum
1380 1111 1700 1152 reclamationes
1735 1126 1821 1151 non
1854 1111 1991 1152 solum

159 1180 423 1238 contempsit,
448 1178 605 1234 rejecit,
632 1194 779 1219 verum
804 1177 930 1218 etiam
949 1176 1145 1227 decrevit,
1170 1176 1426 1234 Episcopum
1441 1176 1854 1217 Guadalaxarensem
1869 1174 1992 1216 exilio

158 1261 246 1287 esse
270 1245 579 1293 mulctandum,
606 1255 648 1285 et
666 1243 802 1301 legem
822 1242 1135 1300 promulgatam
1154 1241 1342 1282 celeriter
1360 1257 1407 1281 ac
1428 1256 1569 1282 severe
1590 1241 1918 1296 exsequendam.
1941 1241 1994 1280 Et

158 1326 243 1367 quo
275 1309 434 1351 facilius
462 1325 508 1350 ac
532 1308 653 1349 citius
679 1307 879 1365 sacrilega
906 1309 994 1348 haec
1019 1308 1230 1348 bonorum
1257 1305 1449 1347 Ecclesia?
1480 1304 1674 1363 spoliatio
1699 1304 1991 1351 conficeretur,

156 1374 271 1415 haud
289 1373 478 1415 extimuit
497 1372 632 1414 varias
654 1372 843 1430 stipulari
859 1371 1147 1424 alienationes,
1175 1383 1217 1413 et
1238 1370 1523 1412 ecclesiasticis
1546 1370 1720 1412 coetibus
1733 1369 1992 1428 permittere,

158 1451 204 1481 ut
226 1439 382 1480 fundos
404 1439 701 1489 distraherent,
725 1436 825 1494 quin
851 1437 1112 1478 adhaererent
1129 1453 1288 1478 normae
1309 1437 1362 1476 ab
1383 1435 1471 1492 ipso
1495 1434 1712 1477 Gubernio
1729 1435 1993 1493 praescriptae,

160 1503 395 1545 dummodo
419 1516 561 1544 tamen
582 1503 814 1543 solveretur
837 1502 951 1559 quod
975 1503 1051 1542 sibi
1075 1501 1340 1543 Gubernium
1361 1512 1529 1558 arrogat
1547 1501 1602 1541 ob
1623 1499 1792 1541 titulum
1809 1497 1998 1540 translati

160 1568 354 1618 dominii,
384 1579 426 1608 et
449 1568 536 1608 aliae
561 1578 828 1608 servarentur
851 1566 1120 1608 conditiones
1140 1568 1184 1608 in
1209 1566 1358 1607 eadem
1382 1566 1473 1622 lege
1494 1577 1670 1607 statutae.

219 1634 358 1688 Atque
382 1631 464 1680 hic,
489 1631 766 1673 ¹Venerabiles
787 1633 969 1678 Fratres,
994 1631 1100 1672 illud
1118 1632 1183 1671 vel
1202 1630 1382 1671 maxime
1399 1630 1648 1680 dolendum,
1668 1629 1783 1685 quod
1805 1628 1998 1670 nonnulli

161 1714 211 1739 ex
230 1695 452 1753 Religiosis
474 1695 656 1736 Familiis
676 1696 833 1753 reperti
854 1695 936 1735 sint
955 1694 1047 1745 viri,
1074 1695 1145 1751 qui
1166 1694 1348 1752 propriae
1368 1694 1617 1745 vocationis,
1642 1693 1782 1744 officii,
1808 1705 1849 1734 et
1874 1693 1997 1734 insti-

164 1761 242 1804 tuti
259 1776 433 1818 prorsus
447 1759 584 1810 obliti,
604 1776 650 1801 ac
673 1759 909 1816 regularem
928 1759 1195 1817 disciplinam
1213 1758 1352 1816 perosi
1374 1775 1459 1799 non
1477 1760 1684 1800 erubuere
1698 1774 1794 1799 cum
1815 1758 1998 1799 maximo

162 1825 350 1868 fidelium
372 1824 589 1877 scandalo,
610 1835 651 1865 et
674 1826 887 1865 bonorum
911 1824 1102 1865 omnium
1130 1824 1245 1865 luctu
1272 1823 1526 1880 Apostolicae
1549 1822 1790 1864 Visitationi
1817 1839 1841 1864 a
1866 1822 2001 1863 Nobis

163 1891 207 1931 in
228 1890 339 1947 ipsos
358 1889 588 1945 Regulares
610 1889 861 1939 constitntae,
886 1900 926 1930 et
945 1889 1188 1930 Venerabili
1210 1887 1345 1929 Fratri
1366 1888 1579 1945 Episcopo
1601 1889 1860 1929 Mecoacano
1882 1903 2000 1928 com-

163 1954 299 1995 missae
327 1953 596 2011 impudenter
621 1954 830 2003 resistere,
859 1954 1088 2004 adversari,
1113 1966 1152 1995 et
1182 1953 1354 1995 nefariis
1382 1952 1578 1994 Ecclesiae
1605 1952 1790 1994 hostium
1817 1951 2000 1993 consiliis

163 2020 317 2068 favere,
332 2030 373 2059 et
385 2029 762 2060 commemoratam
776 2018 912 2075 legem
929 2019 1138 2076 amplecti,
1152 2035 1198 2059 ac
1211 2017 1371 2076 proprii
1384 2016 1575 2058 Coenobii
1587 2017 1742 2058 fundos
1754 2016 1994 2065 divendere,

164 2083 420 2141 gravissimis
448 2084 684 2140 quibusque
709 2083 936 2125 Canonicis
961 2083 1250 2125 sanctionibus
1277 2094 1319 2124 et
1347 2082 1482 2140 poenis
1507 2082 1683 2123 omnino
1710 2082 1932 2139 despectis,
1960 2092 2001 2122 et

167 2148 436 2205 contemptis.
466 2151 526 2189 Ac
554 2148 647 2206 pari
675 2148 821 2189 dolore
851 2148 989 2189 dicere
1016 2148 1222 2206 cogimur,
1248 2147 1411 2204 aliquos
1435 2147 1564 2188 etiam
1591 2158 1632 2188 et
1659 2146 1781 2188 Clero
1806 2145 2001 2188 Saeculari

166 2212 292 2254 fuisse
314 2212 443 2263 viros,
476 2212 547 2269 qui
568 2228 650 2254 suae
673 2212 904 2270 dignitatis,
933 2213 1135 2264 muneris,
1165 2227 1466 2268 sacrorumque
1489 2214 1711 2252 Canonum
1730 2210 1999 2252 immemores

168 2288 209 2319 et
237 2276 428 2317 Ecclesiae
460 2293 628 2318 causam
661 2277 877 2327 deserere,
912 2289 953 2318 et
988 2278 1139 2320 eadem
1174 2277 1447 2333 injustissima
1484 2277 1575 2333 lege
1616 2275 1697 2326 uti,
1729 2286 1770 2316 et
1798 2273 2001 2316 Gubernii

167 2342 376 2383 voluntati
399 2342 577 2398 obsequi
603 2342 717 2383 haud
739 2342 859 2383 veriti
885 2354 998 2385 sunt.

226 2406 307 2448 Sed
329 2407 597 2447 Mexicanum
618 2407 900 2459 Gubernium,
927 2407 1217 2450 ecclesiasticis
1237 2407 1361 2448 bonis
1378 2404 1567 2463 direptiS,
1594 2404 1671 2445 alia
1698 2404 1795 2446 fecit
1815 2405 1995 2454 decreta,

168 2487 351 2528 quorum
371 2487 455 2511 uuo
476 2471 612 2528 legem
635 2472 687 2513 de
708 2473 891 2529 quadam
915 2472 1129 2530 Religiosa
1151 2471 1327 2513 Familia
1348 2471 1390 2512 in
1410 2470 1622 2512 Mexicum
1642 2469 1879 2511 revocanda
1900 2469 2002 2511 abo-

168 2535 283 2586 levit,
307 2535 440 2575 altero
461 2551 560 2576 vero
580 2535 825 2587 declaravit,
850 2553 893 2578 se
919 2553 1091 2578 omnem
1111 2553 1236 2594 opem
1255 2548 1295 2577 et
1321 2551 1495 2593 operam
1518 2536 1708 2592 praebere
1730 2534 1779 2575 iis
1805 2533 2002 2576 omnibus

170 2600 386 2656 utriusque
408 2616 528 2640 sexus
547 2601 819 2657 Regularium
845 2602 1056 2643 Ordinum
1079 2601 1318 2651 Sodalibus,
1343 2600 1413 2657 qui
1441 2616 1463 2641 a
1487 2610 1677 2656 suscepta
1702 2598 1897 2656 religiosa
1916 2598 1999 2639 vita

171 2663 417 2716 desciscere,
450 2664 631 2706 claustra
665 2666 878 2717 deserere,
911 2682 1038 2723 seque
1074 2683 1096 2707 a
1130 2666 1271 2707 debita
1304 2664 1488 2723 propriis
1521 2663 1860 2706 Moderatoribus
1891 2664 1999 2704 obe-

171 2728 328 2771 dientia
357 2728 537 2769 eximere
567 2729 737 2770 vellent.
770 2732 916 2787 Neque
944 2731 989 2771 id
1021 2730 1133 2772 satis.
1167 2730 1358 2786 Namque
1393 2728 1626 2771 Nationalis
1659 2728 1729 2769 ille
1761 2730 2002 2769 Conventus

171 2796 478 2851 Deputatorum
495 2793 679 2834 Consilio
702 2794 810 2835 inter
831 2795 1011 2852 plurima
1031 2806 1177 2836 contra
1199 2793 1500 2835 sanctissimam
1524 2804 1714 2835 nostram
1737 2791 1998 2850 religionem,

172 2860 341 2914 ejusque
369 2873 508 2898 sacros
536 2857 768 2908 Ministros,
794 2860 1001 2909 pastores,
1035 2870 1076 2900 et
1109 2858 1261 2899 Christi
1297 2858 1364 2899 hic
1399 2858 1441 2898 in
1476 2858 1599 2899 terris
1626 2856 1840 2899 Vicarium
1867 2855 2000 2897 male-

172 2923 299 2973 dicta,
321 2934 362 2964 et
380 2921 567 2964 convicia
589 2938 744 2963 novam
765 2924 986 2981 proposuit
1006 2923 1363 2965 Constitutionem
1384 2923 1528 2965 multis
1551 2922 1778 2965 conflatam
1797 2920 1998 2969 articulis,

174 3003 354 3045 quorum
374 2987 512 3045 plures
530 2985 682 3027 divinae
702 2986 778 3044 ipsi
799 2988 1008 3045 religioni,
1028 2990 1198 3044 ejusque
1220 2988 1391 3029 salutari
1410 2988 1626 3037 doctrinae,
1649 2984 2000 3040 sanctissimisque

175 3051 375 3093 institutis
392 3062 434 3093 et
449 3051 612 3107 juribus
632 3052 756 3108 plane
777 3051 1066 3094 adversantur.
1087 3053 1176 3093 Hac
1194 3053 1306 3093 enim
1327 3069 1434 3094 nova
1455 3051 1673 3110 proposita
1689 3047 1999 3092 Constitutione

175 3127 327 3172 praeter
347 3116 442 3167 alia,
467 3127 507 3157 et
533 3131 658 3157 omne
677 3115 945 3158 ecclesiastici
970 3116 1051 3157 fori
1072 3116 1336 3174 privilegium
1356 3117 1541 3171 tollitur,
1565 3127 1606 3158 et
1627 3115 1838 3164 statuitur,
1861 3110 1998 3154 nemi-
