2135 3442
208 157 283 195 458
820 154 1140 191 ALLOCUTION
1168 155 1236 190 DE
1264 154 1344 190 PIE
1372 154 1444 191 IX.

265 244 322 283 At
342 257 442 283 vero
465 257 514 282 eo
538 240 766 299 impietatis
787 252 828 283 et
851 240 1125 299 impudentiae
1151 240 1396 291 deveniunt,
1420 253 1468 282 ut
1490 241 1642 282 coelum
1662 253 1822 299 petere,
1847 257 1895 284 ac
1913 244 2052 285 Deum

206 307 345 365 ipsum
371 306 423 348 de
452 305 592 347 medio
619 306 770 347 tollere
797 317 1023 347 conentur.
1052 305 1210 363 Insigni
1243 306 1357 347 enim.
1387 306 1659 364 improbitate
1685 322 1733 347 ac
1760 306 1851 365 pari
1878 307 2053 350 stultitia

206 371 322 413 haud
341 371 493 413 timent
509 386 713 421 asserere,
732 371 897 413 nullum
914 385 1159 427 supremum
1176 371 1534 430 sapientissimum
1549 370 2053 430 providentissimumque

205 437 377 478 Numen
395 435 586 478 divinum
608 435 787 478 existere
808 436 862 477 ab
882 436 963 476 hac
980 450 1122 477 rerum
1143 436 1417 478 universitate
1434 435 1697 487 distinctum,
1720 452 1768 478 ac
1785 438 1924 479 Deum
1938 436 2055 480 idem

206 516 296 543 esse
316 517 364 543 ac
383 517 528 543 rerum
547 513 759 551 naturam,
779 511 821 541 et
840 499 991 542 iccirco
1011 499 1378 543 immutationibus
1397 501 1645 552 obnoxium,
1667 503 1891 559 Deumque
1907 517 2055 560 reapse

206 565 299 608 fieri
322 566 366 607 in
392 567 566 608 homine
588 578 630 609 et
650 565 829 616 mundo,
857 576 984 622 atque
1006 565 1149 607 omnia
1168 567 1307 608 Deum
1330 581 1434 617 csse,
1459 577 1501 607 et
1525 565 1777 625 ipsissimam
1797 566 1876 609 Dei
1895 566 2055 609 habere

208 632 506 683 substantiam,
531 648 580 674 ac
608 647 739 673 unam
769 630 1049 688 camdemque
1075 647 1167 672 rem
1195 647 1285 674 esse
1310 633 1446 674 Deum
1469 647 1567 673 cum
1594 632 1774 683 mundo,
1799 648 1848 674 ac
1872 631 2055 691 proinde

208 696 403 754 spiritum
426 713 523 738 cum
549 696 740 747 materia,
767 694 1064 737 necessitatem
1090 712 1187 738 cum
1211 695 1422 747 libertate,
1444 712 1592 738 verum
1618 713 1716 738 cum
1740 697 1864 748 falso,
1891 698 2057 739 bonum

208 776 306 802 cum
335 761 467 816 malo,
498 773 540 804 et
569 763 735 817 justum
765 776 863 802 cum
895 759 1069 816 injust0.
1100 761 1196 814 Quo
1227 773 1340 803 certe
1367 761 1473 803 nihil
1505 761 1759 814 dementius,
1788 761 1897 804 nihil
1923 762 2058 821 magis

210 825 409 884 impium,
444 827 553 868 nihil
590 838 741 868 contra
773 825 908 897 ipsam
939 825 1150 866 rationem
1182 825 1317 883 magis
1348 842 1592 899 repugnans
1622 827 1724 885 fingi
1753 837 1796 869 et
1828 825 2059 884 excogitari

210 906 401 948 unquam
434 903 593 950 potest.
625 893 689 933 De
723 890 976 933 auct01itate
1008 901 1151 932 autem
1183 901 1225 932 et
1249 893 1344 946 jure
1374 892 1431 932 ita
1464 902 1626 933 temere
1657 890 1871 943 effutiunt,
1900 902 1948 932 ut
1973 890 2057 932 im-

207 956 418 1014 pudenter
446 956 605 1008 dicant,
639 955 940 998 auctoritatem
967 955 1075 996 nihil
1104 956 1219 997 aliud
1246 971 1351 1007 esse,
1379 955 1461 998 nisi
1489 957 1673 1008 numeri,
1703 968 1744 998 et
1772 955 2060 998 materialium

207 1019 361 1063 virium
394 1037 625 1073 summam,
659 1036 708 1063 ac
736 1023 806 1077 jus
840 1020 887 1062 in
924 1019 1134 1062 materiali
1166 1019 1280 1062 facto
1312 1020 1556 1076 consistere,
1587 1032 1630 1063 et
1659 1021 1803 1063 omnia
1833 1020 2058 1063 hominum

208 1085 349 1127 officia
371 1102 460 1129 esse
483 1102 643 1128 nomen
668 1088 811 1137 inane,
837 1096 878 1127 et
904 1084 1049 1126 omnia
1069 1085 1257 1127 humana
1277 1085 1416 1128 facta
1403 1087 1508 1142 Juris
1526 1086 1612 1127 vim
1630 1087 1805 1129 habere.

267 1158 359 1198 Jam
380 1173 512 1216 porro
537 1168 783 1200 commenta
807 1155 1077 1207 commentis,
1103 1155 1382 1198 deliramenta
1403 1155 1692 1198 deliramentis
1713 1157 1995 1208 cumulantes,
2018 1167 2061 1197 et

210 1237 379 1263 omnem
417 1222 652 1281 legitimam
688 1222 1008 1274 auctoritatem,
1043 1231 1171 1279 atque
1209 1221 1353 1263 omnia
1388 1220 1576 1279 legitima
1608 1223 1720 1277 jura,
1758 1221 2057 1279 obligationes,

209 1286 347 1329 officia
370 1288 685 1339 conculcantes,
708 1287 817 1329 nihil
837 1286 1035 1328 dubitant
1054 1285 1098 1327 in
1123 1285 1212 1327 veri
1231 1285 1494 1344 legitimique
1514 1285 1621 1342 J'uris
1644 1286 1787 1327 locum
1807 1285 2062 1328 substituere

210 1352 314 1394 falsa
340 1368 388 1394 ac
413 1353 591 1395 mentita
617 1353 771 1394 virium
795 1354 908 1408 jura,
937 1367 985 1393 ac
1012 1367 1184 1393 morum
1213 1351 1411 1393 ordinem
1439 1367 1585 1393 rerum
1612 1349 1898 1392 materialium
1922 1349 2063 1391 ordini

210 1418 434 1473 subjicere.
457 1419 608 1476 Neque
632 1418 734 1460 alias
753 1417 866 1459 vires
886 1428 1140 1475 agnoscunt,
1165 1415 1247 1458 nisi
1270 1416 1379 1470 illas,
1404 1432 1495 1474 quae
1518 1417 1563 1457 in
1584 1415 1762 1457 materia
1779 1415 1925 1474 positae
1945 1425 2058 1466 sunt,

210 1494 251 1524 et
283 1498 456 1525 omnem
493 1499 665 1525 molum
700 1482 967 1553 disciplinam
1006 1482 1363 1540 honestatemque
1398 1482 1611 1524 collocant
1644 1480 1689 1522 in
1722 1479 1988 1522 cumulandis
2023 1490 2066 1522 et

210 1548 414 1605 augendis
436 1548 585 1605 quovis
605 1548 737 1590 modo
762 1547 846 1589 dlx
836 1558 935 1598 ltus,
960 1557 1003 1589 et
1025 1546 1069 1588 in
1089 1564 1141 1606 pi
1145 1563 1192 1589 ax
1197 1563 1232 1589 1s
1254 1547 1490 1619 quibusque
1511 1545 1804 1605 xoluptatibus
1824 1544 2061 1602 explendis.

208 1615 352 1670 Atque
378 1613 494 1654 hisce
520 1613 694 1655 nefariis
717 1611 1105 1669 abominandisque
1129 1612 1351 1670 principiis
1378 1613 1615 1670 reprobum
1641 1610 1779 1652 carnis
1804 1608 1970 1668 spiritui
1992 1625 2063 1650 re-

210 1677 333 1719 bellis
361 1694 532 1720 sensum
558 1690 750 1728 tuentui,
778 1677 847 1718 fox
851 1688 938 1727 ent,
971 1677 1196 1728 extollunt,
1223 1677 1373 1733 illique
1398 1676 1613 1717 naturales
1645 1675 1767 1716 dotes
1791 1690 1839 1716 ac
1862 1675 1958 1730 jura
1983 1673 2063 1715 tli-

210 1744 364 1793 buunt,
387 1759 481 1801 quae
501 1759 578 1802 per
597 1710 852 1785 catholicam
873 1740 1112 1783 doctrinam
1137 1741 1377 1782 conculcari
1399 1741 1561 1790 dicunt,
1585 1739 1761 1781 omnino
1783 1739 2068 1797 despicientes

211 1808 423 1849 monitum
442 1808 641 1866 Apostoli
675 1806 896 1849 clamantis
920 1825 928 1848 τ
958 1828 975 1842 ‹<
997 1806 1039 1847 Si
1060 1806 1294 1848 secundum
1326 1822 1495 1847 carnem
1519 1804 1719 1854 vixeritis,
1744 1803 2009 1857 moriemini3
2032 1803 2066 1846 si

217 1892 233 1908 «
261 1884 404 1913 autem
428 1873 578 1931 spiritu
600 1874 709 1914 facta
733 1871 870 1913 carnis
895 1870 1266 1921 mortificaveritis,
1290 1870 1481 1912 vivetis&
1508 1891 1526 1906 »
1556 1869 1711 1911 Omnia
1733 1880 1937 1927 practerea
1956 1868 2065 1926 legi-

212 1936 323 1977 timae
345 1939 549 1995 cujusque
572 1935 843 1995 proprietatis
863 1937 961 1992 jura
982 1935 1198 1986 invadere,
1225 1935 1445 1977 destruere
1466 1934 1749 1985 contendunt,
1774 1950 1822 1976 ac
1841 1948 2067 1993 perperam

214 2000 356 2044 animo
381 2013 423 2044 et
449 2002 706 2061 cogitatione
731 2001 982 2059 confingunt
1005 2012 1047 2042 et
1072 2000 1359 2059 imaginantur
1381 2002 1451 2057 jus
1480 1999 1697 2057 quoddam
1728 1999 1862 2040 nullis
1885 2005 2067 2040 circum-

213 2073 415 2124 serz'ptmn
439 2067 658 2119 limitibus,
686 2082 771 2124 quo
797 2065 1040 2124 reipublicae
1067 2068 1234 2108 Statum
1253 2066 1415 2125 pollere
1439 2065 1697 2115 existimant,
1723 2080 1853 2122 quem
1873 2063 2066 2106 omnium

210 2131 372 2186 jurium
392 2132 601 2190 originem
621 2143 663 2174 et
682 2132 849 2173 fontem
871 2147 961 2172 esse
981 2142 1142 2173 temere
1165 2131 1444 2173 arbitrantur.

274 2197 388 2238 Dum
413 2214 512 2239 vero
540 2198 621 2239 hos
648 2196 885 2255 prcccipuos
915 2196 1214 2238 infelicissimae
1246 2207 1400 2238 nostrae
1429 2194 1564 2236 fetatis
1594 2209 1762 2236 errores
1793 2194 1991 2236 dolenter
2017 2210 2066 2236 ac

215 2262 373 2319 raptim
404 2262 751 2320 perstringimus,
784 2276 1004 2302 recensere
1041 2260 1296 2311 omittimus,
1332 2259 1610 2302 Venerabiles
1644 2260 1835 2311 Fratres,
1870 2270 1936 2300 tot
1966 2258 2068 2301 alias

216 2325 303 2367 fere
332 2326 664 2369 innumerabiles
693 2325 900 2367 falsitates
931 2336 974 2367 et
1006 2325 1177 2367 fraudes
1203 2327 1325 2367 vobis
1354 2325 1547 2384 apprime
1577 2335 1700 2366 notas
1727 2340 1774 2366 ac
1807 2334 2063 2382 perspectas,

218 2390 374 2448 quibus
396 2392 473 2433 Dei
497 2391 808 2449 hominumque
830 2391 975 2432 hostes
994 2407 1088 2433 rem
1109 2400 1201 2432 tum
1222 2406 1387 2432 sacram
1406 2401 1498 2430 tum
1518 2389 1734 2447 publicam
1755 2391 2009 2447 perturbare
2026 2399 2068 2430 et

218 2456 455 2498 convellere
482 2457 777 2498 connituntur.
807 2457 870 2497 Ac
900 2455 1068 2497 silentio
1097 2455 1465 2514 prsetermittimus
1489 2453 1746 2512 multiplices
1773 2453 2066 2512 gravissimas-

220 2537 302 2579 que
327 2520 516 2576 injurias,
547 2521 795 2572 calumnias,
820 2520 1030 2573 convicia,
1056 2520 1211 2578 quibus
1237 2536 1378 2562 sacros
1406 2517 1605 2560 Ecclesiae
1635 2517 1869 2569 ministros,
1893 2529 1935 2559 et
1955 2518 2067 2559 hanc

220 2585 512 2643 Apostolicam
535 2586 689 2627 Sedem
717 2586 946 2628 dilacerare
974 2596 1015 2627 et
1043 2586 1241 2627 insectari
1268 2601 1357 2626 non
1383 2583 1597 2625 desinunt.
1627 2582 1744 2625 Nihil
1770 2582 1991 2640 loquimur
2011 2583 2065 2624 de

221 2650 367 2707 iniqua
390 2666 489 2691 sane
515 2650 743 2708 hypocrisi,
772 2667 854 2708 qua
880 2650 1174 2693 funestissimae
1195 2650 1237 2691 in
1262 2648 1382 2691 Italia
1402 2648 1638 2707 pracsertim
1663 2647 1998 2706 perturbationis
2019 2662 2067 2689 ac

221 2714 469 2757 rebellionis
489 2714 616 2756 duces
637 2726 679 2755 et
703 2715 906 2757 satellites
929 2715 1140 2766 dictitant,
1165 2730 1208 2757 se
1229 2714 1351 2764 velle,
1375 2713 1610 2755 Ecclesiam
1632 2728 1706 2754 sua
1727 2712 1911 2771 gaudere
1929 2712 2066 2753 liber-

222 2791 322 2831 tate,
347 2779 450 2821 dum
474 2779 677 2836 sacrilego
699 2796 874 2837 prorsus
894 2796 998 2822 ausu
1025 2780 1169 2822 omnia
1194 2778 1324 2838 ipsius
1342 2778 1540 2820 Ecclesiae
1557 2780 1653 2834 jura
1675 2789 1717 2819 et
1740 2777 1853 2836 leges
1876 2775 2067 2834 quotidie

222 2844 358 2903 magis
376 2844 641 2903 proculcant,
666 2847 840 2901 ejusque
860 2846 976 2887 bona
996 2844 1220 2903 diripiunt,
1242 2855 1284 2885 et
1303 2844 1531 2886 Sacrorum
1550 2842 1792 2893 Antistites,
1816 2840 2068 2884 ecclesiasti-

224 2925 381 2967 cosque
407 2909 521 2951 viros
549 2924 625 2950 suo
656 2924 833 2950 munere
863 2909 1063 2966 praeclare
1092 2909 1317 2967 fungentes
1348 2925 1519 2966 quoquo
1548 2907 1679 2949 modo
1708 2907 1922 2958 divexant,
1952 2917 1995 2948 et
2022 2904 2067 2946 in

225 2990 436 3016 carcerem
465 2973 717 3024 detrudunt,
749 2984 790 3014 et
825 2972 1140 3030 Religiosorum
1179 2973 1389 3016 Ordinum
1423 2973 1638 3022 alumnos,
1674 2988 1721 3013 ac
1757 2970 1940 3029 virgines
1974 2971 2064 3011 Deo

226 3054 362 3081 sacras
395 3055 417 3081 e
447 3038 532 3081 suis
561 3037 767 3080 coenobiis
798 3036 1004 3079 violenter
1031 3039 1273 3090 exturbant,
1304 3037 1470 3096 suisque
1496 3036 1677 3096 propriis
1706 3034 1833 3077 bonis
1861 3033 2059 3093 spoliant,

278 3214 309 3245 1.
330 3209 382 3244 Ad
409 3212 579 3253 R0n1.,c.
603 3212 638 3253 8,
658 3223 693 3245 V.
717 3210 773 3244 13.
