<?xml version="1.0" encoding="UTF-8"?>
<!DOCTYPE html PUBLIC "-//W3C//DTD XHTML 1.0 Transitional//EN"
    "http://www.w3.org/TR/xhtml1/DTD/xhtml1-transitional.dtd">
<html xmlns="http://www.w3.org/1999/xhtml" xml:lang="en" lang="en">
 <head>
  <title>
</title>
<meta http-equiv="Content-Type" content="text/html;charset=utf-8" />
  <meta name='ocr-system' content='tesseract 3.04.00' />
  <meta name='ocr-capabilities' content='ocr_page ocr_carea ocr_par ocr_line ocrx_word'/>
</head>
<body>
  <div class='ocr_page' id='page_1' title='image "./recueildesallocu00cath_0026.png"; bbox 0 0 2135 3442; ppageno 0'>
   <div class='ocr_carea' id='block_1_1' title="bbox 190 171 1759 222">
    <p class='ocr_par' dir='ltr' id='par_1_1' title="bbox 190 171 1759 222">
     <span class='ocr_line' id='line_1_1' title="bbox 190 171 1759 222; baseline -0.006 -8"><span class='ocrx_word' id='word_1_1' title='bbox 190 181 238 214; x_wconf 72' lang='lat' dir='ltr'>lli</span> <span class='ocrx_word' id='word_1_2' title='bbox 442 177 747 222; x_wconf 76' lang='lat' dir='ltr'>ENCYCLIQUE</span> <span class='ocrx_word' id='word_1_3' title='bbox 776 176 841 211; x_wconf 87' lang='lat' dir='ltr'>DE</span> <span class='ocrx_word' id='word_1_4' title='bbox 869 176 916 211; x_wconf 83' lang='lat' dir='ltr'>N.</span> <span class='ocrx_word' id='word_1_5' title='bbox 946 176 987 210; x_wconf 87' lang='lat' dir='ltr'>T.</span> <span class='ocrx_word' id='word_1_6' title='bbox 1020 176 1059 212; x_wconf 93' lang='lat' dir='ltr'>S.</span> <span class='ocrx_word' id='word_1_7' title='bbox 1091 176 1132 210; x_wconf 91' lang='lat' dir='ltr'>P.</span> <span class='ocrx_word' id='word_1_8' title='bbox 1164 175 1225 209; x_wconf 90' lang='lat' dir='ltr'>LE</span> <span class='ocrx_word' id='word_1_9' title='bbox 1253 173 1378 209; x_wconf 88' lang='lat' dir='ltr'><strong>PAPE</strong></span> <span class='ocrx_word' id='word_1_10' title='bbox 1406 172 1485 206; x_wconf 86' lang='lat' dir='ltr'>PIE</span> <span class='ocrx_word' id='word_1_11' title='bbox 1514 172 1583 206; x_wconf 83' lang='lat' dir='ltr'>lx.</span> <span class='ocrx_word' id='word_1_12' title='bbox 1642 171 1759 206; x_wconf 65' lang='lat'>1864.</span> 
     </span>
    </p>
   </div>
   <div class='ocr_carea' id='block_1_2' title="bbox 189 254 2033 3106">
    <p class='ocr_par' dir='ltr' id='par_1_2' title="bbox 189 254 2021 389">
     <span class='ocr_line' id='line_1_2' title="bbox 190 254 2021 326; baseline -0.004 -16"><span class='ocrx_word' id='word_1_13' title='bbox 190 264 409 310; x_wconf 82' lang='lat' dir='ltr'>fidentius</span> <span class='ocrx_word' id='word_1_14' title='bbox 440 278 545 308; x_wconf 88' lang='lat' dir='ltr'>suas</span> <span class='ocrx_word' id='word_1_15' title='bbox 572 278 732 326; x_wconf 79' lang='lat' dir='ltr'>preces</span> <span class='ocrx_word' id='word_1_16' title='bbox 768 260 826 307; x_wconf 90' lang='lat' dir='ltr'>ad</span> <span class='ocrx_word' id='word_1_17' title='bbox 859 264 1012 306; x_wconf 84' lang='lat' dir='ltr'>Deum</span> <span class='ocrx_word' id='word_1_18' title='bbox 1038 258 1308 316; x_wconf 83' lang='lat' dir='ltr'><strong>effundant,</strong></span> <span class='ocrx_word' id='word_1_19' title='bbox 1350 258 1541 320; x_wconf 88' lang='lat' dir='ltr'>ejusque</span> <span class='ocrx_word' id='word_1_20' title='bbox 1569 254 1940 301; x_wconf 87' lang='lat' dir='ltr'>misericordiam</span> <span class='ocrx_word' id='word_1_21' title='bbox 1977 265 2021 302; x_wconf 89' lang='lat' dir='ltr'>et</span> 
     </span>
     <span class='ocr_line' id='line_1_3' title="bbox 189 329 771 389; baseline -0.007 -15"><span class='ocrx_word' id='word_1_22' title='bbox 189 329 383 389; x_wconf 80' lang='lat' dir='ltr'>gratiam</span> <span class='ocrx_word' id='word_1_23' title='bbox 403 336 771 388; x_wconf 86' lang='lat' dir='ltr'>consequantur.</span> 
     </span>
    </p>

    <p class='ocr_par' dir='ltr' id='par_1_3' title="bbox 191 383 2027 1487">
     <span class='ocr_line' id='line_1_4' title="bbox 254 383 2019 453; baseline -0.005 -15"><span class='ocrx_word' id='word_1_24' title='bbox 254 394 389 439; x_wconf 87' lang='lat' dir='ltr'><strong>Hisce</strong></span> <span class='ocrx_word' id='word_1_25' title='bbox 414 393 553 453; x_wconf 81' lang='lat' dir='ltr'>igitur</span> <span class='ocrx_word' id='word_1_26' title='bbox 577 391 760 436; x_wconf 76' lang='lat' dir='ltr'>Litteris</span> <span class='ocrx_word' id='word_1_27' title='bbox 798 390 1072 435; x_wconf 91' lang='lat' dir='ltr'>auctoritate</span> <span class='ocrx_word' id='word_1_28' title='bbox 1098 391 1263 433; x_wconf 88' lang='lat' dir='ltr'>Nostra</span> <span class='ocrx_word' id='word_1_29' title='bbox 1289 385 1556 448; x_wconf 85' lang='lat' dir='ltr'>Apostolica</span> <span class='ocrx_word' id='word_1_30' title='bbox 1588 383 1810 430; x_wconf 85' lang='lat' dir='ltr'>omnibus</span> <span class='ocrx_word' id='word_1_31' title='bbox 1847 394 1893 431; x_wconf 90' lang='lat' dir='ltr'>et</span> <span class='ocrx_word' id='word_1_32' title='bbox 1924 385 2019 430; x_wconf 91' lang='lat' dir='ltr'>sin-</span> 
     </span>
     <span class='ocr_line' id='line_1_5' title="bbox 191 448 2022 519; baseline -0.004 -16"><span class='ocrx_word' id='word_1_33' title='bbox 191 458 306 519; x_wconf 87' lang='lat' dir='ltr'>gulis</span> <span class='ocrx_word' id='word_1_34' title='bbox 330 458 570 518; x_wconf 86' lang='lat' dir='ltr'>utriusque</span> <span class='ocrx_word' id='word_1_35' title='bbox 603 471 738 500; x_wconf 85' lang='lat' dir='ltr'>sexus</span> <span class='ocrx_word' id='word_1_36' title='bbox 759 454 975 501; x_wconf 81' lang='lat' dir='ltr'>catholici</span> <span class='ocrx_word' id='word_1_37' title='bbox 999 452 1126 499; x_wconf 89' lang='lat' dir='ltr'>orbis</span> <span class='ocrx_word' id='word_1_38' title='bbox 1151 450 1366 497; x_wconf 81' lang='lat' dir='ltr'>fidelibus</span> <span class='ocrx_word' id='word_1_39' title='bbox 1390 449 1653 495; x_wconf 88' lang='lat' dir='ltr'>Plenariam</span> <span class='ocrx_word' id='word_1_40' title='bbox 1677 448 2022 511; x_wconf 84' lang='lat' dir='ltr'>Indulgentiam</span> 
     </span>
     <span class='ocr_line' id='line_1_6' title="bbox 192 514 2022 576; baseline -0.004 -8"><span class='ocrx_word' id='word_1_41' title='bbox 192 522 249 568; x_wconf 91' lang='lat' dir='ltr'>ad</span> <span class='ocrx_word' id='word_1_42' title='bbox 274 524 417 568; x_wconf 87' lang='lat' dir='ltr'>instar</span> <span class='ocrx_word' id='word_1_43' title='bbox 441 520 618 566; x_wconf 85' lang='lat' dir='ltr'>Jubilaei</span> <span class='ocrx_word' id='word_1_44' title='bbox 645 519 951 566; x_wconf 82' lang='lat' dir='ltr'>concedimus</span> <span class='ocrx_word' id='word_1_45' title='bbox 975 520 1097 563; x_wconf 90' lang='lat' dir='ltr'>intra</span> <span class='ocrx_word' id='word_1_46' title='bbox 1124 517 1261 562; x_wconf 90' lang='lat' dir='ltr'>unius</span> <span class='ocrx_word' id='word_1_47' title='bbox 1296 524 1481 560; x_wconf 88' lang='lat' dir='ltr'>tantum</span> <span class='ocrx_word' id='word_1_48' title='bbox 1508 515 1681 560; x_wconf 85' lang='lat' dir='ltr'>mensis</span> <span class='ocrx_word' id='word_1_49' title='bbox 1710 514 1913 576; x_wconf 90' lang='lat' dir='ltr'>spatium</span> <span class='ocrx_word' id='word_1_50' title='bbox 1949 531 2022 561; x_wconf 91' lang='lat' dir='ltr'>us·</span> 
     </span>
     <span class='ocr_line' id='line_1_7' title="bbox 191 578 2024 648; baseline -0.004 -15"><span class='ocrx_word' id='word_1_51' title='bbox 191 603 281 648; x_wconf 77' lang='lat' dir='ltr'>que</span> <span class='ocrx_word' id='word_1_52' title='bbox 302 586 361 632; x_wconf 90' lang='lat' dir='ltr'>ad</span> <span class='ocrx_word' id='word_1_53' title='bbox 384 596 534 631; x_wconf 90' lang='lat' dir='ltr'>totum</span> <span class='ocrx_word' id='word_1_54' title='bbox 559 585 764 630; x_wconf 90' lang='lat' dir='ltr'>futurum</span> <span class='ocrx_word' id='word_1_55' title='bbox 788 600 966 628; x_wconf 85' lang='lat' dir='ltr'>annum</span> <span class='ocrx_word' id='word_1_56' title='bbox 993 582 1114 630; x_wconf 69' lang='lat'>4865</span> <span class='ocrx_word' id='word_1_57' title='bbox 1133 590 1179 627; x_wconf 90' lang='lat' dir='ltr'>et</span> <span class='ocrx_word' id='word_1_58' title='bbox 1198 597 1295 626; x_wconf 92' lang='lat' dir='ltr'>non</span> <span class='ocrx_word' id='word_1_59' title='bbox 1317 579 1457 634; x_wconf 89' lang='lat' dir='ltr'>ultra,</span> <span class='ocrx_word' id='word_1_60' title='bbox 1487 595 1514 625; x_wconf 90' lang='lat' dir='ltr'>a</span> <span class='ocrx_word' id='word_1_61' title='bbox 1532 578 1696 637; x_wconf 82' lang='lat' dir='ltr'>Vobis,</span> <span class='ocrx_word' id='word_1_62' title='bbox 1723 578 2024 625; x_wconf 83' lang='lat' dir='ltr'>Venerabiles</span> 
     </span>
     <span class='ocr_line' id='line_1_8' title="bbox 191 642 2023 712; baseline -0.003 -17"><span class='ocrx_word' id='word_1_63' title='bbox 191 655 388 708; x_wconf 79' lang='lat' dir='ltr'>Fratres,</span> <span class='ocrx_word' id='word_1_64' title='bbox 439 650 632 712; x_wconf 87' lang='lat' dir='ltr'>aliisque</span> <span class='ocrx_word' id='word_1_65' title='bbox 677 649 889 709; x_wconf 81' lang='lat' dir='ltr'>legitimis</span> <span class='ocrx_word' id='word_1_66' title='bbox 928 647 1146 693; x_wconf 86' lang='lat' dir='ltr'>locorum</span> <span class='ocrx_word' id='word_1_67' title='bbox 1193 644 1456 690; x_wconf 89' lang='lat' dir='ltr'>Ordinariis</span> <span class='ocrx_word' id='word_1_68' title='bbox 1488 643 1808 701; x_wconf 87' lang='lat' dir='ltr'>statuendum,</span> <span class='ocrx_word' id='word_1_69' title='bbox 1851 642 2023 690; x_wconf 84' lang='lat' dir='ltr'>eodem</span> 
     </span>
     <span class='ocr_line' id='line_1_9' title="bbox 191 707 2024 779; baseline -0.004 -18"><span class='ocrx_word' id='word_1_70' title='bbox 191 732 381 779; x_wconf 80' lang='lat' dir='ltr'>prorsus</span> <span class='ocrx_word' id='word_1_71' title='bbox 423 714 566 760; x_wconf 87' lang='lat' dir='ltr'>modo</span> <span class='ocrx_word' id='word_1_72' title='bbox 610 723 655 759; x_wconf 92' lang='lat' dir='ltr'>et</span> <span class='ocrx_word' id='word_1_73' title='bbox 698 714 849 758; x_wconf 91' lang='lat' dir='ltr'>forma</span> <span class='ocrx_word' id='word_1_74' title='bbox 884 729 977 774; x_wconf 86' lang='lat' dir='ltr'>qua</span> <span class='ocrx_word' id='word_1_75' title='bbox 1015 711 1075 757; x_wconf 86' lang='lat' dir='ltr'>ab</span> <span class='ocrx_word' id='word_1_76' title='bbox 1107 710 1241 756; x_wconf 90' lang='lat' dir='ltr'>initio</span> <span class='ocrx_word' id='word_1_77' title='bbox 1273 709 1482 771; x_wconf 85' lang='lat' dir='ltr'>supremi</span> <span class='ocrx_word' id='word_1_78' title='bbox 1517 709 1672 754; x_wconf 81' lang='lat' dir='ltr'>Nostri</span> <span class='ocrx_word' id='word_1_79' title='bbox 1720 707 2024 754; x_wconf 85' lang='lat' dir='ltr'>Pontificatus</span> 
     </span>
     <span class='ocr_line' id='line_1_10' title="bbox 192 772 2024 841; baseline -0.004 -16"><span class='ocrx_word' id='word_1_80' title='bbox 192 780 508 826; x_wconf 84' lang='lat' dir='ltr'>concessimus</span> <span class='ocrx_word' id='word_1_81' title='bbox 552 794 635 841; x_wconf 85' lang='lat' dir='ltr'>per</span> <span class='ocrx_word' id='word_1_82' title='bbox 673 777 959 841; x_wconf 83' lang='lat' dir='ltr'>Apostolicas</span> <span class='ocrx_word' id='word_1_83' title='bbox 995 779 1184 821; x_wconf 83' lang='lat' dir='ltr'>Nostras</span> <span class='ocrx_word' id='word_1_84' title='bbox 1224 774 1418 820; x_wconf 84' lang='lat' dir='ltr'>Litteras</span> <span class='ocrx_word' id='word_1_85' title='bbox 1456 775 1503 818; x_wconf 89' lang='lat' dir='ltr'>in</span> <span class='ocrx_word' id='word_1_86' title='bbox 1547 772 1699 819; x_wconf 89' lang='lat' dir='ltr'>forma</span> <span class='ocrx_word' id='word_1_87' title='bbox 1745 773 1898 818; x_wconf 80' lang='lat' dir='ltr'>Brevis</span> <span class='ocrx_word' id='word_1_88' title='bbox 1948 772 2024 818; x_wconf 90' lang='lat' dir='ltr'>die</span> 
     </span>
     <span class='ocr_line' id='line_1_11' title="bbox 192 838 2023 901; baseline -0.003 -12"><span class='ocrx_word' id='word_1_89' title='bbox 192 848 252 891; x_wconf 71' lang='lat'>20</span> <span class='ocrx_word' id='word_1_90' title='bbox 278 845 448 890; x_wconf 86' lang='lat' dir='ltr'>mensis</span> <span class='ocrx_word' id='word_1_91' title='bbox 488 844 758 888; x_wconf 71' lang='lat' dir='ltr'>Novembris</span> <span class='ocrx_word' id='word_1_92' title='bbox 786 858 912 887; x_wconf 91' lang='lat' dir='ltr'>anno</span> <span class='ocrx_word' id='word_1_93' title='bbox 952 842 1076 887; x_wconf 69' lang='lat' dir='ltr'>484.ss</span> <span class='ocrx_word' id='word_1_94' title='bbox 1122 840 1271 892; x_wconf 85' lang='lat' dir='ltr'>dataS‚</span> <span class='ocrx_word' id='word_1_95' title='bbox 1310 848 1355 884; x_wconf 90' lang='lat' dir='ltr'>et</span> <span class='ocrx_word' id='word_1_96' title='bbox 1387 838 1448 884; x_wconf 89' lang='lat' dir='ltr'>ad</span> <span class='ocrx_word' id='word_1_97' title='bbox 1481 839 1754 884; x_wconf 88' lang='lat' dir='ltr'>universum</span> <span class='ocrx_word' id='word_1_98' title='bbox 1781 838 2023 901; x_wconf 87' lang='lat' dir='ltr'>episcopa-</span> 
     </span>
     <span class='ocr_line' id='line_1_12' title="bbox 191 904 2024 967; baseline -0.003 -13"><span class='ocrx_word' id='word_1_99' title='bbox 191 909 282 954; x_wconf 88' lang='lat' dir='ltr'>lem</span> <span class='ocrx_word' id='word_1_100' title='bbox 313 918 517 954; x_wconf 87' lang='lat' dir='ltr'>vestrum</span> <span class='ocrx_word' id='word_1_101' title='bbox 536 907 764 952; x_wconf 85' lang='lat' dir='ltr'>Ordinem</span> <span class='ocrx_word' id='word_1_102' title='bbox 797 907 974 961; x_wconf 86' lang='lat' dir='ltr'>missas,</span> <span class='ocrx_word' id='word_1_103' title='bbox 1004 920 1206 967; x_wconf 84' lang='lat' dir='ltr'>quarum</span> <span class='ocrx_word' id='word_1_104' title='bbox 1232 904 1420 949; x_wconf 90' lang='lat' dir='ltr'>initium</span> <span class='ocrx_word' id='word_1_105' title='bbox 1450 923 1471 946; x_wconf 79' lang='lat' dir='ltr'>t(</span> <span class='ocrx_word' id='word_1_106' title='bbox 1505 907 1688 948; x_wconf 88' lang='lat' dir='ltr'>Arcano</span> <span class='ocrx_word' id='word_1_107' title='bbox 1720 904 1900 949; x_wconf 86' lang='lat' dir='ltr'>Divinae</span> <span class='ocrx_word' id='word_1_108' title='bbox 1918 905 2024 949; x_wconf 88' lang='lat' dir='ltr'>Pro-</span> 
     </span>
     <span class='ocr_line' id='line_1_13' title="bbox 192 967 2024 1032; baseline -0.002 -16"><span class='ocrx_word' id='word_1_109' title='bbox 192 973 406 1018; x_wconf 82' lang='lat' dir='ltr'>videntiae</span> <span class='ocrx_word' id='word_1_110' title='bbox 430 972 640 1027; x_wconf 89' lang='lat' dir='ltr'>consilio,</span> <span class='ocrx_word' id='word_1_111' title='bbox 675 992 695 1014; x_wconf 88' lang='lat'>»</span> <span class='ocrx_word' id='word_1_112' title='bbox 731 981 775 1016; x_wconf 91' lang='lat' dir='ltr'>et</span> <span class='ocrx_word' id='word_1_113' title='bbox 814 987 923 1016; x_wconf 92' lang='lat' dir='ltr'>cum</span> <span class='ocrx_word' id='word_1_114' title='bbox 957 969 1180 1016; x_wconf 90' lang='lat' dir='ltr'>omnibus</span> <span class='ocrx_word' id='word_1_115' title='bbox 1216 968 1393 1014; x_wconf 87' lang='lat' dir='ltr'>eisdem</span> <span class='ocrx_word' id='word_1_116' title='bbox 1428 967 1730 1014; x_wconf 88' lang='lat' dir='ltr'>facultatibus</span> <span class='ocrx_word' id='word_1_117' title='bbox 1752 1003 1764 1023; x_wconf 86' lang='lat'>,</span> <span class='ocrx_word' id='word_1_118' title='bbox 1804 984 1908 1030; x_wconf 67' lang='lat' dir='ltr'>quae</span> <span class='ocrx_word' id='word_1_119' title='bbox 1941 985 2024 1032; x_wconf 88' lang='lat' dir='ltr'>per</span> 
     </span>
     <span class='ocr_line' id='line_1_14' title="bbox 194 1033 2026 1101; baseline -0.003 -19"><span class='ocrx_word' id='word_1_120' title='bbox 194 1039 315 1101; x_wconf 84' lang='lat' dir='ltr'>ipsas</span> <span class='ocrx_word' id='word_1_121' title='bbox 343 1039 536 1082; x_wconf 78' lang='lat' dir='ltr'>Litteras</span> <span class='ocrx_word' id='word_1_122' title='bbox 564 1052 592 1082; x_wconf 90' lang='lat' dir='ltr'>a</span> <span class='ocrx_word' id='word_1_123' title='bbox 640 1035 775 1080; x_wconf 87' lang='lat' dir='ltr'>nobis</span> <span class='ocrx_word' id='word_1_124' title='bbox 803 1036 920 1081; x_wconf 82' lang='lat' dir='ltr'>datae</span> <span class='ocrx_word' id='word_1_125' title='bbox 959 1035 1163 1080; x_wconf 89' lang='lat' dir='ltr'>fuerunt.</span> <span class='ocrx_word' id='word_1_126' title='bbox 1217 1033 1446 1079; x_wconf 82' lang='lat' dir='ltr'>Volumus</span> <span class='ocrx_word' id='word_1_127' title='bbox 1474 1043 1656 1087; x_wconf 88' lang='lat' dir='ltr'>tamen,</span> <span class='ocrx_word' id='word_1_128' title='bbox 1698 1042 1750 1078; x_wconf 88' lang='lat' dir='ltr'>ut</span> <span class='ocrx_word' id='word_1_129' title='bbox 1778 1048 1831 1077; x_wconf 86' lang='lat' dir='ltr'>ea</span> <span class='ocrx_word' id='word_1_130' title='bbox 1865 1034 2026 1078; x_wconf 89' lang='lat' dir='ltr'>omnia</span> 
     </span>
     <span class='ocr_line' id='line_1_15' title="bbox 193 1098 2026 1163; baseline -0.002 -17"><span class='ocrx_word' id='word_1_131' title='bbox 193 1111 451 1157; x_wconf 88' lang='lat' dir='ltr'>serventur,</span> <span class='ocrx_word' id='word_1_132' title='bbox 478 1118 580 1163; x_wconf 82' lang='lat' dir='ltr'>quae</span> <span class='ocrx_word' id='word_1_133' title='bbox 603 1101 649 1145; x_wconf 87' lang='lat' dir='ltr'>in</span> <span class='ocrx_word' id='word_1_134' title='bbox 677 1100 1057 1145; x_wconf 89' lang='lat' dir='ltr'>commemoratis</span> <span class='ocrx_word' id='word_1_135' title='bbox 1081 1099 1263 1144; x_wconf 84' lang='lat' dir='ltr'>Litteris</span> <span class='ocrx_word' id='word_1_136' title='bbox 1288 1099 1556 1162; x_wconf 78' lang='lat' dir='ltr'>praescripta</span> <span class='ocrx_word' id='word_1_137' title='bbox 1578 1107 1708 1154; x_wconf 89' lang='lat' dir='ltr'>sunt,</span> <span class='ocrx_word' id='word_1_138' title='bbox 1743 1106 1789 1142; x_wconf 92' lang='lat' dir='ltr'>et</span> <span class='ocrx_word' id='word_1_139' title='bbox 1818 1113 1873 1142; x_wconf 91' lang='lat' dir='ltr'>ea</span> <span class='ocrx_word' id='word_1_140' title='bbox 1902 1098 2026 1143; x_wconf 89' lang='lat' dir='ltr'>exci-</span> 
     </span>
     <span class='ocr_line' id='line_1_16' title="bbox 193 1161 2023 1228; baseline -0.002 -17"><span class='ocrx_word' id='word_1_141' title='bbox 193 1167 396 1226; x_wconf 83' lang='lat' dir='ltr'>piantur,</span> <span class='ocrx_word' id='word_1_142' title='bbox 430 1182 530 1228; x_wconf 82' lang='lat' dir='ltr'>quae</span> <span class='ocrx_word' id='word_1_143' title='bbox 566 1174 756 1226; x_wconf 83' lang='lat' dir='ltr'>excepta</span> <span class='ocrx_word' id='word_1_144' title='bbox 791 1181 888 1210; x_wconf 87' lang='lat' dir='ltr'>esse</span> <span class='ocrx_word' id='word_1_145' title='bbox 927 1164 1281 1209; x_wconf 81' lang='lat' dir='ltr'>declaravimus.</span> <span class='ocrx_word' id='word_1_146' title='bbox 1313 1167 1463 1225; x_wconf 85' lang='lat' dir='ltr'>Atque</span> <span class='ocrx_word' id='word_1_147' title='bbox 1491 1163 1540 1208; x_wconf 88' lang='lat' dir='ltr'>id</span> <span class='ocrx_word' id='word_1_148' title='bbox 1574 1161 1903 1218; x_wconf 81' lang='lat' dir='ltr'>concedimus,</span> <span class='ocrx_word' id='word_1_149' title='bbox 1927 1178 2023 1207; x_wconf 89' lang='lat' dir='ltr'>non</span> 
     </span>
     <span class='ocr_line' id='line_1_17' title="bbox 196 1226 2023 1290; baseline -0.001 -17"><span class='ocrx_word' id='word_1_150' title='bbox 196 1230 488 1277; x_wconf 74' lang='lat' dir='ltr'>obstantibus</span> <span class='ocrx_word' id='word_1_151' title='bbox 522 1231 568 1274; x_wconf 84' lang='lat' dir='ltr'>in</span> <span class='ocrx_word' id='word_1_152' title='bbox 601 1231 889 1274; x_wconf 85' lang='lat' dir='ltr'>contrarium</span> <span class='ocrx_word' id='word_1_153' title='bbox 929 1229 1206 1274; x_wconf 84' lang='lat' dir='ltr'>facientibus</span> <span class='ocrx_word' id='word_1_154' title='bbox 1242 1229 1641 1290; x_wconf 82' lang='lat' dir='ltr'>quibuscumque,</span> <span class='ocrx_word' id='word_1_155' title='bbox 1670 1228 1811 1273; x_wconf 89' lang='lat' dir='ltr'>etiam</span> <span class='ocrx_word' id='word_1_156' title='bbox 1837 1226 2023 1289; x_wconf 89' lang='lat' dir='ltr'>speciali</span> 
     </span>
     <span class='ocr_line' id='line_1_18' title="bbox 194 1291 2027 1355; baseline -0.002 -15"><span class='ocrx_word' id='word_1_157' title='bbox 194 1305 238 1340; x_wconf 88' lang='lat' dir='ltr'>et</span> <span class='ocrx_word' id='word_1_158' title='bbox 264 1295 502 1340; x_wconf 85' lang='lat' dir='ltr'>individua</span> <span class='ocrx_word' id='word_1_159' title='bbox 542 1294 782 1338; x_wconf 80' lang='lat' dir='ltr'>mentione</span> <span class='ocrx_word' id='word_1_160' title='bbox 811 1310 865 1338; x_wconf 85' lang='lat' dir='ltr'>ac</span> <span class='ocrx_word' id='word_1_161' title='bbox 891 1293 1198 1355; x_wconf 82' lang='lat' dir='ltr'>derogatione</span> <span class='ocrx_word' id='word_1_162' title='bbox 1222 1292 1390 1354; x_wconf 84' lang='lat' dir='ltr'>dignis.</span> <span class='ocrx_word' id='word_1_163' title='bbox 1434 1296 1492 1337; x_wconf 91' lang='lat' dir='ltr'>Ut</span> <span class='ocrx_word' id='word_1_164' title='bbox 1516 1303 1674 1338; x_wconf 86' lang='lat' dir='ltr'>autem</span> <span class='ocrx_word' id='word_1_165' title='bbox 1708 1292 1863 1337; x_wconf 85' lang='lat' dir='ltr'>omnis</span> <span class='ocrx_word' id='word_1_166' title='bbox 1886 1291 2027 1338; x_wconf 89' lang='lat' dir='ltr'>dubi-</span> 
     </span>
     <span class='ocr_line' id='line_1_19' title="bbox 196 1356 2026 1420; baseline -0.001 -16"><span class='ocrx_word' id='word_1_167' title='bbox 196 1360 308 1405; x_wconf 85' lang='lat' dir='ltr'>tatio</span> <span class='ocrx_word' id='word_1_168' title='bbox 348 1369 392 1403; x_wconf 91' lang='lat' dir='ltr'>et</span> <span class='ocrx_word' id='word_1_169' title='bbox 433 1358 682 1403; x_wconf 74' lang='lat' dir='ltr'>difficultas</span> <span class='ocrx_word' id='word_1_170' title='bbox 715 1368 990 1403; x_wconf 80' lang='lat' dir='ltr'>amoveatur</span> <span class='ocrx_word' id='word_1_171' title='bbox 1011 1360 1042 1417; x_wconf 77' lang='lat'>,‘</span> <span class='ocrx_word' id='word_1_172' title='bbox 1065 1358 1343 1403; x_wconf 88' lang='lat' dir='ltr'>earumdem</span> <span class='ocrx_word' id='word_1_173' title='bbox 1376 1359 1657 1403; x_wconf 82' lang='lat' dir='ltr'>Litterarum</span> <span class='ocrx_word' id='word_1_174' title='bbox 1704 1356 1944 1420; x_wconf 87' lang='lat' dir='ltr'>exemplar</span> <span class='ocrx_word' id='word_1_175' title='bbox 1966 1357 2026 1402; x_wconf 90' lang='lat' dir='ltr'>ad</span> 
     </span>
     <span class='ocr_line' id='line_1_20' title="bbox 193 1423 759 1487; baseline 0 -20"><span class='ocrx_word' id='word_1_176' title='bbox 193 1427 287 1468; x_wconf 64' lang='lat' dir='ltr'>Vos</span> <span class='ocrx_word' id='word_1_177' title='bbox 307 1424 500 1487; x_wconf 75' lang='lat' dir='ltr'>perferri</span> <span class='ocrx_word' id='word_1_178' title='bbox 522 1423 759 1484; x_wconf 87' lang='lat' dir='ltr'>jussimus.</span> 
     </span>
    </p>

    <p class='ocr_par' dir='ltr' id='par_1_4' title="bbox 199 1486 2029 2899">
     <span class='ocr_line' id='line_1_21' title="bbox 263 1486 2027 1549; baseline 0 -17"><span class='ocrx_word' id='word_1_179' title='bbox 263 1507 283 1529; x_wconf 89' lang='lat'>«</span> <span class='ocrx_word' id='word_1_180' title='bbox 316 1492 563 1549; x_wconf 82' lang='lat' dir='ltr'>Rogemus,</span> <span class='ocrx_word' id='word_1_181' title='bbox 594 1489 628 1530; x_wconf 84' lang='lat' dir='ltr'>V</span> <span class='ocrx_word' id='word_1_182' title='bbox 633 1486 890 1532; x_wconf 88' lang='lat' dir='ltr'>enerabiles</span> <span class='ocrx_word' id='word_1_183' title='bbox 916 1490 1117 1544; x_wconf 89' lang='lat' dir='ltr'>Fratres,</span> <span class='ocrx_word' id='word_1_184' title='bbox 1145 1487 1205 1532; x_wconf 90' lang='lat' dir='ltr'>de</span> <span class='ocrx_word' id='word_1_185' title='bbox 1238 1488 1406 1532; x_wconf 85' lang='lat' dir='ltr'>intimo</span> <span class='ocrx_word' id='word_1_186' title='bbox 1430 1487 1574 1532; x_wconf 87' lang='lat' dir='ltr'>corde</span> <span class='ocrx_word' id='word_1_187' title='bbox 1598 1496 1644 1532; x_wconf 89' lang='lat' dir='ltr'>et</span> <span class='ocrx_word' id='word_1_188' title='bbox 1666 1486 1726 1532; x_wconf 91' lang='lat' dir='ltr'>de</span> <span class='ocrx_word' id='word_1_189' title='bbox 1748 1495 1846 1532; x_wconf 84' lang='lat' dir='ltr'>tota</span> <span class='ocrx_word' id='word_1_190' title='bbox 1870 1496 2027 1532; x_wconf 86' lang='lat' dir='ltr'>mente</span> 
     </span>
     <span class='ocr_line' id='line_1_22' title="bbox 199 1551 2027 1614; baseline 0.001 -19"><span class='ocrx_word' id='word_1_191' title='bbox 199 1572 220 1595; x_wconf 90' lang='lat'><strong><em>«</em></strong></span> <span class='ocrx_word' id='word_1_192' title='bbox 260 1552 624 1597; x_wconf 86' lang='lat' dir='ltr'>misericordiam</span> <span class='ocrx_word' id='word_1_193' title='bbox 659 1553 776 1608; x_wconf 87' lang='lat' dir='ltr'>Dei,</span> <span class='ocrx_word' id='word_1_194' title='bbox 819 1552 928 1614; x_wconf 87' lang='lat' dir='ltr'>quia</span> <span class='ocrx_word' id='word_1_195' title='bbox 973 1562 1018 1597; x_wconf 91' lang='lat' dir='ltr'>et</span> <span class='ocrx_word' id='word_1_196' title='bbox 1053 1553 1150 1614; x_wconf 84' lang='lat' dir='ltr'>ipse</span> <span class='ocrx_word' id='word_1_197' title='bbox 1186 1551 1368 1597; x_wconf 85' lang='lat' dir='ltr'>addidit</span> <span class='ocrx_word' id='word_1_198' title='bbox 1406 1551 1568 1597; x_wconf 91' lang='lat' dir='ltr'>dicens</span> <span class='ocrx_word' id='word_1_199' title='bbox 1607 1567 1617 1597; x_wconf 73' lang='grc' dir='ltr'><strong>ε</strong></span> <span class='ocrx_word' id='word_1_200' title='bbox 1658 1551 2027 1596; x_wconf 79' lang='lat' dir='ltr'>Misericordiam</span> 
     </span>
     <span class='ocr_line' id='line_1_23' title="bbox 201 1616 2029 1679; baseline -0.001 -18"><span class='ocrx_word' id='word_1_201' title='bbox 201 1638 220 1656; x_wconf 75' lang='grc' dir='ltr'>α</span> <span class='ocrx_word' id='word_1_202' title='bbox 260 1627 418 1662; x_wconf 89' lang='lat' dir='ltr'>autem</span> <span class='ocrx_word' id='word_1_203' title='bbox 443 1632 596 1660; x_wconf 90' lang='lat' dir='ltr'>meam</span> <span class='ocrx_word' id='word_1_204' title='bbox 627 1632 724 1660; x_wconf 89' lang='lat' dir='ltr'>non</span> <span class='ocrx_word' id='word_1_205' title='bbox 761 1617 1025 1678; x_wconf 78' lang='lat' dir='ltr'>dispergam</span> <span class='ocrx_word' id='word_1_206' title='bbox 1052 1616 1111 1661; x_wconf 86' lang='lat' dir='ltr'>ab</span> <span class='ocrx_word' id='word_1_207' title='bbox 1143 1617 1226 1661; x_wconf 86' lang='lat' dir='ltr'>eis.</span> <span class='ocrx_word' id='word_1_208' title='bbox 1264 1620 1481 1662; x_wconf 81' lang='lat' dir='ltr'>Petamus</span> <span class='ocrx_word' id='word_1_209' title='bbox 1515 1626 1561 1662; x_wconf 90' lang='lat' dir='ltr'>et</span> <span class='ocrx_word' id='word_1_210' title='bbox 1589 1616 1896 1679; x_wconf 89' lang='lat' dir='ltr'>accipiemus,</span> <span class='ocrx_word' id='word_1_211' title='bbox 1924 1625 1969 1661; x_wconf 91' lang='lat' dir='ltr'>et</span> <span class='ocrx_word' id='word_1_212' title='bbox 1991 1617 2029 1661; x_wconf 90' lang='lat' dir='ltr'>si</span> 
     </span>
     <span class='ocr_line' id='line_1_24' title="bbox 202 1680 2023 1744; baseline -0.001 -18"><span class='ocrx_word' id='word_1_213' title='bbox 202 1702 220 1718; x_wconf 64' lang='lat' dir='ltr'><em>v</em></span> <span class='ocrx_word' id='word_1_214' title='bbox 260 1680 521 1743; x_wconf 87' lang='lat' dir='ltr'>accipiendi</span> <span class='ocrx_word' id='word_1_215' title='bbox 551 1696 683 1725; x_wconf 88' lang='lat' dir='ltr'>mora</span> <span class='ocrx_word' id='word_1_216' title='bbox 714 1690 758 1725; x_wconf 88' lang='lat' dir='ltr'>et</span> <span class='ocrx_word' id='word_1_217' title='bbox 787 1680 977 1726; x_wconf 84' lang='lat' dir='ltr'>tarditas</span> <span class='ocrx_word' id='word_1_218' title='bbox 1024 1681 1160 1726; x_wconf 86' lang='lat' dir='ltr'>fuerit</span> <span class='ocrx_word' id='word_1_219' title='bbox 1207 1682 1436 1744; x_wconf 87' lang='lat' dir='ltr'>quoniam</span> <span class='ocrx_word' id='word_1_220' title='bbox 1475 1682 1674 1742; x_wconf 65' lang='lat' dir='ltr'>graviter</span> <span class='ocrx_word' id='word_1_221' title='bbox 1721 1680 2023 1739; x_wconf 84' lang='lat' dir='ltr'>offendimus,</span> 
     </span>
     <span class='ocr_line' id='line_1_25' title="bbox 202 1745 2029 1810; baseline 0 -20"><span class='ocrx_word' id='word_1_222' title='bbox 202 1766 220 1781; x_wconf 56' lang='lat' dir='ltr'>a</span> <span class='ocrx_word' id='word_1_223' title='bbox 255 1746 509 1807; x_wconf 81' lang='lat' dir='ltr'>pulsemus,</span> <span class='ocrx_word' id='word_1_224' title='bbox 535 1745 643 1806; x_wconf 81' lang='lat' dir='ltr'>quia</span> <span class='ocrx_word' id='word_1_225' title='bbox 668 1756 710 1790; x_wconf 92' lang='lat' dir='ltr'>et</span> <span class='ocrx_word' id='word_1_226' title='bbox 736 1746 939 1807; x_wconf 85' lang='lat' dir='ltr'>pulsanti</span> <span class='ocrx_word' id='word_1_227' title='bbox 959 1747 1211 1808; x_wconf 86' lang='lat' dir='ltr'>aperietur,</span> <span class='ocrx_word' id='word_1_228' title='bbox 1250 1747 1287 1791; x_wconf 91' lang='lat' dir='ltr'>si</span> <span class='ocrx_word' id='word_1_229' title='bbox 1319 1746 1465 1791; x_wconf 86' lang='lat' dir='ltr'>modo</span> <span class='ocrx_word' id='word_1_230' title='bbox 1502 1746 1690 1810; x_wconf 90' lang='lat' dir='ltr'>pulsent</span> <span class='ocrx_word' id='word_1_231' title='bbox 1725 1747 1899 1791; x_wconf 91' lang='lat' dir='ltr'>ostium</span> <span class='ocrx_word' id='word_1_232' title='bbox 1927 1761 2029 1808; x_wconf 89' lang='lat' dir='ltr'>pre-</span> 
     </span>
     <span class='ocr_line' id='line_1_26' title="bbox 203 1809 2028 1872; baseline 0 -17"><span class='ocrx_word' id='word_1_233' title='bbox 203 1832 220 1839; x_wconf 56' lang='grc'>·’</span> <span class='ocrx_word' id='word_1_234' title='bbox 262 1827 353 1859; x_wconf 74' lang='lat' dir='ltr'>ces,</span> <span class='ocrx_word' id='word_1_235' title='bbox 385 1810 601 1871; x_wconf 76' lang='lat' dir='ltr'>gemitus,</span> <span class='ocrx_word' id='word_1_236' title='bbox 624 1819 669 1853; x_wconf 81' lang='lat' dir='ltr'>et</span> <span class='ocrx_word' id='word_1_237' title='bbox 695 1809 907 1871; x_wconf 70' lang='lat' dir='ltr'>lacrymae</span> <span class='ocrx_word' id='word_1_238' title='bbox 928 1821 1114 1868; x_wconf 80' lang='lat' dir='ltr'>nostrae,</span> <span class='ocrx_word' id='word_1_239' title='bbox 1132 1811 1304 1872; x_wconf 81' lang='lat' dir='ltr'>quibus</span> <span class='ocrx_word' id='word_1_240' title='bbox 1326 1812 1537 1857; x_wconf 84' lang='lat' dir='ltr'>insistere</span> <span class='ocrx_word' id='word_1_241' title='bbox 1554 1821 1599 1857; x_wconf 90' lang='lat' dir='ltr'>et</span> <span class='ocrx_word' id='word_1_242' title='bbox 1616 1811 1859 1856; x_wconf 88' lang='lat' dir='ltr'>immorari</span> <span class='ocrx_word' id='word_1_243' title='bbox 1882 1825 2028 1872; x_wconf 89' lang='lat' dir='ltr'>opor-</span> 
     </span>
     <span class='ocr_line' id='line_1_27' title="bbox 204 1874 2028 1938; baseline 0.001 -19"><span class='ocrx_word' id='word_1_244' title='bbox 204 1900 215 1908; x_wconf 36' lang='lat'><em>*</em></span> <span class='ocrx_word' id='word_1_245' title='bbox 262 1884 342 1929; x_wconf 89' lang='lat' dir='ltr'>tet,</span> <span class='ocrx_word' id='word_1_246' title='bbox 365 1884 409 1919; x_wconf 74' lang='lat' dir='ltr'>et,</span> <span class='ocrx_word' id='word_1_247' title='bbox 433 1875 467 1919; x_wconf 87' lang='lat' dir='ltr'>si</span> <span class='ocrx_word' id='word_1_248' title='bbox 492 1874 547 1918; x_wconf 90' lang='lat' dir='ltr'>sit</span> <span class='ocrx_word' id='word_1_249' title='bbox 571 1875 807 1920; x_wconf 85' lang='lat' dir='ltr'>unanimis</span> <span class='ocrx_word' id='word_1_250' title='bbox 831 1876 1063 1921; x_wconf 85' lang='lat' dir='ltr'>oratio....</span> <span class='ocrx_word' id='word_1_251' title='bbox 1092 1877 1417 1938; x_wconf 84' lang='lat' dir='ltr'>unusquisque</span> <span class='ocrx_word' id='word_1_252' title='bbox 1444 1886 1547 1921; x_wconf 86' lang='lat' dir='ltr'>oret</span> <span class='ocrx_word' id='word_1_253' title='bbox 1573 1879 1727 1921; x_wconf 88' lang='lat' dir='ltr'>Deum</span> <span class='ocrx_word' id='word_1_254' title='bbox 1747 1892 1844 1920; x_wconf 88' lang='lat' dir='ltr'>non</span> <span class='ocrx_word' id='word_1_255' title='bbox 1868 1890 1956 1938; x_wconf 87' lang='lat' dir='ltr'>pro</span> <span class='ocrx_word' id='word_1_256' title='bbox 1979 1891 2028 1920; x_wconf 92' lang='lat' dir='ltr'>se</span> 
     </span>
     <span class='ocr_line' id='line_1_28' title="bbox 215 1939 2026 2001; baseline 0.001 -18"><span class='ocrx_word' id='word_1_257' title='bbox 215 1962 221 1970; x_wconf 77' lang='lat'>,.</span> <span class='ocrx_word' id='word_1_258' title='bbox 264 1949 462 1996; x_wconf 72' lang='lat' dir='ltr'>tantum,</span> <span class='ocrx_word' id='word_1_259' title='bbox 501 1939 579 1983; x_wconf 86' lang='lat' dir='ltr'>sed</span> <span class='ocrx_word' id='word_1_260' title='bbox 622 1956 708 2001; x_wconf 84' lang='lat' dir='ltr'>pro</span> <span class='ocrx_word' id='word_1_261' title='bbox 744 1940 963 1985; x_wconf 87' lang='lat' dir='ltr'>omnibus</span> <span class='ocrx_word' id='word_1_262' title='bbox 992 1941 1225 1997; x_wconf 62' lang='lat' dir='ltr'>tratribus,</span> <span class='ocrx_word' id='word_1_263' title='bbox 1254 1942 1374 1986; x_wconf 91' lang='lat' dir='ltr'>sicut</span> <span class='ocrx_word' id='word_1_264' title='bbox 1405 1943 1638 1986; x_wconf 87' lang='lat' dir='ltr'>Dominus</span> <span class='ocrx_word' id='word_1_265' title='bbox 1666 1956 1802 1986; x_wconf 87' lang='lat' dir='ltr'>orare</span> <span class='ocrx_word' id='word_1_266' title='bbox 1832 1957 1921 1986; x_wconf 86' lang='lat' dir='ltr'>nos</span> <span class='ocrx_word' id='word_1_267' title='bbox 1939 1939 2026 1985; x_wconf 91' lang='lat' dir='ltr'>do-</span> 
     </span>
     <span class='ocr_line' id='line_1_29' title="bbox 206 2005 2027 2068; baseline 0.003 -23"><span class='ocrx_word' id='word_1_268' title='bbox 206 2024 225 2045; x_wconf 79' lang='lat'>«</span> <span class='ocrx_word' id='word_1_269' title='bbox 265 2005 393 2048; x_wconf 86' lang='lat' dir='ltr'>cuit¹.</span> <span class='ocrx_word' id='word_1_270' title='bbox 428 2022 447 2044; x_wconf 85' lang='lat'>»</span> <span class='ocrx_word' id='word_1_271' title='bbox 478 2006 583 2058; x_wconf 89' lang='lat' dir='ltr'>Quo</span> <span class='ocrx_word' id='word_1_272' title='bbox 626 2020 737 2049; x_wconf 71' lang='lat' dir='ltr'>vero</span> <span class='ocrx_word' id='word_1_273' title='bbox 779 2005 954 2050; x_wconf 83' lang='lat' dir='ltr'>facilius</span> <span class='ocrx_word' id='word_1_274' title='bbox 992 2008 1117 2051; x_wconf 89' lang='lat' dir='ltr'>Deus</span> <span class='ocrx_word' id='word_1_275' title='bbox 1153 2007 1356 2062; x_wconf 81' lang='lat' dir='ltr'>Nostris,</span> <span class='ocrx_word' id='word_1_276' title='bbox 1400 2007 1685 2068; x_wconf 80' lang='lat' dir='ltr'>Vestrisque,</span> <span class='ocrx_word' id='word_1_277' title='bbox 1729 2015 1775 2050; x_wconf 90' lang='lat' dir='ltr'>et</span> <span class='ocrx_word' id='word_1_278' title='bbox 1812 2006 2027 2051; x_wconf 89' lang='lat' dir='ltr'>omnium</span> 
     </span>
     <span class='ocr_line' id='line_1_30' title="bbox 203 2068 2028 2133; baseline 0.002 -22"><span class='ocrx_word' id='word_1_279' title='bbox 203 2068 410 2112; x_wconf 78' lang='lat' dir='ltr'>fidelium</span> <span class='ocrx_word' id='word_1_280' title='bbox 432 2068 664 2130; x_wconf 78' lang='lat' dir='ltr'>precibuS,</span> <span class='ocrx_word' id='word_1_281' title='bbox 694 2070 906 2131; x_wconf 83' lang='lat' dir='ltr'>votisque</span> <span class='ocrx_word' id='word_1_282' title='bbox 942 2081 1136 2128; x_wconf 88' lang='lat' dir='ltr'>annuat,</span> <span class='ocrx_word' id='word_1_283' title='bbox 1173 2088 1283 2116; x_wconf 90' lang='lat' dir='ltr'>cum</span> <span class='ocrx_word' id='word_1_284' title='bbox 1312 2072 1444 2116; x_wconf 91' lang='lat' dir='ltr'>omni</span> <span class='ocrx_word' id='word_1_285' title='bbox 1466 2071 1639 2117; x_wconf 86' lang='lat' dir='ltr'>fiducia</span> <span class='ocrx_word' id='word_1_286' title='bbox 1661 2071 2028 2133; x_wconf 86' lang='lat' dir='ltr'>deprecatricem</span> 
     </span>
     <span class='ocr_line' id='line_1_31' title="bbox 204 2132 2027 2198; baseline 0.001 -21"><span class='ocrx_word' id='word_1_287' title='bbox 204 2133 328 2194; x_wconf 80' lang='lat' dir='ltr'>apud</span> <span class='ocrx_word' id='word_1_288' title='bbox 380 2135 496 2177; x_wconf 85' lang='lat' dir='ltr'>Eum</span> <span class='ocrx_word' id='word_1_289' title='bbox 543 2132 849 2179; x_wconf 81' lang='lat' dir='ltr'>adhibeamus</span> <span class='ocrx_word' id='word_1_290' title='bbox 891 2136 1243 2182; x_wconf 74' lang='lat' dir='ltr'>immaculatam</span> <span class='ocrx_word' id='word_1_291' title='bbox 1289 2136 1725 2197; x_wconf 86' lang='lat' dir='ltr'>sanctissimamque</span> <span class='ocrx_word' id='word_1_292' title='bbox 1775 2136 2027 2198; x_wconf 86' lang='lat' dir='ltr'>Deiparam</span> 
     </span>
     <span class='ocr_line' id='line_1_32' title="bbox 208 2198 2025 2260; baseline 0.003 -20"><span class='ocrx_word' id='word_1_293' title='bbox 208 2198 439 2258; x_wconf 57' lang='lat' dir='ltr'>Virginem</span> <span class='ocrx_word' id='word_1_294' title='bbox 466 2198 676 2253; x_wconf 79' lang='lat' dir='ltr'>Mariam,</span> <span class='ocrx_word' id='word_1_295' title='bbox 703 2214 804 2260; x_wconf 79' lang='lat' dir='ltr'>quae</span> <span class='ocrx_word' id='word_1_296' title='bbox 825 2209 1015 2245; x_wconf 88' lang='lat' dir='ltr'>cunctas</span> <span class='ocrx_word' id='word_1_297' title='bbox 1037 2200 1236 2246; x_wconf 65' lang='lat' dir='ltr'>haereses</span> <span class='ocrx_word' id='word_1_298' title='bbox 1259 2201 1493 2247; x_wconf 87' lang='lat' dir='ltr'>interemit</span> <span class='ocrx_word' id='word_1_299' title='bbox 1515 2202 1562 2247; x_wconf 92' lang='lat' dir='ltr'>in</span> <span class='ocrx_word' id='word_1_300' title='bbox 1580 2202 1803 2247; x_wconf 87' lang='lat' dir='ltr'>universo</span> <span class='ocrx_word' id='word_1_301' title='bbox 1825 2199 2025 2256; x_wconf 88' lang='lat' dir='ltr'>mundo,</span> 
     </span>
     <span class='ocr_line' id='line_1_33' title="bbox 203 2262 2027 2324; baseline 0.003 -18"><span class='ocrx_word' id='word_1_302' title='bbox 203 2278 398 2324; x_wconf 78' lang='lat' dir='ltr'>quaeque</span> <span class='ocrx_word' id='word_1_303' title='bbox 439 2262 652 2306; x_wconf 89' lang='lat' dir='ltr'>omnium</span> <span class='ocrx_word' id='word_1_304' title='bbox 684 2274 897 2308; x_wconf 85' lang='lat' dir='ltr'>nostrum</span> <span class='ocrx_word' id='word_1_305' title='bbox 931 2267 1249 2312; x_wconf 85' lang='lat' dir='ltr'>amantissima</span> <span class='ocrx_word' id='word_1_306' title='bbox 1272 2267 1419 2311; x_wconf 84' lang='lat' dir='ltr'>Mater</span> <span class='ocrx_word' id='word_1_307' title='bbox 1453 2286 1474 2310; x_wconf 88' lang='lat'>«</span> <span class='ocrx_word' id='word_1_308' title='bbox 1509 2276 1607 2312; x_wconf 87' lang='lat' dir='ltr'>tota</span> <span class='ocrx_word' id='word_1_309' title='bbox 1636 2266 1788 2312; x_wconf 81' lang='lat' dir='ltr'>suavis</span> <span class='ocrx_word' id='word_1_310' title='bbox 1821 2275 1948 2311; x_wconf 86' lang='lat' dir='ltr'>est...</span> <span class='ocrx_word' id='word_1_311' title='bbox 1974 2280 2027 2311; x_wconf 84' lang='lat' dir='ltr'>ac</span> 
     </span>
     <span class='ocr_line' id='line_1_34' title="bbox 207 2326 2028 2388; baseline 0.003 -21"><span class='ocrx_word' id='word_1_312' title='bbox 207 2346 229 2368; x_wconf 89' lang='lat'><em>«</em></span> <span class='ocrx_word' id='word_1_313' title='bbox 268 2326 406 2388; x_wconf 81' lang='lat' dir='ltr'>plena</span> <span class='ocrx_word' id='word_1_314' title='bbox 429 2326 837 2385; x_wconf 71' lang='lat' dir='ltr'>misericortliae...,</span> <span class='ocrx_word' id='word_1_315' title='bbox 864 2329 1084 2375; x_wconf 89' lang='lat' dir='ltr'>omnibus</span> <span class='ocrx_word' id='word_1_316' title='bbox 1113 2347 1212 2376; x_wconf 85' lang='lat' dir='ltr'>sese</span> <span class='ocrx_word' id='word_1_317' title='bbox 1238 2330 1547 2386; x_wconf 82' lang='lat' dir='ltr'>exorabilem,</span> <span class='ocrx_word' id='word_1_318' title='bbox 1577 2330 1799 2376; x_wconf 87' lang='lat' dir='ltr'>omnibus</span> <span class='ocrx_word' id='word_1_319' title='bbox 1822 2330 2028 2376; x_wconf 81' lang='lat' dir='ltr'>clemen·</span> 
     </span>
     <span class='ocr_line' id='line_1_35' title="bbox 210 2390 2027 2458; baseline 0.004 -25"><span class='ocrx_word' id='word_1_320' title='bbox 210 2412 230 2431; x_wconf 83' lang='lat'>«</span> <span class='ocrx_word' id='word_1_321' title='bbox 269 2391 494 2435; x_wconf 88' lang='lat' dir='ltr'>tissimam</span> <span class='ocrx_word' id='word_1_322' title='bbox 521 2390 712 2453; x_wconf 52' lang='lat' dir='ltr'>praebet,</span> <span class='ocrx_word' id='word_1_323' title='bbox 741 2393 954 2438; x_wconf 83' lang='lat' dir='ltr'>omnium</span> <span class='ocrx_word' id='word_1_324' title='bbox 982 2396 1276 2442; x_wconf 86' lang='lat' dir='ltr'>necessitates</span> <span class='ocrx_word' id='word_1_325' title='bbox 1308 2395 1599 2458; x_wconf 86' lang='lat' dir='ltr'>amplissimo</span> <span class='ocrx_word' id='word_1_326' title='bbox 1639 2395 1850 2458; x_wconf 90' lang='lat' dir='ltr'>quodam</span> <span class='ocrx_word' id='word_1_327' title='bbox 1891 2395 2027 2441; x_wconf 86' lang='lat' dir='ltr'>mise-</span> 
     </span>
     <span class='ocr_line' id='line_1_36' title="bbox 211 2454 2027 2522; baseline 0.003 -23"><span class='ocrx_word' id='word_1_328' title='bbox 211 2474 232 2497; x_wconf 89' lang='lat'>«</span> <span class='ocrx_word' id='word_1_329' title='bbox 272 2464 398 2500; x_wconf 89' lang='lat' dir='ltr'>ratur</span> <span class='ocrx_word' id='word_1_330' title='bbox 432 2454 600 2500; x_wconf 87' lang='lat' dir='ltr'>affectu</span> <span class='ocrx_word' id='word_1_331' title='bbox 625 2457 662 2512; x_wconf 62' lang='lat'>2,</span> <span class='ocrx_word' id='word_1_332' title='bbox 696 2477 716 2497; x_wconf 83' lang='lat'>»</span> <span class='ocrx_word' id='word_1_333' title='bbox 759 2467 896 2520; x_wconf 88' lang='lat' dir='ltr'>atque</span> <span class='ocrx_word' id='word_1_334' title='bbox 936 2469 1097 2521; x_wconf 87' lang='lat' dir='ltr'>utpote</span> <span class='ocrx_word' id='word_1_335' title='bbox 1139 2461 1313 2522; x_wconf 82' lang='lat' dir='ltr'>Regina</span> <span class='ocrx_word' id='word_1_336' title='bbox 1356 2460 1545 2507; x_wconf 85' lang='lat' dir='ltr'>adstans</span> <span class='ocrx_word' id='word_1_337' title='bbox 1585 2476 1612 2506; x_wconf 88' lang='lat' dir='ltr'>a</span> <span class='ocrx_word' id='word_1_338' title='bbox 1654 2460 1829 2506; x_wconf 76' lang='lat' dir='ltr'>dextris</span> <span class='ocrx_word' id='word_1_339' title='bbox 1862 2460 2027 2521; x_wconf 78' lang='lat' dir='ltr'>Unige-</span> 
     </span>
     <span class='ocr_line' id='line_1_37' title="bbox 208 2519 2027 2571; baseline 0.003 -7"><span class='ocrx_word' id='word_1_340' title='bbox 208 2520 291 2564; x_wconf 82' lang='lat' dir='ltr'>niti</span> <span class='ocrx_word' id='word_1_341' title='bbox 324 2519 419 2564; x_wconf 68' lang='lat' dir='ltr'>Filii</span> <span class='ocrx_word' id='word_1_342' title='bbox 454 2520 532 2563; x_wconf 62' lang='lat' dir='ltr'>bui</span> <span class='ocrx_word' id='word_1_343' title='bbox 569 2521 761 2565; x_wconf 83' lang='lat' dir='ltr'>Domini</span> <span class='ocrx_word' id='word_1_344' title='bbox 795 2524 946 2568; x_wconf 50' lang='lat' dir='ltr'>§ostri</span> <span class='ocrx_word' id='word_1_345' title='bbox 974 2527 1080 2569; x_wconf 79' lang='lat' dir='ltr'>Jesu</span> <span class='ocrx_word' id='word_1_346' title='bbox 1113 2526 1283 2571; x_wconf 88' lang='lat' dir='ltr'>Christi</span> <span class='ocrx_word' id='word_1_347' title='bbox 1317 2526 1364 2571; x_wconf 91' lang='lat' dir='ltr'>in</span> <span class='ocrx_word' id='word_1_348' title='bbox 1389 2526 1557 2571; x_wconf 76' lang='lat' dir='ltr'>vestitu</span> <span class='ocrx_word' id='word_1_349' title='bbox 1580 2525 1806 2571; x_wconf 85' lang='lat' dir='ltr'>deaurato</span> <span class='ocrx_word' id='word_1_350' title='bbox 1829 2526 2027 2570; x_wconf 88' lang='lat' dir='ltr'>circum-</span> 
     </span>
     <span class='ocr_line' id='line_1_38' title="bbox 208 2585 2029 2654; baseline 0.003 -26"><span class='ocrx_word' id='word_1_351' title='bbox 208 2586 374 2628; x_wconf 82' lang='lat' dir='ltr'>amicta</span> <span class='ocrx_word' id='word_1_352' title='bbox 398 2585 617 2629; x_wconf 56' lang='lat' dir='ltr'>varietate</span> <span class='ocrx_word' id='word_1_353' title='bbox 640 2585 755 2630; x_wconf 82' lang='lat' dir='ltr'>niliil</span> <span class='ocrx_word' id='word_1_354' title='bbox 779 2597 863 2645; x_wconf 89' lang='lat' dir='ltr'>est,</span> <span class='ocrx_word' id='word_1_355' title='bbox 891 2588 1021 2649; x_wconf 91' lang='lat' dir='ltr'>quod</span> <span class='ocrx_word' id='word_1_356' title='bbox 1043 2590 1103 2634; x_wconf 86' lang='lat' dir='ltr'>ab</span> <span class='ocrx_word' id='word_1_357' title='bbox 1129 2594 1194 2635; x_wconf 86' lang='lat' dir='ltr'>Eo</span> <span class='ocrx_word' id='word_1_358' title='bbox 1219 2592 1470 2654; x_wconf 85' lang='lat' dir='ltr'>impetrare</span> <span class='ocrx_word' id='word_1_359' title='bbox 1494 2607 1590 2636; x_wconf 89' lang='lat' dir='ltr'>non</span> <span class='ocrx_word' id='word_1_360' title='bbox 1615 2590 1782 2636; x_wconf 86' lang='lat' dir='ltr'>valeat.</span> <span class='ocrx_word' id='word_1_361' title='bbox 1802 2590 2029 2651; x_wconf 79' lang='lat' dir='ltr'>Suffragia</span> 
     </span>
     <span class='ocr_line' id='line_1_39' title="bbox 209 2651 2026 2718; baseline 0.003 -25"><span class='ocrx_word' id='word_1_362' title='bbox 209 2664 398 2710; x_wconf 76' lang='lat' dir='ltr'>quoque</span> <span class='ocrx_word' id='word_1_363' title='bbox 424 2658 634 2710; x_wconf 86' lang='lat' dir='ltr'>petamus</span> <span class='ocrx_word' id='word_1_364' title='bbox 658 2651 910 2696; x_wconf 76' lang='lat' dir='ltr'>Beatissimi</span> <span class='ocrx_word' id='word_1_365' title='bbox 933 2655 1051 2697; x_wconf 83' lang='lat' dir='ltr'>Petri</span> <span class='ocrx_word' id='word_1_366' title='bbox 1078 2656 1411 2717; x_wconf 61' lang='lat' dir='ltr'>Apostolorum</span> <span class='ocrx_word' id='word_1_367' title='bbox 1440 2656 1681 2718; x_wconf 86' lang='lat' dir='ltr'>Principis,</span> <span class='ocrx_word' id='word_1_368' title='bbox 1697 2665 1743 2700; x_wconf 93' lang='lat' dir='ltr'>et</span> <span class='ocrx_word' id='word_1_369' title='bbox 1755 2654 2026 2718; x_wconf 88' lang='lat' dir='ltr'>Coapostoli</span> 
     </span>
     <span class='ocr_line' id='line_1_40' title="bbox 211 2713 2028 2782; baseline 0.004 -27"><span class='ocrx_word' id='word_1_370' title='bbox 211 2713 307 2774; x_wconf 69' lang='lat' dir='ltr'>ejus</span> <span class='ocrx_word' id='word_1_371' title='bbox 330 2713 476 2767; x_wconf 86' lang='lat' dir='ltr'>Pauli,</span> <span class='ocrx_word' id='word_1_372' title='bbox 504 2713 813 2775; x_wconf 71' lang='lat' dir='ltr'>‹minimnque</span> <span class='ocrx_word' id='word_1_373' title='bbox 837 2718 1114 2763; x_wconf 67' lang='lat' dir='ltr'>&amp;aucun-um</span> <span class='ocrx_word' id='word_1_374' title='bbox 1140 2720 1379 2773; x_wconf 77' lang='lat' dir='ltr'>Coelitum,</span> <span class='ocrx_word' id='word_1_375' title='bbox 1422 2721 1503 2781; x_wconf 86' lang='lat' dir='ltr'>qui</span> <span class='ocrx_word' id='word_1_376' title='bbox 1534 2720 1643 2765; x_wconf 90' lang='lat' dir='ltr'>facti</span> <span class='ocrx_word' id='word_1_377' title='bbox 1662 2721 1757 2782; x_wconf 88' lang='lat' dir='ltr'>jam</span> <span class='ocrx_word' id='word_1_378' title='bbox 1782 2719 1920 2765; x_wconf 84' lang='lat' dir='ltr'>amici</span> <span class='ocrx_word' id='word_1_379' title='bbox 1943 2719 2028 2763; x_wconf 91' lang='lat' dir='ltr'>Dei</span> 
     </span>
     <span class='ocr_line' id='line_1_41' title="bbox 210 2777 2028 2847; baseline 0.002 -25"><span class='ocrx_word' id='word_1_380' title='bbox 210 2787 521 2840; x_wconf 81' lang='lat' dir='ltr'>pervenerunt</span> <span class='ocrx_word' id='word_1_381' title='bbox 547 2777 606 2821; x_wconf 90' lang='lat' dir='ltr'>ad</span> <span class='ocrx_word' id='word_1_382' title='bbox 629 2778 829 2823; x_wconf 73' lang='lat' dir='ltr'>coelestia</span> <span class='ocrx_word' id='word_1_383' title='bbox 853 2797 1010 2842; x_wconf 84' lang='lat' dir='ltr'>regna,</span> <span class='ocrx_word' id='word_1_384' title='bbox 1039 2793 1083 2827; x_wconf 92' lang='lat' dir='ltr'>et</span> <span class='ocrx_word' id='word_1_385' title='bbox 1106 2786 1319 2830; x_wconf 90' lang='lat' dir='ltr'>coronati</span> <span class='ocrx_word' id='word_1_386' title='bbox 1345 2785 1586 2846; x_wconf 86' lang='lat' dir='ltr'>possident</span> <span class='ocrx_word' id='word_1_387' title='bbox 1627 2784 1832 2847; x_wconf 87' lang='lat' dir='ltr'>palmam</span> <span class='ocrx_word' id='word_1_388' title='bbox 1849 2821 1860 2842; x_wconf 89' lang='lat'>,</span> <span class='ocrx_word' id='word_1_389' title='bbox 1894 2799 1947 2829; x_wconf 90' lang='lat' dir='ltr'>ac</span> <span class='ocrx_word' id='word_1_390' title='bbox 1971 2783 2028 2827; x_wconf 86' lang='lat' dir='ltr'>de</span> 
     </span>
     <span class='ocr_line' id='line_1_42' title="bbox 211 2842 1658 2899; baseline 0.005 -13"><span class='ocrx_word' id='word_1_391' title='bbox 211 2857 294 2886; x_wconf 90' lang='lat' dir='ltr'>sua</span> <span class='ocrx_word' id='word_1_392' title='bbox 318 2842 667 2898; x_wconf 67' lang='lat' dir='ltr'>i11211101·talitate</span> <span class='ocrx_word' id='word_1_393' title='bbox 691 2845 856 2899; x_wconf 88' lang='lat' dir='ltr'>securi,</span> <span class='ocrx_word' id='word_1_394' title='bbox 884 2846 942 2889; x_wconf 89' lang='lat' dir='ltr'>de</span> <span class='ocrx_word' id='word_1_395' title='bbox 972 2857 1131 2893; x_wconf 85' lang='lat' dir='ltr'>nostra</span> <span class='ocrx_word' id='word_1_396' title='bbox 1156 2860 1263 2894; x_wconf 84' lang='lat' dir='ltr'>sunt</span> <span class='ocrx_word' id='word_1_397' title='bbox 1286 2850 1432 2895; x_wconf 88' lang='lat' dir='ltr'>salute</span> <span class='ocrx_word' id='word_1_398' title='bbox 1457 2849 1658 2896; x_wconf 89' lang='lat' dir='ltr'>solliciti.</span> 
     </span>
    </p>

    <p class='ocr_par' dir='ltr' id='par_1_5' title="bbox 212 2906 2033 3106">
     <span class='ocr_line' id='line_1_43' title="bbox 276 2906 2028 2977; baseline 0.004 -29"><span class='ocrx_word' id='word_1_399' title='bbox 276 2906 488 2967; x_wconf 77' lang='lat' dir='ltr'>Denique</span> <span class='ocrx_word' id='word_1_400' title='bbox 504 2906 760 2951; x_wconf 69' lang='lat' dir='ltr'>coelestium</span> <span class='ocrx_word' id='word_1_401' title='bbox 777 2909 990 2953; x_wconf 87' lang='lat' dir='ltr'>omnium</span> <span class='ocrx_word' id='word_1_402' title='bbox 1013 2910 1251 2957; x_wconf 79' lang='lat' dir='ltr'>donorum</span> <span class='ocrx_word' id='word_1_403' title='bbox 1270 2915 1457 2977; x_wconf 88' lang='lat' dir='ltr'>copiam</span> <span class='ocrx_word' id='word_1_404' title='bbox 1474 2913 1618 2959; x_wconf 85' lang='lat' dir='ltr'>Vobis</span> <span class='ocrx_word' id='word_1_405' title='bbox 1638 2930 1665 2960; x_wconf 91' lang='lat' dir='ltr'>a</span> <span class='ocrx_word' id='word_1_406' title='bbox 1682 2917 1782 2959; x_wconf 89' lang='lat' dir='ltr'>Deo</span> <span class='ocrx_word' id='word_1_407' title='bbox 1802 2912 2028 2958; x_wconf 79' lang='lat' dir='ltr'>exanimo</span> 
     </span>
     <span class='ocr_line' id='line_1_44' title="bbox 213 2970 2030 3041; baseline 0.004 -28"><span class='ocrx_word' id='word_1_408' title='bbox 213 2970 546 3032; x_wconf 79' lang='lat' dir='ltr'>adprecantes,</span> <span class='ocrx_word' id='word_1_409' title='bbox 593 2971 837 3031; x_wconf 76' lang='lat' dir='ltr'>singularis</span> <span class='ocrx_word' id='word_1_410' title='bbox 860 2974 1035 3019; x_wconf 73' lang='lat' dir='ltr'>Nostrae</span> <span class='ocrx_word' id='word_1_411' title='bbox 1072 2976 1117 3020; x_wconf 92' lang='lat' dir='ltr'>in</span> <span class='ocrx_word' id='word_1_412' title='bbox 1152 2980 1244 3021; x_wconf 69' lang='lat' dir='ltr'>Vos</span> <span class='ocrx_word' id='word_1_413' title='bbox 1283 2979 1485 3024; x_wconf 66' lang='lat' dir='ltr'>caritatis</span> <span class='ocrx_word' id='word_1_414' title='bbox 1514 2979 1681 3041; x_wconf 83' lang='lat' dir='ltr'>pignus</span> <span class='ocrx_word' id='word_1_415' title='bbox 1714 2977 2030 3040; x_wconf 86' lang='lat' dir='ltr'>Apostolicam</span> 
     </span>
     <span class='ocr_line' id='line_1_45' title="bbox 212 3034 2033 3106; baseline 0.001 -27"><span class='ocrx_word' id='word_1_416' title='bbox 212 3034 590 3080; x_wconf 74' lang='lat' dir='ltr'>Belletlietionem</span> <span class='ocrx_word' id='word_1_417' title='bbox 629 3052 679 3079; x_wconf 76' lang='lat' dir='ltr'>ex</span> <span class='ocrx_word' id='word_1_418' title='bbox 718 3037 883 3081; x_wconf 81' lang='lat' dir='ltr'>intimo</span> <span class='ocrx_word' id='word_1_419' title='bbox 921 3039 1063 3083; x_wconf 69' lang='lat' dir='ltr'>cortic</span> <span class='ocrx_word' id='word_1_420' title='bbox 1100 3042 1360 3101; x_wconf 62' lang='lat' dir='ltr'>profectam</span> <span class='ocrx_word' id='word_1_421' title='bbox 1390 3043 1536 3088; x_wconf 73' lang='lat' dir='ltr'>Vobis</span> <span class='ocrx_word' id='word_1_422' title='bbox 1559 3044 1698 3106; x_wconf 55' lang='lat' dir='ltr'>ipsis,</span> <span class='ocrx_word' id='word_1_423' title='bbox 1730 3040 2033 3087; x_wconf 71' lang='lat' dir='ltr'>venerabiles</span> 
     </span>
    </p>
   </div>
   <div class='ocr_carea' id='block_1_3' title="bbox 392 3158 800 3208">
    <p class='ocr_par' dir='ltr' id='par_1_6' title="bbox 392 3158 800 3208">
     <span class='ocr_line' id='line_1_46' title="bbox 392 3158 800 3208; baseline 0.007 -14"><span class='ocrx_word' id='word_1_424' title='bbox 392 3158 572 3208; x_wconf 69' lang='lat' dir='ltr'>Cypriam.</span> <span class='ocrx_word' id='word_1_425' title='bbox 596 3159 712 3207; x_wconf 81' lang='lat' dir='ltr'>Epist.</span> <span class='ocrx_word' id='word_1_426' title='bbox 737 3162 800 3197; x_wconf 76' lang='lat'>11.</span> 
     </span>
    </p>
   </div>
   <div class='ocr_carea' id='block_1_4' title="bbox 265 3210 1979 3267">
    <p class='ocr_par' dir='ltr' id='par_1_7' title="bbox 265 3210 1979 3267">
     <span class='ocr_line' id='line_1_47' title="bbox 265 3210 1979 3267; baseline 0.005 -21"><span class='ocrx_word' id='word_1_427' title='bbox 265 3212 303 3246; x_wconf 66' lang='grc' dir='ltr'>ΕΞ.</span> <span class='ocrx_word' id='word_1_428' title='bbox 335 3211 372 3247; x_wconf 90' lang='lat' dir='ltr'>S.</span> <span class='ocrx_word' id='word_1_429' title='bbox 396 3210 579 3247; x_wconf 75' lang='lat' dir='ltr'>Beinard.</span> <span class='ocrx_word' id='word_1_430' title='bbox 602 3214 723 3248; x_wconf 72' lang='lat' dir='ltr'>Serui.</span> <span class='ocrx_word' id='word_1_431' title='bbox 749 3212 793 3248; x_wconf 76' lang='lat' dir='ltr'>de</span> <span class='ocrx_word' id='word_1_432' title='bbox 819 3212 1016 3249; x_wconf 62' lang='lat' dir='ltr'>duodecim</span> <span class='ocrx_word' id='word_1_433' title='bbox 1048 3216 1307 3266; x_wconf 74' lang='lat' dir='ltr'>praerogativis</span> <span class='ocrx_word' id='word_1_434' title='bbox 1337 3220 1378 3253; x_wconf 93' lang='lat' dir='ltr'>B.</span> <span class='ocrx_word' id='word_1_435' title='bbox 1412 3222 1460 3255; x_wconf 78' lang='lat' dir='ltr'>M,</span> <span class='ocrx_word' id='word_1_436' title='bbox 1491 3221 1534 3256; x_wconf 79' lang='lat' dir='ltr'>V.</span> <span class='ocrx_word' id='word_1_437' title='bbox 1560 3231 1606 3255; x_wconf 86' lang='lat' dir='ltr'>cx</span> <span class='ocrx_word' id='word_1_438' title='bbox 1625 3216 1752 3254; x_wconf 87' lang='lat' dir='ltr'>verbis</span> <span class='ocrx_word' id='word_1_439' title='bbox 1769 3216 1979 3267; x_wconf 85' lang='lat' dir='ltr'>Apocalyp.</span> 
     </span>
    </p>
   </div>
  </div>
 </body>
</html>
