2135 3442
161 122 236 158 43⁶2
774 117 1088 154 ALLOCUTION
1118 116 1181 152 DE
1211 116 1289 151 PIE
1317 117 1388 151 IX.

160 207 357 251 obeunda
381 217 571 248 veterum
589 204 785 247 Ecclesia*r
819 206 1057 262 Martyrum
1080 204 1377 246 fortitudinem
1406 203 1658 244 retulerunt.
1684 205 1831 261 Neque
1854 205 1998 247 minus

159 276 247 316 Nos
270 272 406 328 tangit
427 287 474 312 ac
498 282 641 312 movet
660 270 895 312 miserrima
924 270 1263 311 Christianorum
1283 284 1358 325 per
1379 267 1544 324 Syriam
1571 267 1778 323 conditio,
1807 269 1878 326 qui
1900 270 1999 312 licet

161 355 183 380 a
204 336 503 380 crudelissimae
527 335 651 377 caedis
671 334 944 392 perpessione
964 334 1217 392 quieverint,
1239 331 1408 374 assiduo
1428 333 1656 373 turbantur
1673 343 1790 374 metu
1807 348 1860 374 ne
1879 348 1993 375 com-

160 418 329 461 pressus
350 401 556 459 tantisper
571 400 826 441 militaribus
846 401 1028 456 Europae
1049 398 1180 456 copiis
1202 397 1438 439 infidelium
1460 397 1641 454 impetus
1663 397 1705 439 in
1726 398 1894 469 rapinas
1916 398 1993 440 ite-

161 484 257 509 ium
280 483 314 508 οι
305 465 498 522 cdesque
519 465 726 506 furentius
744 475 955 521 erumpat.
977 463 1155 505 Illorum
1177 465 1266 506 Nos
1292 461 1527 504 relevandis
1548 461 1807 513 inf01tuniis‚
1829 463 1893 504 sin
1914 463 1995 504 mi—

163 548 241 574 nus
276 531 463 590 paternis
496 529 714 571 desideriis
751 544 914 586 parem,
954 528 1141 585 aliquam
1162 540 1306 570 tamen
1346 543 1423 585 pio
1458 528 1647 584 angustis
1681 527 1847 569 Nostris
1873 528 2000 569 rebus

162 596 350 668 pecunia
370 606 534 654 partem
568 606 618 635 t1
610 592 941 634 immittendam
984 593 1237 644 curavimus,
1284 608 1411 651 quam
1439 590 1593 633 offene
1620 592 1755 633 Nobis
1784 608 2003 663 nunquam

162 662 386 704 intermisit
401 662 467 719 pia
483 659 684 701 Catholic
677 675 721 699 ιι
725 674 797 699 um
815 658 1006 717 Oentium
1026 657 1273 699 libeialitas.
1297 659 1413 711 Qua1
1417 673 1488 698 um
1509 656 1575 698 eti
1568 673 1637 697 am
1661 673 1750 698 non
1769 658 1859 699 sine
1878 656 2003 699 laude

163 737 545 769 commemoratum
567 724 763 766 volumus
787 722 1005 780 egregium
1025 722 1242 764 charitatis
1267 722 1509 779 exemplum
1530 721 1571 762 in
1599 721 1841 764 recreandis
1871 721 2005 763 subsi-

163 792 331 833 diorum
353 790 548 847 largitate
567 787 732 830 afssictis
760 802 837 844 per
861 786 1027 843 Syriam
1049 786 1261 838 fidelibus,
1288 799 1414 844 atque
1442 786 1549 827 adeo
1575 786 1865 844 maximopere
1884 787 2002 827 laeta-

163 872 275 905 mur,
301 870 519 911 nunquam
539 854 808 910 languescere
829 851 869 892 in
889 851 1075 892 Ecclesia
1094 852 1293 893 virtutem
1314 852 1447 902 illam,
1477 867 1606 908 quam
1630 851 1799 893 divinus
1818 853 2005 909 Repara—

163 933 231 962 tor
247 919 505 978 praecipuum
529 934 616 959 esse
636 917 802 975 signum
822 916 955 958 voluit
976 916 1224 957 Christianae
1257 916 1511 975 Religionis.

224 1166 317 1215 Hic,
359 1181 486 1222 quem
526 1165 728 1206 hactenus
749 1162 1038 1221 exposuimus,
1077 1178 1293 1204 sacrarum
1322 1179 1465 1205 rerum
1505 1175 1547 1204 et
1569 1163 1837 1220 publicarum
1858 1174 2004 1212 status,

166 1230 451 1288 deplorandus
472 1229 645 1286 quidem
666 1245 714 1271 ao
734 1229 967 1279 luctuosus,
990 1228 1080 1268 Nos
1109 1228 1384 1269 vehementer
1411 1228 1529 1286 angit
1556 1239 1682 1284 atque
1707 1228 1945 1285 perturbat,
1968 1240 2008 1269 et

166 1295 281 1354 gravi
303 1295 427 1336 etiam
463 1310 646 1335 moerore
669 1294 871 1351 complet,
897 1292 1174 1334 Venerabiles
1193 1295 1384 1348 Fratres3
1407 1308 1565 1350 vosque
1585 1292 1629 1333 in
1650 1303 1817 1350 partem
1837 1303 2008 1332 vocatos

165 1360 480 1417 procurationis
506 1360 671 1400 Nostra»
702 1359 744 1399 in
780 1370 947 1416 partem
986 1358 1113 1399 etiam
1137 1357 1298 1399 doloris
1320 1358 1478 1399 venire
1502 1374 1590 1399 non
1625 1356 1884 1398 dubitamus.
1927 1355 2008 1397 Sed

166 1435 309 1465 tamen
327 1440 415 1465 non
434 1423 708 1465 concidamus
728 1423 887 1474 animo,
907 1434 1035 1479 atque
1056 1422 1216 1465 iteratis
1228 1422 1419 1480 quotidie
1440 1423 1637 1481 precibus
1654 1422 1841 1463 levemus
1862 1421 2009 1462 oculos

168 1501 336 1531 nostros
357 1489 399 1530 in
420 1499 628 1539 montem,
665 1488 779 1530 unde
804 1488 847 1528 iu
871 1487 998 1529 tantis
1016 1503 1158 1529 rerum
1179 1488 1475 1546 asperitatibus
1496 1498 1792 1546 opportunum
1809 1497 2009 1544 expecte-

167 1572 262 1597 mus
283 1555 500 1596 auxilium.
525 1554 674 1595 Aderit
693 1553 887 1595 Ecclesiae
918 1569 1001 1594 sua}
1034 1555 1164 1603 Deus,
1207 1553 1344 1595 aderit
1364 1552 1591 1594 humilitati
1617 1553 1797 1601 Nostrae‚
1825 1552 2009 1606 Ejusquc

166 1621 256 1662 Nos
275 1620 433 1662 virtute
452 1621 679 1661 roboratos
708 1620 761 1659 ab
800 1618 939 1659 officio
978 1628 1020 1658 et
1045 1618 1285 1660 constantia
1323 1617 1556 1675 Apostolici
1598 1616 1821 1658 Ministcrii
1863 1615 2007 1656 nullus

167 1685 293 1743 plane
312 1683 484 1742 periculi
498 1695 651 1734 metus,
672 1683 788 1723 nulla
809 1681 1044 1724 deterrebit
1059 1682 1302 1724 adversitas.
1327 1684 1542 1723 Innocens
1560 1680 1897 1722 Christianorum
1917 1695 2012 1720 san-

168 1749 274 1807 guis,
299 1765 383 1806 quo
403 1748 570 1806 perfusa
589 1747 814 1789 Orientalis
833 1757 947 1788 terra
964 1758 1039 1788 est.
1067 1747 1107 1787 in
1128 1747 1307 1788 odorem
1328 1747 1549 1788 suavitatis
1570 1745 1770 1788 ascendat
1791 1745 1845 1786 ad
1865 1746 2011 1785 Domi-

168 1830 287 1865 num,
316 1814 470 1870 illoque
493 1812 662 1854 salutari
684 1812 797 1852 velut
824 1810 1026 1852 sacrificio
1049 1810 1240 1868 placatus
1265 1812 1554 1869 gravissimas,
1581 1811 1738 1867 quibus
1759 1809 2006 1867 premimur.

169 1894 347 1936 quaeque
377 1878 640 1935 impendent,
667 1876 926 1917 calamitates
946 1875 1156 1934 propitius
1172 1887 1356 1929 avertat3
1381 1887 1510 1932 atque
1533 1874 1762 1916 accedente
1783 1873 2007 1915 Sanctissi-

170 1959 248 1984 ma*
268 1942 494 1984 Genitricis
515 1942 591 1984 Dei
606 1943 659 1983 ab
684 1940 846 1999 origine
878 1940 1153 1981 immaculata·
1175 1941 1428 1997 patrocinio,
1460 1952 1500 1981 et
1521 1939 1776 1982 beatissimis
1797 1938 2012 1997 Apostolis

171 2009 296 2049 Petro
320 2018 362 2048 et
383 2007 515 2048 Paulo
537 2005 879 2064 suffragantibus,
906 2004 1113 2046 concedat
1126 2005 1322 2046 Ecclesiae
1354 2021 1436 2046 suar
1459 2004 1511 2046 de
1536 2003 1815 2046 acerbissimis
1836 2003 2014 2045 inimicis

173 2072 330 2114 referre
349 2072 586 2113 victoriam.
609 2072 817 2129 Exsurgat
837 2069 1067 2127 aliquando
1090 2069 1133 2110 in
1149 2069 1357 2125 judicium
1382 2071 1512 2119 Deus,
1539 2070 1764 2126 hostesque
1786 2068 1849 2109 sui
1873 2068 2013 2109 nomi-

174 2137 239 2178 nis
262 2136 476 2193 religionis
496 2136 706 2177 excidium
727 2136 991 2184 anhelantes,
1014 2134 1146 2175 multa
1168 2146 1208 2175 et
1227 2133 1391 2175 nefaria
1414 2135 1456 2175 in
1476 2134 1708 2176 Ecclesiam
1732 2133 1953 2174 molientes
1972 2132 2014 2173 in

175 2201 426 2242 fortitudine
452 2200 615 2242 brachii
636 2201 699 2241 sui
729 2199 943 2257 disperdat
966 2210 1007 2240 et
1043 2210 1250 2250 conterat,
1278 2199 1360 2250 vel,
1388 2199 1506 2257 quod
1523 2199 1663 2257 potius
1685 2210 1726 2240 et
1747 2209 1944 2255 optamus
1974 2208 2015 2238 et

174 2265 402 2323 poscimus,
427 2265 576 2306 divinae
597 2265 739 2323 gratiae
758 2264 919 2306 lumine
938 2263 1207 2306 collustratos
1232 2264 1272 2305 in
1294 2264 1405 2306 viam
1423 2264 1596 2320 justitiae
1622 2275 1663 2305 et
1693 2262 1878 2304 veritatis
1900 2263 2017 2304 dives

178 2331 220 2371 in
242 2329 527 2372 misericordia
548 2328 875 2372 clementissime
899 2328 1109 2370 traducat.
