2135 3442
722 250 870 285 XXVII
899 250 1195 286 SEPTEMBRIS
1224 249 1469 288 MDCCCLII.

527 478 637 545 SS.
689 478 997 545 DOMINI
1044 479 1357 546 NOSTRI
1404 478 1524 547 PII
1573 479 1661 544 IX

912 638 1281 688 ALLOCUTIO

414 783 455 809 IN
505 782 770 809 CONSISTORIO
814 781 990 807 SECRETO
1045 788 1091 817 27
1147 782 1392 809 SEPTEMBRIS
1440 777 1542 808 1852
1594 781 1767 808 HABITA.

846 907 1122 949 Venerabiles
1152 908 1342 959 Fratres,

232 1022 562 1063 Acerbissimum
585 1021 819 1073 vobiscum,
844 1020 1120 1063 Venerabiles
1147 1021 1338 1071 Fratres,
1373 1020 1501 1062 hodie
1539 1019 1898 1061 communicamus
1933 1019 2011 1061 do-

173 1087 322 1136 lorem,
354 1102 438 1143 quo
467 1085 629 1141 jamdiu
655 1085 803 1126 intime
827 1087 1057 1143 premimur
1081 1086 1138 1126 ob
1160 1087 1357 1135 maxima,
1391 1097 1432 1126 et
1457 1100 1671 1142 nunquam
1700 1083 1796 1125 satis
1828 1083 2008 1142 lugenda

174 1151 354 1203 damna,
395 1150 546 1207 quibus
579 1150 722 1208 plures
773 1150 926 1192 abhinc
975 1166 1106 1191 annos
1142 1151 1349 1191 catholica
1384 1149 1567 1191 Ecclesia
1599 1149 1643 1190 in
1673 1149 1993 1206 Neogranatens

172 1216 402 1274 Republica
434 1216 722 1257 miserandum
746 1216 789 1256 in
823 1215 1000 1257 modum
1021 1214 1233 1273 affligitur,
1256 1226 1382 1272 atque
1402 1225 1591 1256 vexatur,
1632 1212 1759 1266 Quod
1792 1228 2008 1270 nunquam

172 1281 261 1322 fore
294 1281 613 1337 putavissemus,
659 1297 753 1321 cum
787 1296 933 1322 omnes
969 1291 1160 1330 noscant,
1199 1279 1352 1336 quibus
1382 1280 1600 1337 praecipuae
1621 1276 1926 1319 benevolentiae
1949 1279 2005 1319 si-

171 1345 508 1403 gnificationibus
543 1346 632 1386 haec
665 1346 908 1402 Apostolica
947 1345 1076 1386 Sedes
1107 1344 1222 1385 illam
1250 1344 1574 1402 Rempublicam
1610 1341 1734 1384 fuerit
1761 1353 2005 1400 prosecuta,

170 1421 213 1452 et
244 1425 325 1467 qua
367 1409 580 1451 alacritate
628 1409 756 1451 felicis
786 1410 1088 1452 recordationis
1126 1410 1353 1467 Gregorius
1396 1410 1499 1450 XVI
1540 1408 1820 1466 praedecessor
1859 1408 2008 1449 Noster

168 1475 223 1516 ad
262 1474 497 1532 religionis,
550 1486 590 1516 et
620 1475 832 1531 spirituale
859 1474 966 1516 illius
996 1475 1129 1532 gentis
1156 1474 1318 1515 bonum
1350 1475 1466 1515 omni
1500 1473 1639 1515 studio
1671 1472 2002 1530 procurandum,

169 1550 293 1596 atque
313 1539 367 1580 ad
386 1550 543 1580 mutuae
568 1539 756 1580 amicitiae
777 1539 940 1580 vincula
960 1540 1091 1596 magis
1113 1539 1326 1596 magisque
1349 1537 1651 1596 obstringenda
1686 1537 2007 1595 Rempublicam

167 1606 300 1662 ipsam
316 1620 400 1661 prae
419 1604 510 1645 aliis
529 1605 728 1645 omnibus
751 1605 952 1644 Americae
972 1604 1213 1661 regionibus
1235 1619 1323 1644 nou
1341 1603 1472 1644 modo
1492 1604 1676 1660 primum
1693 1602 2000 1660 recognoverit,

166 1669 242 1712 sed
258 1670 384 1710 etiam
402 1669 689 1726 Apostolicam
707 1669 1012 1709 Nunciaturam
1027 1669 1086 1708 ibi
1107 1668 1381 1709 constituerit.
1406 1669 1545 1724 Atque
1569 1682 1619 1708 eo
1638 1667 1770 1724 magis
1793 1666 1998 1719 dolemus,

166 1733 279 1792 quod
305 1734 442 1774 adhuc
465 1733 588 1773 irritae
612 1733 727 1774 fuere
741 1748 849 1773 curse
869 1749 1015 1774 omnes
1032 1743 1123 1773 tum
1144 1734 1197 1773 ab
1218 1732 1371 1773 eodem
1390 1731 1698 1773 Praedecessore
1717 1732 1889 1782 Nostro,
1915 1742 2003 1773 tum

167 1815 189 1840 a
210 1798 344 1840 Nobis
365 1799 462 1855 ipsis
485 1813 645 1839 summa
671 1799 944 1839 contentione
972 1797 1086 1855 apud
1117 1796 1221 1838 illud
1240 1797 1504 1838 Gubernium
1531 1796 1744 1846 adhibitae,
1771 1807 1818 1837 ut
1849 1807 1912 1837 tot
1935 1813 2005 1838 ca-

164 1862 330 1904 tholicae
357 1862 549 1920 religioni
576 1862 689 1902 illata
733 1873 1030 1904 amoverentur
1065 1862 1235 1912 damna,
1261 1878 1308 1903 ac
1333 1862 1518 1913 nefariae,
1556 1874 1597 1903 et
1634 1861 1909 1916 injustissimae
1950 1861 2003 1903 de

164 1927 306 1969 medio
332 1927 581 1968 tollerentur
602 1927 713 1984 leges
736 1926 795 1966 ibi
822 1943 843 1967 a
864 1926 973 1968 civili
997 1938 1201 1984 potestate
1220 1942 1315 1968 cum
1336 1925 1521 1967 maximo
1539 1925 1727 1967 fidelium
1751 1925 2003 1968 detrimento

164 2003 311 2034 contra
341 1991 525 2033 divinam
553 1991 746 2032 Ecclesiae
774 1992 1106 2044 institutionem,
1141 1993 1312 2047 ejusque
1343 1990 1582 2032 veneranda
1611 1992 1720 2046 jura,
1759 2001 1800 2032 et
1828 1990 2004 2032 liberta-

163 2068 264 2106 tem,
290 2067 437 2097 contra
470 2071 710 2113 supremam
736 2057 858 2112 hujus
882 2056 1132 2113 Apostolicae
1164 2055 1283 2097 Sedis
1307 2066 1573 2113 potestatem,
1612 2067 1759 2096 contra
1791 2070 2005 2097 sacrorum

163 2120 398 2171 Antistites,
432 2131 473 2161 et
492 2120 789 2162 ecclesiasticos
812 2122 925 2162 viros
948 2120 1056 2171 latae,
1079 2132 1205 2177 atque
1229 2121 1410 2162 sancitae.
1436 2120 1621 2161 Noverat
1644 2121 1756 2160 enim
1780 2119 1896 2160 idem
1916 2121 2003 2163 De-

163 2200 301 2226 cessor
324 2186 492 2238 Noster,
527 2185 664 2243 legem
695 2186 754 2225 ibi
785 2200 928 2226 mense
957 2184 1094 2242 Aprili
1120 2200 1232 2226 anno
1262 2187 1372 2226 1845
1403 2184 1526 2226 fuisse
1555 2183 1888 2241 promulgatam,
1919 2200 2003 2241 qua

163 2250 273 2290 inter
301 2249 380 2290 alia
418 2251 622 2304 statuitur,
663 2260 722 2300 ut,
759 2249 827 2291 vix
859 2250 961 2291 dum
992 2250 1130 2306 aliqua
1159 2249 1269 2307 apud
1294 2248 1364 2289 illa
1389 2249 1504 2290 laicae
1532 2249 1747 2306 potestatis
1776 2249 2002 2291 tribunalia

163 2314 372 2356 accusatio
395 2313 473 2355 adv
477 2330 588 2356 ersus
609 2314 908 2356 ecclesiasticos
930 2315 1055 2365 viros,
1087 2330 1135 2355 ac
1157 2314 1221 2354 vel
1250 2315 1360 2371 ipsos
1378 2314 1610 2384 Episcopos
1633 2313 1777 2354 fuisset
1803 2312 1997 2364 admissa,

162 2394 249 2418 non
276 2378 411 2419 solum
442 2379 687 2420 Sacerdotes
719 2379 912 2429 Domini,
955 2379 1108 2435 aliique
1147 2378 1314 2429 Clerici,
1359 2378 1433 2419 sed
1470 2378 1598 2418 etiam
1637 2376 1856 2435 Episcopi,
1896 2393 2000 2435 quos

162 2442 336 2500 Spiritus
359 2443 530 2484 Sanctus
554 2445 694 2500 posuit
726 2459 871 2502 iegeie
905 2443 1136 2485 Ecclesiam
1172 2444 1265 2496 Dei,
1299 2443 1351 2483 ab
1376 2441 1492 2483 omni
1526 2443 1589 2482 sui
1620 2441 1839 2483 ministerii
1871 2457 1997 2484 exer-

165 2508 260 2548 citio
284 2522 326 2549 se
347 2508 572 2560 abstinere,
595 2524 642 2550 ac
666 2510 827 2567 ploprii
849 2510 1033 2550 muneris
1060 2519 1198 2566 partes
1241 2507 1330 2548 aliis
1363 2507 1625 2548 committere
1658 2505 1855 2558 debeant,
1890 2522 1997 2548 con-

160 2572 312 2613 stitutis
342 2587 512 2628 quoque
546 2572 738 2623 carceris,
774 2573 910 2623 exilii,
944 2584 985 2614 et
1022 2573 1111 2613 aliis
1145 2572 1277 2630 poenis
1309 2572 1352 2611 in
1385 2586 1457 2612 eos
1487 2586 1657 2621 omnes,
1690 2572 1763 2628 qui
1795 2570 1839 2612 id
1874 2586 1996 2629 agere

162 2636 407 2678 noluissent.
449 2637 721 2694 Quapropter
761 2637 848 2694 ipse
880 2637 1163 2678 Praedecessor
1196 2637 1375 2687 Noster,
1414 2636 1528 2676 nulla
1563 2635 1810 2694 interposita
1847 2651 1988 2687 mora,

161 2717 254 2743 suas
277 2701 430 2743 eodem
454 2716 564 2741 anno
590 2701 643 2741 ad
676 2701 783 2742 illius
800 2702 1052 2759 Reipublicae
1081 2699 1304 2741 Praesidem
1336 2700 1445 2740 misit
1468 2700 1659 2753 Litteras,
1685 2699 1836 2757 quibus
1857 2699 1995 2758 legem

160 2766 275 2807 illam
300 2766 416 2806 omni
433 2775 544 2806 certe
566 2766 894 2822 reprehensione
914 2766 1201 2823 dignissimam
1222 2765 1496 2806 vehementer
1519 2764 1788 2823 improbavit,
1810 2780 1857 2805 ac
1870 2764 1993 2806 simul

161 2845 428 2887 summopere
460 2829 752 2886 expostulavit,
780 2841 824 2870 ut
845 2830 994 2871 eadem
1021 2829 1089 2870 lex
1114 2830 1253 2870 statim
1275 2829 1572 2887 abrogaretur,
1607 2840 1647 2870 et
1682 2828 1874 2870 Ecclesiae
1898 2830 1992 2884 jura

161 2905 285 2946 sarta,
311 2905 421 2935 tecta
439 2894 712 2934 haberentur.
736 2894 824 2935 Nos
845 2905 999 2944 autem,
1019 2904 1242 2964 postquam
1256 2893 1514 2935 inscrutabili
1534 2894 1610 2935 Dei
1630 2893 1789 2949 judicio
1804 2892 1859 2934 ad
1883 2892 1992 2934 hanc

161 2960 364 3030 Principis
382 2957 683 3027 Apostolorum
702 2957 953 3030 Cathedrarn
964 2957 1095 2999 evecti
1114 2958 1240 2998 totius
1259 2958 1452 3000 Ecclesiae
1469 2957 1754 3016 gubernacula
1771 2956 1990 2998 tractanda

162 3089 272 3130 xime
297 3096 510 3146 cupientes
518 3102 606 3142 Jam
622 3086 721 3127 inde
739 3087 792 3127 ab
819 3051 1051 3128 ann01s47
1073 3087 1126 3128 ad
1149 3087 1335 3142 ejusdem
1350 3086 1704 3145 Neogranatensis
1734 3082 1988 3141 Reipublicae

161 3153 385 3194 Praesidem
414 3150 649 3208 scripsimus
689 3151 883 3192 Litteras.
911 3151 1074 3205 Quibus
1116 3151 1286 3207 quidem
1320 3153 1484 3194 Litteris
1515 3149 1817 3208 significantes,
1857 3162 1988 3204 quan-

162 3227 308 3273 topere
344 3216 396 3258 de
423 3215 493 3257 illa
515 3214 727 3257 Dominici
748 3216 884 3273 gregis
907 3226 1022 3273 parte
1058 3215 1220 3258 solliciti
1244 3227 1284 3257 et
1307 3216 1418 3257 anxii
1438 3230 1633 3265 essemu5‚
1669 3224 1710 3255 et
1736 3227 1821 3269 quo
1846 3211 1987 3269 singu-
