2135 3442
164 151 239 188 174
671 147 862 183 LETTRE
889 146 1196 193 ENCYCLIQUE
1225 147 1288 181 DE
1316 147 1393 182 PIE
1423 146 1494 184 IX.

164 235 246 276 hoc
268 244 329 274 est
347 231 583 284 Antistites,
608 232 713 273 nihil
732 244 847 275 certe
869 232 1004 275 Nobis
1031 232 1188 291 potius,
1213 231 1317 274 nihil
1341 231 1570 290 optabilius
1593 232 1688 287 fuit,
1713 249 1840 291 quam
1864 245 1912 276 ut
1930 235 1995 276 in-

163 299 266 340 timo
285 298 466 340 caritatis
490 296 643 339 affectu
669 313 745 340 vos
774 314 923 340 omnes
942 299 1271 356 alloqueremur.
1304 298 1593 350 Quamobrem
1611 297 1787 340 vixdum
1804 315 1856 341 ex
1880 316 1998 342 more

160 365 435 421 institutoque
469 364 747 406 Decessorum
779 364 1031 405 Nostrorum
1060 365 1103 405 in
1135 364 1289 405 Nostra
1325 362 1593 405 Lateranensi
1632 363 1805 405 Basilica
1837 366 1998 406 Summi

161 428 432 470 Pontificatus
452 429 761 487 possessionem
780 429 1048 487 suscepimus,
1080 429 1194 471 nulla
1215 430 1463 487 interposita
1487 444 1607 470 mora
1631 430 1708 471 has
1742 429 1797 471 ad
1819 444 1892 471 vos
1914 431 2000 471 Lit-

160 505 270 535 teras
292 493 454 545 damus,
480 505 527 535 ut
551 493 748 536 eximiam
771 505 951 535 vestram
975 494 1204 536 excitemus
1227 495 1441 552 pietatem,
1463 510 1546 551 quo
1575 495 1734 549 majore
1755 509 1885 551 usque
1909 494 1996 536 ala-

162 560 323 612 critate,
347 559 579 617 vigilantia,
602 560 874 600 contentione
900 559 1185 601 custodientes
1208 559 1369 617 vigilias
1393 560 1526 600 noctis
1548 574 1674 616 super
1701 573 1871 618 gregem
1893 574 2001 600 curae

160 635 306 665 vestrae
325 625 612 677 commissum,
634 635 755 681 atque
773 623 999 682 episcopali
1017 625 1175 666 robore
1195 635 1236 666 et
1260 624 1494 666 constantia
1513 624 1707 665 adversus
1737 623 2002 666 teterrimum

162 689 336 730 humani
369 690 531 748 generis
553 690 719 730 hostem
743 687 1004 741 dimicantes,
1026 688 1155 731 veluti
1179 689 1282 730 boni
1314 688 1467 730 milites
1501 687 1653 730 Christi
1683 689 1796 741 Jesu,
1835 699 2002 731 strenue

162 754 388 813 opponatis
404 770 571 796 murum
591 770 669 812 pro
691 753 821 795 domo
842 753 984 795 Israel.

220 1002 445 1043 Neminem
468 1011 654 1041 vestrum
675 999 791 1050 latet,
815 999 1088 1041 venerabiles
1112 1000 1293 1051 Fratres,
1323 1000 1402 1041 hac
1425 1012 1569 1042 nostra
1599 999 1861 1058 deploranda
1885 1011 2004 1042 aetatc

161 1066 413 1109 acerrimum
434 1081 481 1107 ac
505 1063 945 1105 formidolosissimum
969 1075 1115 1105 contra
1140 1065 1391 1106 catholicam
1409 1081 1498 1106 rem
1515 1065 1753 1107 universam
1770 1063 1928 1106 bellum
1950 1065 2003 1106 ab

161 1132 209 1173 iis
241 1131 485 1172 hominibus
518 1127 707 1181 conflari,
741 1130 811 1186 qui
836 1128 996 1169 nefaria
1025 1128 1136 1170 inter
1164 1144 1207 1170 se
1237 1130 1436 1170 societate
1469 1131 1699 1186 conjuncti,
1737 1145 1885 1171 sanam
1918 1145 2004 1171 non

161 1198 412 1239 sustinentes
433 1194 686 1246 doctrinam,
707 1204 832 1251 atque
856 1209 879 1234 a
898 1192 1075 1235 veritate
1103 1193 1293 1234 auditum
1314 1205 1563 1245 avertentes,
1588 1195 1815 1251 omnigena
1829 1193 2002 1252 'opinio-

161 1277 265 1302 num
295 1270 490 1319 portenta
507 1275 529 1300 e
547 1257 732 1300 tenebris
755 1274 918 1310 eruere,
942 1273 1073 1315 eaque
1094 1259 1190 1300 totis
1212 1258 1369 1300 viribus
1391 1275 1660 1318 exaggerare,
1689 1270 1814 1316 atque
1838 1259 1882 1299 in
1912 1259 2005 1300 vul-

160 1343 236 1385 gus
259 1325 440 1384 prodere
466 1336 507 1366 et
531 1324 801 1366 disseminare
822 1323 1105 1366 contendunt.
1142 1324 1432 1364 Horrescimus
1460 1324 1634 1381 quidem
1653 1324 1795 1365 animo
1824 1334 1865 1364 et
1887 1338 2007 1364 acer-

160 1393 333 1433 bissimo
351 1391 497 1432 dolore
508 1389 769 1439 conficimur,
786 1404 882 1430 cum
894 1388 1034 1430 omnia
1051 1403 1243 1429 errorum
1257 1399 1464 1441 monstra,
1479 1399 1521 1430 et
1531 1389 1664 1430 varias
1676 1386 2008 1445 multiplicesque

161 1456 346 1498 nocendi
366 1465 489 1505 artes,
514 1453 702 1504 insidias,
723 1452 1058 1495 machinationes
1078 1464 1219 1494 mente
1234 1452 1528 1512 recogitamus,
1550 1452 1754 1511 quibushi
1767 1453 1953 1494 veritatis
1968 1463 2009 1493 et

161 1521 264 1563 lucis
281 1536 438 1573 osoreS,
455 1531 496 1562 et
514 1519 749 1577 peritissimi
762 1518 920 1560 fraudis
931 1518 1113 1560 artifices
1132 1534 1258 1559 omne
1278 1519 1459 1576 pietatis,
1471 1519 1655 1575 justitiae,
1674 1518 1907 1560 honestatis
1918 1528 2007 1559 stu-

164 1586 281 1629 dium
297 1587 342 1627 in
356 1586 546 1627 omnium
570 1583 720 1624 animis
737 1585 1010 1642 restinguere,
1037 1599 1178 1624 mores
1197 1599 1483 1641 corrumpere,
1502 1586 1599 1640 jura
1622 1598 1795 1641 quaeque
1809 1582 1950 1624 divina
1970 1591 2011 1623 et

163 1651 347 1692 humana
373 1649 634 1708 perturbare,
662 1648 915 1690 catholicam
931 1648 1196 1706 religionem,
1221 1648 1472 1705 civilemque
1494 1648 1739 1690 societatem
1755 1647 2007 1700 convellere,

163 1716 438 1766 labefactare,
465 1714 597 1755 immo
616 1746 625 1764 ,
659 1714 692 1754 si
715 1712 805 1754 fieri
828 1729 1015 1770 unquam
1044 1725 1200 1771 posset,
1225 1713 1411 1754 funditus
1444 1724 1629 1754 evertere
1661 1712 2007 1754 commoliuntur.

163 1781 345 1822 Noscitis
363 1780 492 1831 enim,
513 1778 787 1820 Venerabiles
806 1779 988 1828 Fratres,
1013 1779 1090 1819 hos
1119 1777 1422 1820 infensissimos
1459 1777 1676 1820 christiani
1712 1777 1896 1819 nominis
1927 1777 2010 1817 ho-

165 1855 262 1895 stes,
292 1860 401 1886 caeco
435 1843 621 1901 quodam
655 1842 895 1884 insanientis
926 1842 1149 1900 impietatis
1178 1844 1339 1900 impetu
1362 1842 1512 1884 misere
1537 1853 1694 1900 raptos,
1730 1858 1782 1884 eo
1807 1841 2011 1900 opinandi

165 1910 400 1951 temeritate
414 1907 629 1967 progredi,
652 1918 700 1949 ut
718 1907 909 1948 inaudita
932 1923 1102 1965 prorsus
1120 1906 1310 1958 audacia,
1339 1928 1356 1944 «
1385 1906 1620 1965 aperientes
1645 1923 1693 1948 os
1713 1907 1897 1948 suumin
1923 1905 2014 1947 bla-

171 1994 189 2012 «
208 1975 419 2032 sphemias
436 1974 489 2015 ad
502 1975 641 2014 Deum
654 1971 685 2024 ¹,
698 1994 714 2009 »
728 1973 866 2031 palam
882 1972 1133 2030 publiceque
1151 1972 1329 2015 edocere
1340 1989 1428 2013 non
1445 1973 1708 2024 erubescant,
1725 1969 2013 2013 commentitia

167 2055 269 2089 esse,
298 2050 340 2080 et
359 2039 583 2080 hominum
611 2039 783 2079 inventa
815 2049 1080 2079 sacrosancta
1111 2048 1261 2079 nostrae
1294 2036 1509 2095 religionis
1543 2037 1761 2094 mysteria,
1798 2035 2012 2078 catholicae

167 2105 360 2146 Ecclesia·
384 2103 624 2144 doctrinam
646 2104 840 2143 humanae
861 2103 1071 2144 societatis
1094 2102 1210 2144 bono
1232 2114 1274 2144 et
1289 2102 1524 2144 commodis
1547 2101 1771 2154 adversari,
1796 2117 1844 2142 ac
1861 2100 1928 2142 vel
1945 2101 2011 2158 ip-

169 2184 264 2210 sum
281 2168 492 2209 Christum
510 2178 552 2209 et
571 2169 710 2209 Deum
733 2169 894 2223 ejurare
912 2184 1000 2208 non
1020 2169 1312 2209 extimescant.
1341 2169 1396 2208 Et
1418 2184 1502 2225 quo
1525 2167 1686 2209 facilius
1710 2165 1877 2224 populis
1911 2165 2010 2207 illu-

170 2234 290 2286 dant,
328 2244 452 2290 atque
479 2234 670 2274 incautos
700 2232 928 2290 praesertim
960 2243 1002 2274 et
1037 2232 1255 2290 imperitos
1280 2233 1507 2290 decipiant,
1539 2243 1580 2274 et
1608 2233 1652 2273 in
1684 2245 1844 2272 errores
1870 2245 2013 2272 secum

170 2299 394 2356 abripiant,
424 2297 505 2338 sibi
538 2298 630 2339 unis
653 2297 945 2356 prosperitatis
967 2297 1054 2339 vias
1074 2309 1195 2340 notas
1218 2314 1306 2339 esse
1329 2297 1719 2345 comminiscuntur,
1743 2295 1906 2352 sibique
1925 2296 2014 2353 phi-

171 2364 448 2421 losophorum
468 2378 625 2404 nomen
644 2379 838 2421 arrogare
857 2379 943 2404 non
958 2363 1169 2413 dubitant,
1187 2362 1364 2421 perinde
1380 2363 1496 2419 quasi
1514 2361 1796 2419 philosophia,
1819 2375 1909 2416 quae
1926 2370 2014 2401 tota

171 2430 216 2470 in
238 2439 395 2468 naturae
413 2429 589 2469 veritate
609 2427 898 2486 investiganda
919 2439 1121 2479 versatur,
1146 2444 1196 2469 ea
1218 2443 1413 2485 respuere
1439 2427 1607 2478 debeat,
1627 2441 1718 2482 quae
1739 2440 1957 2482 supremus
1972 2435 2014 2465 et

175 2492 523 2535 clementissimus
544 2492 631 2550 ipse
648 2494 775 2534 totius
798 2504 955 2534 naturae
980 2503 1128 2534 auctor
1146 2494 1259 2534 Deus
1280 2492 1478 2550 singulari
1501 2490 1707 2531 beneficio
1725 2501 1765 2531 et
1783 2489 2015 2531 misericor-

175 2558 244 2599 dia
262 2556 506 2598 hominibus
542 2558 809 2599 manifestare
839 2569 899 2599 est
929 2558 1139 2615 dignatus,
1162 2568 1206 2598 ut
1235 2572 1377 2598 veram
1403 2556 1479 2612 ipsi
1511 2554 1753 2595 felicitatem
1776 2566 1818 2596 et
1840 2554 2013 2596 salutem

176 2633 464 2679 assequantur.
491 2621 602 2662 Hinc
621 2634 876 2680 praepostero
901 2638 1001 2663 sane
1017 2634 1058 2663 et
1078 2621 1342 2662 fallacissimo
1360 2619 1684 2677 argumentandi
1709 2635 1861 2677 genere
1884 2634 2013 2660 num-

177 2703 305 2744 quam
330 2685 528 2727 desinunt
549 2686 743 2727 humanm
764 2687 936 2727 rationis
954 2688 1055 2735 vim,
1078 2697 1119 2726 et
1139 2686 1428 2727 excellentiam
1446 2684 1674 2742 appellare,
1698 2685 1900 2727 extollere
1918 2700 2015 2726 con-

176 2762 241 2792 tra
276 2752 577 2792 sanctissimam
612 2750 767 2791 Christi
794 2750 934 2800 fidem,
968 2761 1091 2806 atque
1127 2750 1400 2790 audacissime
1431 2749 1654 2800 blaterant,
1692 2765 1786 2791 eam
1820 2750 2015 2790 humanae

178 2816 380 2874 refragari
399 2817 569 2858 rationi.
590 2817 686 2869 Quo
711 2827 823 2857 certe
846 2815 950 2856 nihil
970 2814 1221 2869 dementius,
1247 2814 1349 2854 nihil
1372 2815 1504 2871 magis
1525 2815 1716 2872 impium,
1743 2814 1848 2856 nihil
1869 2824 2014 2856 contra

178 2880 313 2938 ipsam
331 2882 537 2921 rationem
560 2881 690 2938 magis
718 2895 955 2938 repugnans
984 2879 1100 2936 fingi,
1127 2879 1193 2920 vel
1217 2879 1444 2937 excogitari
1467 2890 1619 2936 potest.
1648 2879 1737 2921 Etsi
1768 2880 1881 2920 enim
1910 2877 2015 2919 fides

180 2944 234 2985 sit
256 2961 379 3003 supra
404 2947 627 2996 rationem,
663 2945 778 2985 nulla
813 2954 955 2985 tamen
990 2960 1085 2985 vera
1120 2943 1336 2996 dissensio,
1370 2944 1614 3001 nullumque
1657 2943 1874 2985 dissidium
1907 2942 2015 2983 inter

180 3009 290 3067 ipsas
311 3009 490 3053 inveniri
511 3025 710 3068 umquam
724 3020 876 3068 potest,
897 3025 994 3050 cum
1015 3009 1147 3050 ambae
1167 3009 1219 3049 ab
1242 3024 1325 3049 uno
1343 3008 1580 3066 eodemque
1600 3006 1872 3050 immutabilis
1891 3017 2013 3048 aeter-

234 3197 265 3228 1.
292 3195 488 3242 Apocalyp.
513 3205 596 3236 x111,
615 3193 650 3228 6.
