2135 3442
125 165 204 202 280
732 167 1044 204 ALLOCUTWON
1073 168 1139 203 DE
1167 167 1342 205 Pnzlx.

127 267 236 301 esse,
264 261 310 292 ut
332 250 626 293 Ecclesiasticae
658 252 814 294 eaedem
833 254 1145 296 Conventiones
1168 263 1316 294 sanctae
1340 263 1463 309 atque
1485 253 1740 295 intemeratae
1760 255 1949 298 habean-

126 327 197 356 tur
217 330 228 368 3
256 315 600 373 quandoquidem
623 333 767 359 earum
789 318 828 359 vi
850 334 896 360 ac
914 321 1007 375 jure
1028 328 1272 375 contempto
1293 328 1334 358 et
1353 316 1620 370 labefactato,
1645 318 1824 360 aliorum
1842 336 1951 377 quo-

129 395 210 437 que
233 380 498 437 publicorum
521 382 861 439 privatorumque
884 394 1106 441 pactorum
1130 384 1235 423 ratio
1256 382 1511 423 concideret.

191 444 356 500 Injuriis
376 462 450 503 per
470 458 721 488 memoratas
739 462 868 488 novas
888 449 1123 490 sanctiones
1145 447 1336 489 Ecclesia}
1358 458 1398 487 et
1421 447 1581 488 Sancta¹
1599 447 1698 489 huic
1715 447 1812 489 Sedi
1831 447 1956 490 illatis

132 510 219 550 aliae
243 511 410 568 insuper
429 512 548 552 brevi
571 511 790 552 intervallo
819 511 970 553 additae
990 524 1098 563 sunt,
1123 528 1217 554 cum
1242 512 1395 553 scilicet
1417 512 1537 569 Regii
1558 512 1804 553 Administri
1823 523 1866 554 et
1881 513 1955 553 Ju-

134 574 245 615 dices
285 575 396 616 Laici
433 575 538 616 duos
576 576 804 632 praesertim
843 591 980 618 sacros
1019 577 1233 618 Antistites
1272 577 1447 618 Nostros
1484 577 1755 618 Venerabiles
1795 578 1958 619 Fratres

132 639 506 698 Archiepiscopum
528 641 814 694 Turritanum,
845 652 887 682 et
914 641 1287 699 Archiepiscopum
1321 641 1624 682 Taurinensem
1655 642 1699 681 in
1732 642 1798 696 jus
1829 657 1957 682 voca-

132 715 250 756 runt,
276 716 317 745 et
348 705 464 745 illum
495 704 665 762 quidem
697 705 814 746 domi
845 722 926 747 suae
958 707 1132 747 carceris
1169 707 1263 748 loco
1303 706 1586 756 detinuerunt,
1613 707 1724 747 hunc
1754 722 1849 747 vero
1879 706 1958 748 de-

133 768 345 810 duxerunt
365 770 530 810 militari
553 785 681 810 manu
705 770 747 810 in
770 771 959 811 Castrum
980 770 1117 828 Regiae
1136 772 1278 822 Urbis,
1303 786 1350 812 ac
1370 770 1542 813 tandem
1562 782 1787 829 utrumque
1811 787 1959 813 eorum

128 833 241 874 'civili
258 849 380 891 poena
400 834 656 887 multarunt,
682 849 769 874 non
791 833 913 875 aliam
932 835 1101 891 quidem
1121 836 1177 876 ob
1195 851 1375 885 causam,
1398 836 1478 876 nisi
1498 835 1612 893 quod
1629 852 1705 893 pro
1726 852 1800 877 suo
1820 847 1962 894 pasto-

132 898 208 939 rali
231 914 404 940 munere
425 899 715 940 instructiones
739 898 792 939 ad
810 899 1022 940 Parochos
1040 899 1243 940 dederant
1266 900 1318 942 de
1341 899 1520 953 ratione,
1542 916 1623 957 qua
1642 901 1683 940 in
1705 916 1822 941 novae
1843 901 1961 958 Legis

133 974 357 1021 conspectu
386 980 468 1004 snae
499 975 538 1004 et
558 979 725 1004 suarum
751 964 892 1005 ovium
913 965 1049 1005 Deum
1067 964 1305 1005 timentium
1326 965 1588 1006 conscientia·
1609 965 1825 1006 consulere
1847 965 1962 1006 vale-

133 1039 242 1069 rent.
258 1030 318 1069 Ita
341 1029 464 1085 igitur
486 1027 529 1068 id
550 1028 626 1068 sibi
650 1029 859 1086 arrogavit
875 1027 1012 1069 Civilis
1033 1030 1286 1080 Auctoritas,
1302 1040 1347 1070 ut
1367 1028 1419 1070 de
1440 1028 1782 1071 instructionibus
1797 1029 1962 1084 judica-

134 1103 213 1145 ret,
241 1108 341 1149 quas
360 1091 552 1133 Ecclesiae
575 1093 765 1134 Pastores
791 1091 845 1133 ad
875 1093 1227 1134 conscientiarum
1252 1109 1446 1134 normam
1470 1110 1546 1151 pro
1576 1110 1650 1134 suo
1674 1110 1847 1135 munere
1870 1093 1962 1135 edi-

135 1162 298 1198 derant.

192 1220 469 1262 Postmodum
501 1222 581 1262 alia
608 1222 672 1262 his
705 1221 939 1279 eademque
975 1221 1142 1280 gravior
1172 1223 1341 1264 accessit
1368 1223 1533 1278 injuria,
1560 1233 1782 1280 postquam
1803 1222 1964 1264 Nobilis

134 1286 304 1342 quidam
335 1287 431 1338 Vir,
458 1302 582 1344 quem
620 1287 728 1328 inter
765 1288 997 1345 praecipuos
1031 1287 1276 1345 supradictae
1311 1288 1588 1342 injustissimae.
1626 1288 1744 1344 Legis
1778 1302 1965 1329 suasores

134 1351 316 1391 extitisse
333 1367 479 1392 omnes
496 1363 715 1403 noverant,
733 1353 885 1409 quique
904 1353 1120 1394 abnuebat
1141 1368 1163 1393 a
1184 1353 1294 1394 facto
1312 1352 1384 1393 illo
1405 1368 1481 1393 suo
1501 1353 1641 1410 palam
1664 1352 1961 1409 improbando,

134 1416 330 1473 indignus
347 1416 660 1474 Archiepiscopi
680 1417 947 1458 Taurinensis
969 1418 1217 1459 auctoritate
1243 1416 1451 1473 judicatus
1475 1427 1550 1468 est,
1580 1417 1646 1457 cui
1666 1427 1849 1458 extrema
1869 1433 1965 1458 mo-

134 1479 329 1521 rientium
356 1481 622 1522 Sacramenta
648 1481 927 1523 administrari
958 1494 1143 1540 possent.
1172 1483 1262 1523 Hac
1293 1482 1448 1523 scilicet
1471 1482 1692 1522 occasione
1724 1492 1764 1522 et
1790 1482 1967 1523 Archie-

137 1546 328 1602 piscopus
345 1545 459 1586 idem
479 1546 647 1586 militari
667 1562 794 1587 manu
813 1562 835 1587 a
855 1562 928 1587 sua
944 1547 1128 1588 Ecclesia
1149 1547 1309 1588 avulsus
1332 1557 1456 1604 atque
1474 1547 1517 1586 in
1536 1544 1751 1587 severioris
1767 1546 1967 1587 custodiae

137 1610 326 1650 Castrum
351 1610 539 1651 detrusus
574 1622 649 1661 est,
677 1622 717 1651 et
739 1611 953 1653 Parochus
981 1628 1004 1653 e
1033 1611 1246 1669 Religiosa
1280 1611 1455 1652 Familia
1487 1611 1709 1651 Servorum
1734 1612 1779 1652 B.
1807 1612 1867 1652 M.
1891 1611 1963 1661 V.,

138 1673 210 1730 qui
243 1673 281 1715 ei
310 1690 387 1731 pro
421 1674 559 1715 officio
594 1686 805 1732 paruerat,
835 1691 917 1716 una
949 1692 1044 1716 cum
1070 1676 1289 1734 Religiosis
1313 1675 1535 1717 Sodalibus
1567 1675 1650 1715 suis
1675 1690 1696 1715 e
1722 1676 1967 1716 Taurinensi

139 1739 343 1779 Coenobio
369 1754 447 1796 per
471 1738 553 1779 vim
577 1739 749 1796 expulsi,
770 1750 893 1795 atque
920 1739 962 1778 in
986 1740 1063 1779 alia
1090 1741 1289 1795 asportati
1313 1751 1407 1779 sunt
1432 1755 1440 1779 :
1465 1739 1580 1794 quasi
1602 1753 1700 1779 vero
1724 1738 1778 1779 ad
1800 1738 1967 1780 Laicam

139 1804 394 1844 Potestatem
410 1802 619 1860 pertinere
641 1802 787 1860 possit,
813 1814 858 1844 ut
881 1802 933 1844 de
958 1802 1197 1843 divinorum
1218 1803 1583 1843 Sacramentorum
1607 1801 1970 1844 administratione

140 1878 182 1908 et
203 1867 547 1924 dispositionibus
568 1867 620 1908 ad
638 1883 686 1908 ea
710 1866 977 1925 suscipienda
1001 1866 1240 1908 necessariis
1263 1866 1475 1908 decernat.

200 1932 288 1972 Nec
311 1931 425 1972 satis.
451 1933 544 1989 Ipsa
565 1933 652 1973 hacc
676 1931 728 1972 de
753 1932 1119 1973 Sacramentorum
1143 1931 1374 1972 ministerio
1399 1946 1535 1980 causa,
1565 1941 1607 1971 et
1628 1930 1708 1971 alia
1731 1930 1900 1989 insuper
1920 1931 1972 1973 de

142 1996 261 2037 novis
277 2013 354 2054 pro
368 1996 717 2037 conscientiarum
738 1996 881 2054 regula
900 1996 1243 2038 instructionibus
1267 2008 1388 2037 antea
1403 1998 1491 2052 jam
1509 2011 1531 2036 a
1549 2006 1785 2036 memorato
1799 1996 1973 2038 Archie-

143 2061 333 2119 piscopo,
355 2076 405 2102 ex
430 2061 628 2102 mandato
652 2061 779 2102 etiam
800 2062 957 2102 Nostro
985 2061 1108 2113 datis,
1130 2061 1276 2102 delata*
1300 2071 1395 2101 sunt
1417 2058 1472 2100 ad
1493 2059 1752 2101 Taurinense
1768 2060 1970 2117 Appella-

143 2125 271 2166 tionis
305 2125 535 2178 Tribunal3
571 2142 592 2166 a
625 2142 708 2182 quo
745 2126 883 2166 statim
918 2125 985 2167 die
1022 2129 1075 2168 25
1112 2125 1266 2167 mensis
1301 2125 1548 2183 septembris
1575 2125 1787 2166 decretum
1824 2136 1900 2176 est,
1928 2137 1974 2167 ut

144 2190 493 2247 Archiepiscopus
534 2190 833 2232 amandaretur
867 2202 983 2232 extra
1023 2191 1126 2232 fines
1163 2190 1302 2249 Regiae
1339 2189 1521 2231 Ditionis
1536 2223 1546 2243 ,
1587 2201 1709 2247 atque
1748 2200 1794 2230 ut
1831 2190 1974 2232 omnia

145 2254 539 2311 Archiepiscopatus
557 2255 672 2296 bona
699 2266 914 2312 sequestro
937 2255 1230 2297 retinerentur.
1256 2254 1419 2296 Eodem
1438 2255 1523 2296 fere
1543 2265 1745 2311 tempore,
1764 2254 1832 2295 die
1854 2254 1973 2297 vide-

146 2319 316 2360 ficet21
346 2317 1692 2378 epffidenirnensss,'srssnnud,AppessauonuniRegniSardnnae
1718 2318 1867 2359 finnfia
1895 2319 1973 2360 de·

148 2383 276 2425 crevit
298 2395 443 2424 contra
466 2384 761 2426 Venerabilem
781 2386 969 2426 Fratrem
998 2384 1371 2443 Archiepiscopum
1388 2383 1693 2436 Calaritanum3
1716 2383 1782 2424 cui
1809 2383 1973 2424 crimini

149 2448 294 2489 datum
318 2459 393 2499 est,
416 2448 530 2505 quod
549 2449 813 2506 generalibus
829 2450 968 2490 verbis
992 2450 1161 2505 (nullius
1181 2449 1337 2491 scilicet
1357 2463 1550 2506 expresso
1571 2447 1760 2503 nomine)
1783 2447 1971 2489 declara-

148 2524 263 2554 verat
287 2514 489 2554 Censuras
511 2514 817 2556 Ecclesiasticas
852 2516 904 2556 ab
938 2515 986 2555 iis
1021 2515 1129 2557 facto
1167 2514 1255 2572 ipso
1286 2523 1534 2562 contractas,
1567 2512 1637 2569 qui
1661 2512 1975 2570 Episcopalium

147 2578 321 2619 AEdium
342 2578 650 2620 immunitatem
662 2579 876 2629 violando,
891 2591 1052 2637 partem
1072 2579 1300 2637 quamdam
1312 2577 1570 2635 Episcopalis
1584 2577 1798 2618 Tabularii
1819 2577 1974 2619 intrare

147 2658 221 2699 per
243 2642 328 2683 vim
349 2642 435 2683 ausi
463 2643 646 2683 fuerant.
678 2644 840 2685 Horum
865 2643 991 2701 igitur
1007 2645 1281 2685 Decretorum
1304 2642 1342 2683 vi
1370 2641 1499 2683 iidem
1515 2641 1736 2683 Antistites
1762 2658 1785 2682 a
1810 2657 1973 2699 posses-

145 2707 262 2748 sione
296 2723 342 2748 ac
373 2707 668 2764 procuratione
700 2708 850 2763 dejecti
886 2720 984 2749 sunt
1016 2707 1309 2765 temporalium
1340 2706 1551 2748 bonorum
1586 2707 1883 2763 redituumque
1917 2705 1973 2747 ad

145 2772 387 2813 Sacerdotia
405 2788 476 2812 sua
499 2772 813 2829 pertinentium,
837 2785 878 2814 et
900 2773 1002 2814 alter
1027 2773 1197 2829 quidem
1222 2771 1264 2812 in
1283 2771 1453 2823 Gallias,
1476 2771 1579 2813 alter
1596 2788 1696 2813 vero
1715 2771 1758 2812 in
1775 2772 1970 2813 Nostram

144 2836 252 2877 hanc
274 2837 440 2877 Almam
458 2837 617 2877 Urbem
638 2836 778 2878 venire
798 2849 979 2879 coactus.

203 2902 359 2942 Verum
383 2901 460 2941 alia
480 2916 649 2958 quoque
669 2912 780 2953 sunt,
806 2917 852 2942 ac
876 2918 962 2942 non
986 2902 1091 2942 levia
1123 2901 1189 2941 illa
1225 2900 1393 2957 quidem
1413 2933 1422 2952 ,
1457 2917 1548 2958 quae
1581 2900 1857 2958 Subalpinum
1879 2899 1967 2941 Gu-

143 2966 337 3007 bernium
360 2977 505 3007 contra
524 2965 721 3006 Ecclesiae
743 2966 850 3020 jura,
880 2967 944 3007 vel
962 2968 1005 3007 in
1026 2965 1256 3023 Religionis
1286 2965 1584 3007 detrimentum
1601 2998 1610 3016 ,
1637 2964 1778 3006 statuit
1800 2979 1847 3004 ac
1872 2978 1965 3021 ges-

143 3031 208 3071 sit.
235 3032 349 3072 Inter
372 3046 462 3087 quae
486 3046 571 3071 mm
590 3045 809 3087 possumus
836 3047 922 3071 non
946 3031 1167 3071 lamentari
1180 3031 1449 3071 vehementer
1472 3030 1523 3072 de
1544 3030 1818 3071 funestissima
1838 3030 1962 3085 Lege,

142 3095 396 3150 quaniinde
422 3094 799 3136 a‹fie‹4(hnobrss
829 3094 1201 3152 anni18485uper
1229 3095 1706 3152 pubficainsutufione‚
1732 3091 1962 3149 etpubficss

141 3160 398 3217 privatisque
421 3176 495 3202 seu
515 3161 724 3216 majorum
749 3175 820 3201 seu
843 3161 1057 3201 minorum
1075 3159 1385 3216 disciplinarum
1403 3159 1553 3201 scholis
1573 3159 1728 3200 editam
1752 3157 1874 3197 fuisse
1898 3171 1965 3197 co-

141 3223 377 3278 gnovnnus
413 3224 1346 3283 Tfouunissarunlreghnen,{Epsscopahbus
1376 3219 1964 3278 Sennnasthsafiquarafione
