2135 3442
147 135 221 171 290
638 128 823 163 LETTRE
854 126 1197 173 APOSTOLIQUE
1226 125 1291 162 DE
1319 126 1398 161 PIE
1426 125 1498 162 IX.

147 232 272 277 atque
295 216 542 274 consignare
572 226 810 257 teneantur.
839 214 887 255 [n
917 214 1179 255 contrarium
1209 212 1457 254 facientibus
1481 227 1570 253 non
1598 213 1860 257 obstantibus
1896 218 1990 273 qui-

149 286 429 339 buscumque.

207 351 265 390 Ut
284 358 425 389 autem
449 347 606 389 eaedem
625 356 851 404 praesentes
873 344 1038 383 Litterae
1059 342 1112 383 ad
1136 344 1325 384 omnium
1350 341 1545 383 notitiam
1576 341 1736 384 facilius
1751 344 1990 400 perducan-

153 428 236 467 tur,
257 429 338 455 nec
355 412 578 471 qnisquam
595 411 761 452 illarum
780 407 1066 466 ignorantiam
1083 407 1262 466 allegare
1284 419 1423 464 queat,
1442 407 1652 458 volumus,
1673 418 1715 449 et
1729 409 1992 452 Auctoritate

153 479 325 539 praefata
349 478 626 527 decernimus,
656 475 745 516 illas
772 473 825 515 ad
855 473 994 514 valvas
1024 472 1206 514 Basilicae
1239 472 1444 531 Principis
1467 472 1788 530 Apostolorum,
1818 483 1860 515 et
1882 475 1992 516 Can-

154 544 333 587 cellariae
358 541 630 601 Apostolicae,
656 555 733 581 nec
764 554 852 580 non
876 535 1008 578 Curiae
1036 537 1254 579 Generalis
1289 539 1334 579 in
1359 538 1509 579 Monte
1538 537 1720 593 Citorio‚
1750 548 1792 579 et
1823 539 1866 579 in
1893 540 1993 582 Acie

154 609 302 668 Campi
341 609 478 650 Florae
517 608 559 647 in
589 606 706 647 Urbe
744 619 819 662 per
854 602 1039 659 aliquem
1070 618 1122 644 ex
1156 602 1406 645 Cursoribus
1439 603 1618 655 Nostris,
1658 614 1704 644 ut
1743 605 1872 645 moris
1913 615 1991 656 est,

154 673 380 734 publicari,
416 673 669 728 illarumque
705 667 898 726 exempla
928 667 1088 708 ibidem
1119 668 1243 710 affixa
1276 668 1486 726 relinqui:
1523 668 1581 710 sic
1609 684 1709 710 vero
1741 668 1991 726 publicatas,

156 755 307 781 omnes
323 749 364 780 et
381 737 584 796 singulos,
608 750 714 793 quos
736 743 1017 784 concernunt,
1036 732 1216 791 perinde
1239 732 1422 786 afficere,
1444 745 1486 776 et
1509 745 1686 785 arctare,
1709 749 1756 775 ac
1776 734 1808 775 si
1829 733 1996 776 unicui-

158 820 239 861 que
259 803 431 845 illorum
450 800 733 861 personaliter
749 797 989 849 notificatae,
1011 809 1052 839 et
1067 799 1270 840 intimatae
1294 798 1492 850 fuissent3
1515 799 1701 858 ipsarum
1729 810 1870 840 autem
1889 815 1997 857 prae-

156 869 339 911 sentium
355 868 613 909 Litterarum
626 862 941 920 transsumptis,
959 878 1032 904 seu
1051 864 1271 921 exemplis,
1286 863 1416 906 etiam
1432 864 1662 924 impressis,
1675 880 1805 906 manu
1822 864 1997 921 alicujus

156 931 321 974 Notarii
341 931 500 990 publici
521 928 782 987 subscriptis,
810 939 851 969 et
866 927 1004 986 sigillo
1021 945 1214 986 personae
1235 929 1279 970 in
1305 930 1596 972 Ecclesiastica
1614 929 1819 988 dignitate
1837 929 1998 972 consti·

157 1008 257 1039 tutae
278 996 466 1048 munitis,
496 995 690 1037 eamdem
707 1009 880 1052 prorsus
901 993 1031 1034 fidem
1051 1004 1138 1035 tam
1159 993 1203 1035 in
1230 994 1402 1050 judicio,
1422 1011 1549 1054 quam
1573 1006 1690 1036 extra
1716 995 1821 1037 illud
1839 994 1998 1052 ubique

157 1062 348 1105 locorum
385 1061 534 1103 haberi
572 1061 785 1114 volumus,
818 1075 909 1117 quae
944 1059 1174 1101 haberetur
1207 1059 1367 1102 eisdem
1402 1060 1697 1120 praesenfibus,
1733 1060 1765 1102 si
1800 1059 1997 1101 exhibita?

160 1128 314 1179 forent,
336 1127 400 1168 vel
424 1137 620 1168 ostensae.

216 1194 373 1234 Datum
403 1193 549 1234 Romae
569 1190 682 1250 apud
714 1191 756 1233 S.
786 1192 961 1233 Petrum
994 1192 1071 1233 sub
1108 1190 1279 1232 Annulo
1303 1190 1545 1244 Piscatoris,
1583 1190 1650 1233 die
1681 1191 1856 1233 XJuni1
1884 1205 1997 1232 anno

158 1258 203 1300 M
213 1258 352 1299 DCCC
363 1258 432 1310 LI,
455 1256 732 1300 Pontificatus
748 1256 892 1300 Nostri
914 1273 1027 1299 anno
1040 1257 1094 1300 V.

1260 1395 1314 1436 A.
1351 1395 1485 1436 CARD.
1506 1395 1850 1438 LAMBmsscmNh
