2135 3442
748 229 856 265 XVII
884 227 1057 265 MARTII
1084 227 1346 266 MDCCCLVI.

985 335 1123 343 .—

473 449 585 517 SS.
637 447 948 515 DOMINI
995 447 1313 514 NOSTRI
1368 447 1490 514 PII
1538 448 1627 513 IX

898 587 1216 638 EPISTOLA

130 719 314 746 DILEchs
345 718 468 743 FILIIS
505 717 672 744 NOSTRIS
703 718 735 744 S.
779 718 821 744 R.
855 717 895 743 E.
932 717 1259 754 CARDINALIBUS,
1295 717 1346 743 AC
1386 716 1714 742 VENERABILIBL'S
1748 714 1973 741 FRATRIBUS

186 777 522 805 ARCHIEPISCOPIS
565 777 615 802 ET
656 776 862 803 EPISCOPIS
911 776 1122 802 UNIVERSAE
1161 776 1400 802 IMPERIALls
1449 776 1500 801 Ac
1548 776 1682 801 REGLE
1732 774 1974 801 AUSTRIACAE

188 836 390 864 anIONIS.

830 905 975 955 PIUS
1010 904 1173 955 PAPA
1209 905 1280 955 IX

232 1040 391 1080 Dilectc'
426 1039 460 1078 F
462 1038 531 1078 ilii
554 1042 705 1088 nostri,
730 1046 770 1078 et
792 1037 838 1078 V
837 1037 1073 1078 enerabiles
1098 1038 1290 1087 Fratres,
1311 1036 1490 1078 salutem
1511 1045 1552 1077 et
1571 1035 1863 1092 Apostolicam

875 1096 1231 1137 Beneclictionem.

188 1208 395 1265 Singulari
437 1206 611 1264 quidem
658 1207 788 1248 animi
826 1207 973 1248 Nostri
1015 1207 1170 1265 gaudio
1208 1206 1522 1265 cognoscimus,
1557 1222 1654 1256 vos,
1696 1206 1837 1247 dilecti
1878 1204 1972 1246 Filii

130 1273 287 1324 Nostri,
315 1289 362 1314 ac
392 1271 668 1313 Venerabiles
697 1273 888 1323 Fratres,
922 1272 1108 1320 Nostris,
1141 1283 1182 1313 et
1213 1271 1414 1313 carissimi
1444 1271 1488 1311 in
1516 1271 1682 1312 Christo
1716 1270 1808 1311 Filii
1829 1269 1973 1311 Nostri

130 1337 339 1381 Francisci
370 1337 544 1395 Josephi
574 1336 751 1378 Austriae
776 1337 1062 1395 Imperatoris,
1094 1347 1135 1378 et
1162 1336 1290 1394 Regis
1318 1335 1551 1394 Apostolici
1574 1335 1793 1377 desideriis
1824 1334 1975 1391 cuique

129 1414 318 1445 vestrum
361 1419 448 1444 uno
486 1403 571 1443 fere
611 1401 849 1459 eodemque
879 1413 1071 1461 tempore
1111 1401 1355 1461 significatis
1384 1417 1512 1458 (1113111
1540 1400 1817 1442 libentissime
1846 1399 1975 1440 obse-

133 1478 326 1525 quentes,
364 1483 446 1524 pro
488 1466 658 1524 egregia
693 1479 833 1508 vestra
875 1467 1106 1525 religione,
1146 1478 1187 1508 et
1221 1466 1421 1524 pastorali
1461 1465 1743 1508 sollicitudine
1782 1464 1978 1506 statuisse

135 1531 362 1574 convenire
383 1532 426 1572 111
447 1531 571 1572 istam
600 1531 871 1589 Imperialem
893 1543 936 1572 et
960 1531 1137 1590 Regiam
1159 1531 1540 1572 Vindobonensem
1562 1531 1788 1580 civitatem,
1815 1544 1898 1585 quo
1918 1528 1978 1569 ibi

134 1598 245 1638 inter
268 1613 342 1638 105
369 1596 570 1652 colloqui,
594 1606 636 1636 et
663 1596 837 1637 consilia
855 1597 1046 1637 conferre
1066 1596 1259 1654 possetis,
1281 1607 1328 1637 ut
1348 1596 1425 1637 rite
1450 1611 1498 1636 ea
1522 1595 1663 1635 01111113
1691 1593 1976 1652 perficiantur,

136 1677 227 1719 quae
260 1677 282 1702 a
303 1660 440 1702 Nobis
475 1676 572 1701 611111
602 1660 754 1701 eodem
782 1660 997 1701 carissimo
1030 1660 1071 1701 in
1097 1661 1264 1702 Christo
1296 1660 1403 1714 Filio
1435 1660 1590 1701 Nostro
1623 1659 1781 1700 sancita
1807 1669 1903 1699 sunt
1933 1658 1976 1699 111

135 1726 449 1775 Conventione,
480 1741 608 1781 quam
632 1725 746 1766 idem
767 1725 1023 1766 clarissimus
1044 1735 1086 1766 et
1106 1725 1444 1782 religiosissimus
1471 1724 1672 1781 Princeps
1697 1739 1793 1764 cum
1814 1737 1978 1763 summa

134 1793 288 1833 Nostra
318 1789 626 1840 consolatione,
657 1801 699 1830 et
724 1789 955 1831 immortali
989 1791 1051 1830 sui
1082 1789 1266 1830 nominis
1296 1789 1427 1847 gloria
1459 1789 1513 1829 ob
1545 1788 1739 1829 Ecclesiae
1768 1789 1865 1842 jura
1881 1787 1976 1828 vin-

136 1856 290 1905 dicata,
316 1854 440 1895 bonis
463 1854 661 1895 omnibus
684 1870 770 1911 prse
796 1853 939 1895 laetitia
964 1854 1257 1912 gestientibus,
1288 1854 1517 1894 ineundam
1540 1852 1770 1894 Nobiscum
1797 1851 1973 1892 curavit.

139 1922 287 1977 [taque
315 1919 417 1960 dum
447 1919 583 1969 vobis,
616 1919 758 1960 dilecti
793 1919 883 1960 Filii
908 1919 1067 1970 Nostri,
1096 1930 1138 1961 et
1167 1917 1445 1959 Venerabiles
1482 1919 1665 1966 Fratres,
1698 1916 1763 1957 vel
1795 1915 1979 1956 maxime

137 1985 414 2043 gratulamur,
437 1983 552 2041 quod.
574 1983 617 2024 in
641 1983 724 2024 hoc
749 1983 951 2024 habendo
982 1994 1193 2024 conventu
1225 1982 1391 2040 insigne
1424 1998 1471 2023 ac
1500 1992 1770 2040 perspectum
1794 1991 1980 2022 vestrum

143 2065 218 2107 pro
249 2047 439 2090 Ecclesia
471 2047 658 2089 studium
696 2048 888 2105 impense
921 2048 1157 2098 ostenditis,
1187 2047 1322 2088 Nobis
1349 2058 1587 2104 temperare
1621 2062 1706 2087 non
1738 2060 1975 2103 possumus,

141 2114 243 2171 quin
281 2130 354 2155 vos
389 2114 469 2154 hac
514 2113 735 2154 occasione
767 2123 1040 2170 peramanter
1077 2113 1368 2170 alloquamur,
1409 2123 1450 2153 et
1488 2111 1660 2152 intimos
1691 2110 1810 2151 vobis
1851 2109 1980 2150 animi

139 2177 283 2221 Nostri
305 2194 448 2219 56115115
474 2178 726 2236 aperiamus,
758 2193 810 2218 ex
835 2178 989 2234 quibus
1022 2179 1230 2233 majorem
1259 2177 1302 2218 in
1331 2176 1508 2218 modum
1538 2174 1794 2231 intelligetis,
1824 2184 1981 2231 quanta

139 2259 230 2294 vos,
256 2254 296 2284 et
313 2258 461 2284 01111165
486 2242 759 2301 amplissimi
749 2242 864 2284 lstius
885 2243 1056 2313 1111116111
1076 2242 1221 2284 fideles
1239 2242 1421 2300 populos
1442 2257 1549 2283 cuiae
1568 2250 1713 2281 restrae
1733 2240 1982 2280 commissos

142 2310 277 2350 1161161
281 2307 437 2349 olentia
472 2323 798 2365 plosequamur
832 2308 972 2364 Atque
1004 2307 1047 2348 in
1067 2308 1214 2365 piimis
1242 2306 1359 2364 quod
1386 2306 1533 2346 attinet
1560 2304 1613 2345 ad
1643 2315 1982 2345 commemoratae

142 2372 447 2414 Comentionis
485 2372 820 2423 exsecutionem,
849 2387 945 2412 cum
978 2371 1139 2429 optime
1174 2370 1372 2421 noscatis,
1403 2369 1598 2411 multos
1588 2386 1630 2409 111
1658 2369 1727 2410 illa
1757 2385 1846 2411 esse
1880 2368 1981 2410 arti-

142 2438 274 2488 culos,
312 2436 383 2493 qui
413 2454 434 2477 a
463 2437 582 2478 101115
609 2436 819 2495 proecipue
843 2448 942 2477 sunt
969 2436 1245 2493 exsequendi,
1275 2446 1368 2476 tum
1390 2436 1664 2476 16116111611161·
1691 2445 1904 2492 optamus,
1937 2443 1984 2474 ut

143 2501 285 2560 quoad
330 2501 505 2542 modum
549 2501 592 2542 in
625 2501 873 2542 eorumdem
912 2501 1189 2542 articulorum
1226 2499 1494 2541 exsecutione
1540 2515 1670 2539 unam
1705 2498 1984 2555 eamdemque

143 2578 302 2608 certam
320 2566 432 2606 viam
457 2576 581 2623 atque
602 2566 812 2607 rationem
838 2566 997 2607 habere
1016 2565 1168 2616 velitis,
1197 2580 1247 2605 ea
1266 2576 1408 2605 tamen
1435 2563 1811 2621 circumspectione
1836 2562 1983 2604 sedulo

144 2631 459 2689 prudenterque
496 2630 701 2685 adhibita,
746 2646 873 2688 quam
906 2630 1021 2671 varia
1049 2630 1311 2672 diversarum
1350 2629 1542 2669 latissimi
1574 2627 1783 2669 Austriaci
1814 2626 1984 2685 Imperii

143 2695 463 2738 Provinciarum
488 2695 688 2750 adjuncta
711 2695 924 2752 postulare
950 2704 1167 2752 poterunt.
1199 2693 1240 2734 Si
1265 2709 1356 2750 quae
1385 2704 1526 2734 autem
1549 2693 1600 2734 (16
1622 2693 1795 2748 alicujus
1821 2690 1984 2733 articuli

144 2776 271 2802 sensu
287 2758 510 2809 dubitatio,
532 2759 597 2799 vel
620 2759 843 2800 difficultas
860 2760 1035 2810 oriatur,
1053 2758 1170 2815 quod
1189 2773 1275 2799 non
1296 2758 1385 2799 fere
1407 2758 1677 2808 arbitramur,
1703 2758 1986 2816 gratissimum

144 2824 277 2866 Nobis
300 2823 393 2873 erit,
429 2823 544 2863 illam
571 2839 593 2863 a
618 2823 739 2864 vobis
769 2823 821 2863 ad
848 2824 936 2865 Nos
960 2823 1131 2872 deferri,
1155 2833 1216 2873 ut,
1245 2822 1406 2864 collatis
1434 2822 1544 2864 inter
1565 2824 1669 2877 Nos,
1694 2834 1736 2864 et
1755 2824 1986 2864 Caesaream

147 2887 438 2947 Apostolicam
460 2888 726 2943 Majestatem
747 2887 947 2938 consiliis,
969 2887 1097 2929 veluti
1118 2887 1162 2928 111
1186 2888 1398 2928 tricesimo
1418 2888 1566 2945 quinto
1589 2887 1775 2943 ejusdcm
1794 2889 1986 2929 Conven-

148 2953 275 2995 tionis
297 2953 472 2994 articulo
494 2964 661 2993 cautum
684 2963 762 3002 est,
787 2963 1050 3009 opportunas
1070 2952 1375 2993 declarationes
1400 2952 1500 2994 dare
1521 2952 1746 3011 possimus,

206 3037 227 3076 J
232 3052 300 3077 am
310 3051 411 3077 vero
431 3034 723 3076 ardentissima
741 3033 810 3074 illa
832 3035 996 3084 caritas,
1019 3049 1102 3090 qua
1119 3033 1363 3076 universum
1379 3035 1650 3076 Dominicum
1666 3050 1838 3092 gregem
1852 3030 1985 3075 Nobis

151 3102 203 3141 ab
228 3101 320 3158 ipso
338 3101 506 3142 Christo
530 3099 716 3141 Domino
747 3098 946 3140 divinitus
971 3098 1243 3141 commissum
1273 3101 1612 3158 complectimur,
1639 3111 1679 3140 et
1695 3096 1985 3156 gravissimum

151 3166 382 3222 Apostolici
411 3167 557 3208 Nostri
588 3163 811 3207 ministerii
845 3180 1014 3216 munus,
1047 3180 1130 3221 quo
1153 3166 1344 3207 onmium
1379 3165 1618 3211 nationum,
1658 3175 1695 3205 et
1729 3161 1985 3220 populorum
