<?xml version="1.0" encoding="UTF-8"?>
<!DOCTYPE html PUBLIC "-//W3C//DTD XHTML 1.0 Transitional//EN"
    "http://www.w3.org/TR/xhtml1/DTD/xhtml1-transitional.dtd">
<html xmlns="http://www.w3.org/1999/xhtml" xml:lang="en" lang="en">
 <head>
  <title>
</title>
<meta http-equiv="Content-Type" content="text/html;charset=utf-8" />
  <meta name='ocr-system' content='tesseract 3.04.00' />
  <meta name='ocr-capabilities' content='ocr_page ocr_carea ocr_par ocr_line ocrx_word'/>
</head>
<body>
  <div class='ocr_page' id='page_1' title='image "./recueildesallocu00cath_0210.png"; bbox 0 0 2135 3442; ppageno 0'>
   <div class='ocr_carea' id='block_1_1' title="bbox 175 178 1404 219">
    <p class='ocr_par' dir='ltr' id='par_1_1' title="bbox 175 178 1404 219">
     <span class='ocr_line' id='line_1_1' title="bbox 175 178 1404 219; baseline -0.002 0"><span class='ocrx_word' id='word_1_1' title='bbox 175 182 253 219; x_wconf 80' lang='lat'>198</span> <span class='ocrx_word' id='word_1_2' title='bbox 788 178 1104 216; x_wconf 87' lang='lat' dir='ltr'><strong>ALLOCUTION</strong></span> <span class='ocrx_word' id='word_1_3' title='bbox 1133 181 1197 215; x_wconf 91' lang='lat' dir='ltr'>DE</span> <span class='ocrx_word' id='word_1_4' title='bbox 1226 180 1304 216; x_wconf 86' lang='lat' dir='ltr'>PIE</span> <span class='ocrx_word' id='word_1_5' title='bbox 1334 180 1404 216; x_wconf 91' lang='lat' dir='ltr'>IX.</span> 
     </span>
    </p>
   </div>
   <div class='ocr_carea' id='block_1_2' title="bbox 177 265 2019 829">
    <p class='ocr_par' dir='ltr' id='par_1_2' title="bbox 177 265 2019 829">
     <span class='ocr_line' id='line_1_2' title="bbox 177 265 2018 327; baseline 0.001 -16"><span class='ocrx_word' id='word_1_6' title='bbox 177 269 395 311; x_wconf 82' lang='lat' dir='ltr'>decessore</span> <span class='ocrx_word' id='word_1_7' title='bbox 425 265 600 318; x_wconf 90' lang='lat' dir='ltr'>Nostro,</span> <span class='ocrx_word' id='word_1_8' title='bbox 626 265 670 306; x_wconf 94' lang='lat' dir='ltr'>in</span> <span class='ocrx_word' id='word_1_9' title='bbox 693 265 883 308; x_wconf 85' lang='lat' dir='ltr'>Concilio</span> <span class='ocrx_word' id='word_1_10' title='bbox 907 267 1177 309; x_wconf 87' lang='lat' dir='ltr'>Lateranensi</span> <span class='ocrx_word' id='word_1_11' title='bbox 1196 278 1362 325; x_wconf 88' lang='lat' dir='ltr'>quarto,</span> <span class='ocrx_word' id='word_1_12' title='bbox 1391 266 1686 308; x_wconf 85' lang='lat' dir='ltr'>Patriarchalis</span> <span class='ocrx_word' id='word_1_13' title='bbox 1721 267 1901 327; x_wconf 84' lang='lat' dir='ltr'>dignitas</span> <span class='ocrx_word' id='word_1_14' title='bbox 1938 270 2018 312; x_wconf 90' lang='lat' dir='ltr'>fuit</span> 
     </span>
     <span class='ocr_line' id='line_1_3' title="bbox 177 330 2017 390; baseline 0 -15"><span class='ocrx_word' id='word_1_15' title='bbox 177 330 443 383; x_wconf 86' lang='lat' dir='ltr'>confirmata,</span> <span class='ocrx_word' id='word_1_16' title='bbox 471 346 638 372; x_wconf 90' lang='lat' dir='ltr'>summo</span> <span class='ocrx_word' id='word_1_17' title='bbox 660 346 824 388; x_wconf 82' lang='lat' dir='ltr'>semper</span> <span class='ocrx_word' id='word_1_18' title='bbox 843 331 886 372; x_wconf 93' lang='lat' dir='ltr'>in</span> <span class='ocrx_word' id='word_1_19' title='bbox 902 332 1064 374; x_wconf 89' lang='lat' dir='ltr'>honore</span> <span class='ocrx_word' id='word_1_20' title='bbox 1082 331 1225 374; x_wconf 88' lang='lat' dir='ltr'>habita</span> <span class='ocrx_word' id='word_1_21' title='bbox 1244 332 1503 390; x_wconf 80' lang='lat' dir='ltr'>peculiarem</span> <span class='ocrx_word' id='word_1_22' title='bbox 1522 333 1816 374; x_wconf 89' lang='lat' dir='ltr'>Romanorum</span> <span class='ocrx_word' id='word_1_23' title='bbox 1838 334 2017 376; x_wconf 89' lang='lat' dir='ltr'>Pontifi-</span> 
     </span>
     <span class='ocr_line' id='line_1_4' title="bbox 177 394 2018 454; baseline 0 -14"><span class='ocrx_word' id='word_1_24' title='bbox 177 412 274 440; x_wconf 87' lang='lat' dir='ltr'>cum</span> <span class='ocrx_word' id='word_1_25' title='bbox 295 411 440 438; x_wconf 86' lang='lat' dir='ltr'>curam</span> <span class='ocrx_word' id='word_1_26' title='bbox 463 406 505 437; x_wconf 91' lang='lat' dir='ltr'>et</span> <span class='ocrx_word' id='word_1_27' title='bbox 527 394 854 437; x_wconf 89' lang='lat' dir='ltr'>sollicitudinem</span> <span class='ocrx_word' id='word_1_28' title='bbox 879 395 957 436; x_wconf 89' lang='lat' dir='ltr'>sibi</span> <span class='ocrx_word' id='word_1_29' title='bbox 981 398 1255 454; x_wconf 90' lang='lat' dir='ltr'>comparavit.</span> <span class='ocrx_word' id='word_1_30' title='bbox 1287 398 1372 450; x_wconf 86' lang='lat' dir='ltr'>Qui</span> <span class='ocrx_word' id='word_1_31' title='bbox 1391 396 1564 454; x_wconf 89' lang='lat' dir='ltr'>quidem</span> <span class='ocrx_word' id='word_1_32' title='bbox 1586 398 1767 438; x_wconf 90' lang='lat' dir='ltr'>Romani</span> <span class='ocrx_word' id='word_1_33' title='bbox 1793 397 2018 440; x_wconf 88' lang='lat' dir='ltr'>Pontifices</span> 
     </span>
     <span class='ocr_line' id='line_1_5' title="bbox 180 460 2015 520; baseline 0 -16"><span class='ocrx_word' id='word_1_34' title='bbox 180 463 307 504; x_wconf 87' lang='lat' dir='ltr'>etiam</span> <span class='ocrx_word' id='word_1_35' title='bbox 326 472 549 520; x_wconf 81' lang='lat' dir='ltr'>postquam</span> <span class='ocrx_word' id='word_1_36' title='bbox 575 476 691 503; x_wconf 89' lang='lat' dir='ltr'>sacra</span> <span class='ocrx_word' id='word_1_37' title='bbox 711 460 861 502; x_wconf 87' lang='lat' dir='ltr'>eadem</span> <span class='ocrx_word' id='word_1_38' title='bbox 884 460 976 502; x_wconf 88' lang='lat' dir='ltr'>loca</span> <span class='ocrx_word' id='word_1_39' title='bbox 997 462 1050 502; x_wconf 91' lang='lat' dir='ltr'>ab</span> <span class='ocrx_word' id='word_1_40' title='bbox 1070 461 1313 503; x_wconf 88' lang='lat' dir='ltr'>infidelibus</span> <span class='ocrx_word' id='word_1_41' title='bbox 1339 462 1490 503; x_wconf 84' lang='lat' dir='ltr'>iterum</span> <span class='ocrx_word' id='word_1_42' title='bbox 1513 473 1716 519; x_wconf 86' lang='lat' dir='ltr'>occupata</span> <span class='ocrx_word' id='word_1_43' title='bbox 1733 461 1863 514; x_wconf 89' lang='lat' dir='ltr'>fuere,</span> <span class='ocrx_word' id='word_1_44' title='bbox 1877 463 2015 504; x_wconf 77' lang='lat' dir='ltr'>&#39;immo</span> 
     </span>
     <span class='ocr_line' id='line_1_6' title="bbox 178 525 2019 584; baseline 0 -14"><span class='ocrx_word' id='word_1_45' title='bbox 178 539 220 570; x_wconf 87' lang='lat' dir='ltr'>et</span> <span class='ocrx_word' id='word_1_46' title='bbox 236 542 334 570; x_wconf 92' lang='lat' dir='ltr'>cum</span> <span class='ocrx_word' id='word_1_47' title='bbox 348 527 419 568; x_wconf 82' lang='lat' dir='ltr'>vix</span> <span class='ocrx_word' id='word_1_48' title='bbox 436 525 521 567; x_wconf 89' lang='lat' dir='ltr'>ulla</span> <span class='ocrx_word' id='word_1_49' title='bbox 540 525 592 567; x_wconf 92' lang='lat' dir='ltr'>de</span> <span class='ocrx_word' id='word_1_50' title='bbox 612 525 692 567; x_wconf 92' lang='lat' dir='ltr'>illis</span> <span class='ocrx_word' id='word_1_51' title='bbox 712 525 1013 584; x_wconf 85' lang='lat' dir='ltr'>recuperandis</span> <span class='ocrx_word' id='word_1_52' title='bbox 1032 542 1123 584; x_wconf 88' lang='lat' dir='ltr'>spes</span> <span class='ocrx_word' id='word_1_53' title='bbox 1141 525 1376 584; x_wconf 84' lang='lat' dir='ltr'>affulgeret,</span> <span class='ocrx_word' id='word_1_54' title='bbox 1394 527 1565 568; x_wconf 89' lang='lat' dir='ltr'>Latinos</span> <span class='ocrx_word' id='word_1_55' title='bbox 1583 526 1845 569; x_wconf 77' lang='lat' dir='ltr'>Patri-archas</span> <span class='ocrx_word' id='word_1_56' title='bbox 1867 527 2019 570; x_wconf 90' lang='lat' dir='ltr'>Hiero-</span> 
     </span>
     <span class='ocr_line' id='line_1_7' title="bbox 179 591 2019 651; baseline 0.001 -17"><span class='ocrx_word' id='word_1_57' title='bbox 179 592 453 651; x_wconf 86' lang='lat' dir='ltr'>solymitanos</span> <span class='ocrx_word' id='word_1_58' title='bbox 475 591 736 642; x_wconf 86' lang='lat' dir='ltr'>renuntiare,</span> <span class='ocrx_word' id='word_1_59' title='bbox 763 602 804 632; x_wconf 88' lang='lat' dir='ltr'>et</span> <span class='ocrx_word' id='word_1_60' title='bbox 833 591 1085 632; x_wconf 88' lang='lat' dir='ltr'>constituere</span> <span class='ocrx_word' id='word_1_61' title='bbox 1111 592 1443 649; x_wconf 82' lang='lat' dir='ltr'>haudquaquam</span> <span class='ocrx_word' id='word_1_62' title='bbox 1472 591 1811 644; x_wconf 88' lang='lat' dir='ltr'>intermiserunt,</span> <span class='ocrx_word' id='word_1_63' title='bbox 1831 591 1929 634; x_wconf 90' lang='lat' dir='ltr'>licet</span> <span class='ocrx_word' id='word_1_64' title='bbox 1947 608 2019 635; x_wconf 90' lang='lat' dir='ltr'>eos</span> 
     </span>
     <span class='ocr_line' id='line_1_8' title="bbox 178 654 2016 714; baseline -0.001 -15"><span class='ocrx_word' id='word_1_65' title='bbox 178 673 202 699; x_wconf 89' lang='lat' dir='ltr'>a</span> <span class='ocrx_word' id='word_1_66' title='bbox 222 655 438 699; x_wconf 87' lang='lat' dir='ltr'>residendi</span> <span class='ocrx_word' id='word_1_67' title='bbox 461 655 720 713; x_wconf 77' lang='lat' dir='ltr'>obligatione</span> <span class='ocrx_word' id='word_1_68' title='bbox 751 654 924 704; x_wconf 90' lang='lat' dir='ltr'>solvere,</span> <span class='ocrx_word' id='word_1_69' title='bbox 955 655 1157 712; x_wconf 86' lang='lat' dir='ltr'>quamdiu</span> <span class='ocrx_word' id='word_1_70' title='bbox 1179 656 1273 698; x_wconf 87' lang='lat' dir='ltr'>loca</span> <span class='ocrx_word' id='word_1_71' title='bbox 1300 656 1383 714; x_wconf 86' lang='lat' dir='ltr'>ipsa</span> <span class='ocrx_word' id='word_1_72' title='bbox 1416 657 1470 697; x_wconf 87' lang='lat' dir='ltr'>ab</span> <span class='ocrx_word' id='word_1_73' title='bbox 1493 655 1735 697; x_wconf 88' lang='lat' dir='ltr'>infidelibus</span> <span class='ocrx_word' id='word_1_74' title='bbox 1771 656 2016 700; x_wconf 82' lang='lat' dir='ltr'>detineren-</span> 
     </span>
     <span class='ocr_line' id='line_1_9' title="bbox 178 719 2018 779; baseline 0.001 -16"><span class='ocrx_word' id='word_1_75' title='bbox 178 733 260 773; x_wconf 90' lang='lat' dir='ltr'>tur,</span> <span class='ocrx_word' id='word_1_76' title='bbox 285 738 332 764; x_wconf 89' lang='lat' dir='ltr'>ac</span> <span class='ocrx_word' id='word_1_77' title='bbox 352 720 556 778; x_wconf 84' lang='lat' dir='ltr'>spirituali</span> <span class='ocrx_word' id='word_1_78' title='bbox 578 720 747 762; x_wconf 89' lang='lat' dir='ltr'>illorum</span> <span class='ocrx_word' id='word_1_79' title='bbox 770 719 962 762; x_wconf 87' lang='lat' dir='ltr'>fidelium</span> <span class='ocrx_word' id='word_1_80' title='bbox 981 721 1098 762; x_wconf 90' lang='lat' dir='ltr'>bono</span> <span class='ocrx_word' id='word_1_81' title='bbox 1125 721 1205 762; x_wconf 87' lang='lat' dir='ltr'>alia</span> <span class='ocrx_word' id='word_1_82' title='bbox 1228 722 1390 762; x_wconf 90' lang='lat' dir='ltr'>ratione</span> <span class='ocrx_word' id='word_1_83' title='bbox 1415 737 1492 779; x_wconf 89' lang='lat' dir='ltr'>pro</span> <span class='ocrx_word' id='word_1_84' title='bbox 1517 722 1675 762; x_wconf 88' lang='lat' dir='ltr'>viribus</span> <span class='ocrx_word' id='word_1_85' title='bbox 1698 721 1919 765; x_wconf 87' lang='lat' dir='ltr'>consulere</span> <span class='ocrx_word' id='word_1_86' title='bbox 1937 722 2018 764; x_wconf 89' lang='lat' dir='ltr'>de-</span> 
     </span>
     <span class='ocr_line' id='line_1_10' title="bbox 177 787 362 829; baseline -0.011 -1"><span class='ocrx_word' id='word_1_87' title='bbox 177 787 362 829; x_wconf 88' lang='lat' dir='ltr'>buerint.</span> 
     </span>
    </p>
   </div>
   <div class='ocr_carea' id='block_1_3' title="bbox 178 854 2027 3052">
    <p class='ocr_par' dir='ltr' id='par_1_3' title="bbox 178 854 2027 3052">
     <span class='ocr_line' id='line_1_11' title="bbox 236 854 2019 916; baseline 0 -18"><span class='ocrx_word' id='word_1_88' title='bbox 236 857 325 898; x_wconf 88' lang='lat' dir='ltr'>Nos</span> <span class='ocrx_word' id='word_1_89' title='bbox 346 866 456 897; x_wconf 90' lang='lat' dir='ltr'>certe</span> <span class='ocrx_word' id='word_1_90' title='bbox 479 855 531 896; x_wconf 92' lang='lat' dir='ltr'>de</span> <span class='ocrx_word' id='word_1_91' title='bbox 553 854 622 896; x_wconf 89' lang='lat' dir='ltr'>illa</span> <span class='ocrx_word' id='word_1_92' title='bbox 640 854 852 897; x_wconf 90' lang='lat' dir='ltr'>Dominici</span> <span class='ocrx_word' id='word_1_93' title='bbox 872 856 1007 913; x_wconf 82' lang='lat' dir='ltr'>gregis</span> <span class='ocrx_word' id='word_1_94' title='bbox 1021 867 1137 911; x_wconf 86' lang='lat' dir='ltr'>parte</span> <span class='ocrx_word' id='word_1_95' title='bbox 1162 856 1229 897; x_wconf 83' lang='lat' dir='ltr'>vel</span> <span class='ocrx_word' id='word_1_96' title='bbox 1252 856 1434 897; x_wconf 83' lang='lat' dir='ltr'>maxime</span> <span class='ocrx_word' id='word_1_97' title='bbox 1459 855 1642 907; x_wconf 82' lang='lat' dir='ltr'>solliciti,</span> <span class='ocrx_word' id='word_1_98' title='bbox 1663 871 1710 897; x_wconf 89' lang='lat' dir='ltr'>ac</span> <span class='ocrx_word' id='word_1_99' title='bbox 1735 871 1898 897; x_wconf 90' lang='lat' dir='ltr'>summa</span> <span class='ocrx_word' id='word_1_100' title='bbox 1921 872 2019 916; x_wconf 86' lang='lat' dir='ltr'>erga</span> 
     </span>
     <span class='ocr_line' id='line_1_12' title="bbox 178 919 2018 980; baseline -0.001 -17"><span class='ocrx_word' id='word_1_101' title='bbox 178 923 285 980; x_wconf 86' lang='lat' dir='ltr'>ipsas</span> <span class='ocrx_word' id='word_1_102' title='bbox 308 922 502 979; x_wconf 83' lang='lat' dir='ltr'>regiones</span> <span class='ocrx_word' id='word_1_103' title='bbox 525 920 681 978; x_wconf 88' lang='lat' dir='ltr'>pietate</span> <span class='ocrx_word' id='word_1_104' title='bbox 702 919 856 971; x_wconf 82' lang='lat' dir='ltr'>affecti,</span> <span class='ocrx_word' id='word_1_105' title='bbox 879 920 946 961; x_wconf 79' lang='lat' dir='ltr'>vel</span> <span class='ocrx_word' id='word_1_106' title='bbox 967 920 1019 960; x_wconf 90' lang='lat' dir='ltr'>ab</span> <span class='ocrx_word' id='word_1_107' title='bbox 1039 920 1129 977; x_wconf 87' lang='lat' dir='ltr'>ipso</span> <span class='ocrx_word' id='word_1_108' title='bbox 1153 919 1296 962; x_wconf 68' lang='lat' dir='ltr'>Nostri</span> <span class='ocrx_word' id='word_1_109' title='bbox 1319 919 1596 962; x_wconf 88' lang='lat' dir='ltr'>Pontificatus</span> <span class='ocrx_word' id='word_1_110' title='bbox 1617 920 1793 962; x_wconf 85' lang='lat' dir='ltr'>exordio</span> <span class='ocrx_word' id='word_1_111' title='bbox 1817 921 1923 962; x_wconf 86' lang='lat' dir='ltr'>nihil</span> <span class='ocrx_word' id='word_1_112' title='bbox 1940 937 2018 963; x_wconf 86' lang='lat' dir='ltr'>an—</span> 
     </span>
     <span class='ocr_line' id='line_1_13' title="bbox 180 983 2019 1044; baseline -0.001 -16"><span class='ocrx_word' id='word_1_113' title='bbox 180 987 334 1044; x_wconf 86' lang='lat' dir='ltr'>tiquius</span> <span class='ocrx_word' id='word_1_114' title='bbox 356 986 610 1038; x_wconf 87' lang='lat' dir='ltr'>habuimus,</span> <span class='ocrx_word' id='word_1_115' title='bbox 638 1000 765 1041; x_wconf 91' lang='lat' dir='ltr'>quam</span> <span class='ocrx_word' id='word_1_116' title='bbox 798 995 844 1026; x_wconf 89' lang='lat' dir='ltr'>ut</span> <span class='ocrx_word' id='word_1_117' title='bbox 875 983 1014 1025; x_wconf 88' lang='lat' dir='ltr'>Latini</span> <span class='ocrx_word' id='word_1_118' title='bbox 1050 985 1152 1025; x_wconf 89' lang='lat' dir='ltr'>ritus</span> <span class='ocrx_word' id='word_1_119' title='bbox 1179 985 1423 1026; x_wconf 88' lang='lat' dir='ltr'>Patriarcha</span> <span class='ocrx_word' id='word_1_120' title='bbox 1453 985 1764 1043; x_wconf 83' lang='lat' dir='ltr'>Hierosolymae</span> <span class='ocrx_word' id='word_1_121' title='bbox 1789 987 1942 1028; x_wconf 90' lang='lat' dir='ltr'>iterum</span> <span class='ocrx_word' id='word_1_122' title='bbox 1977 987 2019 1027; x_wconf 92' lang='lat' dir='ltr'>in</span> 
     </span>
     <span class='ocr_line' id='line_1_14' title="bbox 180 1048 2015 1107; baseline 0.001 -14"><span class='ocrx_word' id='word_1_123' title='bbox 180 1067 253 1092; x_wconf 89' lang='lat' dir='ltr'>sua</span> <span class='ocrx_word' id='word_1_124' title='bbox 276 1051 375 1093; x_wconf 90' lang='lat' dir='ltr'>sede</span> <span class='ocrx_word' id='word_1_125' title='bbox 397 1061 538 1107; x_wconf 89' lang='lat' dir='ltr'>posset</span> <span class='ocrx_word' id='word_1_126' title='bbox 555 1048 796 1090; x_wconf 84' lang='lat' dir='ltr'>consistere.</span> <span class='ocrx_word' id='word_1_127' title='bbox 818 1051 924 1090; x_wconf 89' lang='lat' dir='ltr'>Cum</span> <span class='ocrx_word' id='word_1_128' title='bbox 945 1061 1100 1101; x_wconf 85' lang='lat' dir='ltr'>autem,</span> <span class='ocrx_word' id='word_1_129' title='bbox 1120 1051 1210 1090; x_wconf 90' lang='lat' dir='ltr'>Deo</span> <span class='ocrx_word' id='word_1_130' title='bbox 1230 1051 1541 1105; x_wconf 89' lang='lat' dir='ltr'>benejuvante,</span> <span class='ocrx_word' id='word_1_131' title='bbox 1567 1050 1832 1094; x_wconf 84' lang='lat' dir='ltr'>difficultates</span> <span class='ocrx_word' id='word_1_132' title='bbox 1854 1067 2015 1102; x_wconf 89' lang='lat' dir='ltr'>omnes,</span> 
     </span>
     <span class='ocr_line' id='line_1_15' title="bbox 180 1114 2021 1174; baseline 0 -16"><span class='ocrx_word' id='word_1_133' title='bbox 180 1126 305 1173; x_wconf 87' lang='lat' dir='ltr'>prout</span> <span class='ocrx_word' id='word_1_134' title='bbox 336 1129 604 1172; x_wconf 86' lang='lat' dir='ltr'>summopere</span> <span class='ocrx_word' id='word_1_135' title='bbox 633 1114 903 1171; x_wconf 81' lang='lat' dir='ltr'>optabamus,</span> <span class='ocrx_word' id='word_1_136' title='bbox 930 1114 1098 1171; x_wconf 86' lang='lat' dir='ltr'>penitus</span> <span class='ocrx_word' id='word_1_137' title='bbox 1124 1114 1307 1154; x_wconf 90' lang='lat' dir='ltr'>sublatas</span> <span class='ocrx_word' id='word_1_138' title='bbox 1331 1129 1419 1155; x_wconf 90' lang='lat' dir='ltr'>esse</span> <span class='ocrx_word' id='word_1_139' title='bbox 1445 1117 1809 1173; x_wconf 84' lang='lat' dir='ltr'>conspexerimus,</span> <span class='ocrx_word' id='word_1_140' title='bbox 1833 1117 2021 1174; x_wconf 87' lang='lat' dir='ltr'>nihilque</span> 
     </span>
     <span class='ocr_line' id='line_1_16' title="bbox 181 1178 2023 1240; baseline 0.001 -18"><span class='ocrx_word' id='word_1_141' title='bbox 181 1196 296 1223; x_wconf 90' lang='lat' dir='ltr'>nunc</span> <span class='ocrx_word' id='word_1_142' title='bbox 315 1180 515 1237; x_wconf 89' lang='lat' dir='ltr'>temporis</span> <span class='ocrx_word' id='word_1_143' title='bbox 535 1179 687 1230; x_wconf 84' lang='lat' dir='ltr'>obstet,</span> <span class='ocrx_word' id='word_1_144' title='bbox 715 1179 939 1235; x_wconf 85' lang='lat' dir='ltr'>quominus</span> <span class='ocrx_word' id='word_1_145' title='bbox 963 1178 1048 1235; x_wconf 86' lang='lat' dir='ltr'>ipse</span> <span class='ocrx_word' id='word_1_146' title='bbox 1068 1178 1311 1219; x_wconf 83' lang='lat' dir='ltr'>Patriarcha</span> <span class='ocrx_word' id='word_1_147' title='bbox 1340 1179 1536 1220; x_wconf 82' lang='lat' dir='ltr'>Ecclesiae</span> <span class='ocrx_word' id='word_1_148' title='bbox 1562 1196 1647 1221; x_wconf 82' lang='lat' dir='ltr'>suae</span> <span class='ocrx_word' id='word_1_149' title='bbox 1674 1196 2023 1240; x_wconf 83' lang='lat' dir='ltr'>curampraesens</span> 
     </span>
     <span class='ocr_line' id='line_1_17' title="bbox 182 1243 2022 1305; baseline 0.001 -18"><span class='ocrx_word' id='word_1_150' title='bbox 182 1262 305 1305; x_wconf 86' lang='lat' dir='ltr'>agere</span> <span class='ocrx_word' id='word_1_151' title='bbox 329 1246 482 1291; x_wconf 77' lang='lat' dir='ltr'>valeat,</span> <span class='ocrx_word' id='word_1_152' title='bbox 515 1243 674 1284; x_wconf 87' lang='lat' dir='ltr'>nullam</span> <span class='ocrx_word' id='word_1_153' title='bbox 706 1260 872 1285; x_wconf 87' lang='lat' dir='ltr'>moram</span> <span class='ocrx_word' id='word_1_154' title='bbox 894 1243 1250 1301; x_wconf 80' lang='lat' dir='ltr'>interponendam</span> <span class='ocrx_word' id='word_1_155' title='bbox 1277 1243 1497 1294; x_wconf 86' lang='lat' dir='ltr'>duximus,</span> <span class='ocrx_word' id='word_1_156' title='bbox 1526 1255 1572 1285; x_wconf 91' lang='lat' dir='ltr'>ut</span> <span class='ocrx_word' id='word_1_157' title='bbox 1596 1245 1840 1301; x_wconf 82' lang='lat' dir='ltr'>hujusmodi</span> <span class='ocrx_word' id='word_1_158' title='bbox 1859 1262 1925 1288; x_wconf 91' lang='lat' dir='ltr'>res</span> <span class='ocrx_word' id='word_1_159' title='bbox 1946 1262 2022 1304; x_wconf 88' lang='lat' dir='ltr'>pro</span> 
     </span>
     <span class='ocr_line' id='line_1_18' title="bbox 180 1308 2024 1367; baseline 0.001 -15"><span class='ocrx_word' id='word_1_160' title='bbox 180 1312 339 1367; x_wconf 87' lang='lat' dir='ltr'>majore</span> <span class='ocrx_word' id='word_1_161' title='bbox 358 1310 435 1350; x_wconf 86' lang='lat' dir='ltr'>Dei</span> <span class='ocrx_word' id='word_1_162' title='bbox 457 1309 590 1366; x_wconf 85' lang='lat' dir='ltr'>gloria</span> <span class='ocrx_word' id='word_1_163' title='bbox 612 1320 736 1367; x_wconf 84' lang='lat' dir='ltr'>atque</span> <span class='ocrx_word' id='word_1_164' title='bbox 755 1309 927 1350; x_wconf 90' lang='lat' dir='ltr'>illorum</span> <span class='ocrx_word' id='word_1_165' title='bbox 950 1308 1141 1349; x_wconf 88' lang='lat' dir='ltr'>fidelium</span> <span class='ocrx_word' id='word_1_166' title='bbox 1160 1308 1338 1350; x_wconf 87' lang='lat' dir='ltr'>utilitate</span> <span class='ocrx_word' id='word_1_167' title='bbox 1360 1309 1414 1350; x_wconf 89' lang='lat' dir='ltr'>ad</span> <span class='ocrx_word' id='word_1_168' title='bbox 1444 1320 1635 1367; x_wconf 84' lang='lat' dir='ltr'>optatum</span> <span class='ocrx_word' id='word_1_169' title='bbox 1660 1311 1816 1351; x_wconf 86' lang='lat' dir='ltr'>exitum</span> <span class='ocrx_word' id='word_1_170' title='bbox 1838 1310 2024 1354; x_wconf 88' lang='lat' dir='ltr'>adduce-</span> 
     </span>
     <span class='ocr_line' id='line_1_19' title="bbox 180 1373 2026 1434; baseline 0.002 -20"><span class='ocrx_word' id='word_1_171' title='bbox 180 1385 311 1417; x_wconf 83' lang='lat' dir='ltr'>retur.</span> <span class='ocrx_word' id='word_1_172' title='bbox 332 1373 624 1427; x_wconf 81' lang='lat' dir='ltr'>Quamobrem</span> <span class='ocrx_word' id='word_1_173' title='bbox 645 1375 749 1414; x_wconf 87' lang='lat' dir='ltr'>tanti</span> <span class='ocrx_word' id='word_1_174' title='bbox 771 1373 975 1415; x_wconf 81' lang='lat' dir='ltr'>momenti</span> <span class='ocrx_word' id='word_1_175' title='bbox 994 1373 1211 1432; x_wconf 81' lang='lat' dir='ltr'>negotium</span> <span class='ocrx_word' id='word_1_176' title='bbox 1229 1376 1347 1429; x_wconf 79' lang='lat' dir='ltr'>juxta</span> <span class='ocrx_word' id='word_1_177' title='bbox 1368 1374 1624 1432; x_wconf 86' lang='lat' dir='ltr'>prudentem</span> <span class='ocrx_word' id='word_1_178' title='bbox 1645 1375 1807 1417; x_wconf 83' lang='lat' dir='ltr'>Nostrae</span> <span class='ocrx_word' id='word_1_179' title='bbox 1838 1377 2026 1434; x_wconf 84' lang='lat' dir='ltr'>Congre-</span> 
     </span>
     <span class='ocr_line' id='line_1_20' title="bbox 180 1438 2025 1499; baseline 0.002 -19"><span class='ocrx_word' id='word_1_180' title='bbox 180 1439 360 1497; x_wconf 84' lang='lat' dir='ltr'>gationis</span> <span class='ocrx_word' id='word_1_181' title='bbox 384 1438 436 1479; x_wconf 89' lang='lat' dir='ltr'>de</span> <span class='ocrx_word' id='word_1_182' title='bbox 460 1438 742 1496; x_wconf 75' lang='lat' dir='ltr'>propaganda</span> <span class='ocrx_word' id='word_1_183' title='bbox 758 1438 861 1479; x_wconf 86' lang='lat' dir='ltr'>Fide</span> <span class='ocrx_word' id='word_1_184' title='bbox 879 1439 1129 1480; x_wconf 82' lang='lat' dir='ltr'>sententiam</span> <span class='ocrx_word' id='word_1_185' title='bbox 1147 1439 1454 1480; x_wconf 71' lang='lat' dir='ltr'>absolvendum</span> <span class='ocrx_word' id='word_1_186' title='bbox 1469 1439 1719 1490; x_wconf 74' lang='lat' dir='ltr'>curavimus,</span> <span class='ocrx_word' id='word_1_187' title='bbox 1744 1451 1870 1498; x_wconf 89' lang='lat' dir='ltr'>atque</span> <span class='ocrx_word' id='word_1_188' title='bbox 1889 1442 2025 1499; x_wconf 90' lang='lat' dir='ltr'>Apos-</span> 
     </span>
     <span class='ocr_line' id='line_1_21' title="bbox 180 1502 2024 1561; baseline 0.002 -16"><span class='ocrx_word' id='word_1_189' title='bbox 180 1504 323 1545; x_wconf 82' lang='lat' dir='ltr'>tolicas</span> <span class='ocrx_word' id='word_1_190' title='bbox 342 1504 518 1544; x_wconf 83' lang='lat' dir='ltr'>Litteras</span> <span class='ocrx_word' id='word_1_191' title='bbox 534 1502 601 1543; x_wconf 89' lang='lat' dir='ltr'>die</span> <span class='ocrx_word' id='word_1_192' title='bbox 621 1503 784 1544; x_wconf 80' lang='lat' dir='ltr'>decimo</span> <span class='ocrx_word' id='word_1_193' title='bbox 803 1503 1016 1544; x_wconf 85' lang='lat' dir='ltr'>Kalendas</span> <span class='ocrx_word' id='word_1_194' title='bbox 1037 1504 1218 1561; x_wconf 84' lang='lat' dir='ltr'>proximi</span> <span class='ocrx_word' id='word_1_195' title='bbox 1232 1505 1578 1561; x_wconf 78' lang='lat' dir='ltr'>mensisAugusti</span> <span class='ocrx_word' id='word_1_196' title='bbox 1603 1504 1726 1561; x_wconf 87' lang='lat' dir='ltr'>hujus</span> <span class='ocrx_word' id='word_1_197' title='bbox 1750 1505 1850 1547; x_wconf 88' lang='lat' dir='ltr'>anni</span> <span class='ocrx_word' id='word_1_198' title='bbox 1867 1506 2024 1548; x_wconf 88' lang='lat' dir='ltr'>annulo</span> 
     </span>
     <span class='ocr_line' id='line_1_22' title="bbox 179 1568 2027 1629; baseline 0.002 -19"><span class='ocrx_word' id='word_1_199' title='bbox 179 1569 401 1610; x_wconf 87' lang='lat' dir='ltr'>Piscatoris</span> <span class='ocrx_word' id='word_1_200' title='bbox 418 1568 657 1625; x_wconf 81' lang='lat' dir='ltr'>obsignatas</span> <span class='ocrx_word' id='word_1_201' title='bbox 676 1568 885 1623; x_wconf 80' lang='lat' dir='ltr'>dedimus,</span> <span class='ocrx_word' id='word_1_202' title='bbox 905 1569 1056 1625; x_wconf 90' lang='lat' dir='ltr'>quibus</span> <span class='ocrx_word' id='word_1_203' title='bbox 1071 1569 1198 1610; x_wconf 86' lang='lat' dir='ltr'>totius</span> <span class='ocrx_word' id='word_1_204' title='bbox 1217 1570 1277 1610; x_wconf 88' lang='lat' dir='ltr'>rei</span> <span class='ocrx_word' id='word_1_205' title='bbox 1290 1569 1500 1611; x_wconf 84' lang='lat' dir='ltr'>rationem</span> <span class='ocrx_word' id='word_1_206' title='bbox 1516 1569 1830 1628; x_wconf 75' lang='lat' dir='ltr'>explicavimus.</span> <span class='ocrx_word' id='word_1_207' title='bbox 1850 1572 1903 1612; x_wconf 90' lang='lat' dir='ltr'>Et</span> <span class='ocrx_word' id='word_1_208' title='bbox 1919 1586 2027 1629; x_wconf 91' lang='lat' dir='ltr'>quo-</span> 
     </span>
     <span class='ocr_line' id='line_1_23' title="bbox 184 1632 2025 1692; baseline 0.002 -19"><span class='ocrx_word' id='word_1_209' title='bbox 184 1634 295 1674; x_wconf 88' lang='lat' dir='ltr'>niam</span> <span class='ocrx_word' id='word_1_210' title='bbox 313 1632 575 1674; x_wconf 84' lang='lat' dir='ltr'>Venerabilis</span> <span class='ocrx_word' id='word_1_211' title='bbox 594 1634 740 1674; x_wconf 87' lang='lat' dir='ltr'>Frater</span> <span class='ocrx_word' id='word_1_212' title='bbox 757 1634 915 1675; x_wconf 87' lang='lat' dir='ltr'>Daulus</span> <span class='ocrx_word' id='word_1_213' title='bbox 931 1635 1144 1691; x_wconf 79' lang='lat' dir='ltr'>Augustus</span> <span class='ocrx_word' id='word_1_214' title='bbox 1166 1634 1196 1675; x_wconf 89' lang='lat' dir='ltr'>F</span> <span class='ocrx_word' id='word_1_215' title='bbox 1201 1634 1361 1686; x_wconf 87' lang='lat' dir='ltr'>oscolo,</span> <span class='ocrx_word' id='word_1_216' title='bbox 1386 1635 1456 1691; x_wconf 92' lang='lat' dir='ltr'>qui</span> <span class='ocrx_word' id='word_1_217' title='bbox 1474 1635 1624 1676; x_wconf 91' lang='lat' dir='ltr'>Latino</span> <span class='ocrx_word' id='word_1_218' title='bbox 1642 1635 2025 1692; x_wconf 79' lang='lat' dir='ltr'>Hierosolymitano</span> 
     </span>
     <span class='ocr_line' id='line_1_24' title="bbox 181 1697 2027 1754; baseline 0.002 -16"><span class='ocrx_word' id='word_1_219' title='bbox 181 1697 479 1747; x_wconf 63' lang='lat' dir='ltr'>1³asts²5ffchatu</span> <span class='ocrx_word' id='word_1_220' title='bbox 501 1697 758 1754; x_wconf 85' lang='lat' dir='ltr'>potiebatur,</span> <span class='ocrx_word' id='word_1_221' title='bbox 783 1714 825 1739; x_wconf 90' lang='lat' dir='ltr'>se</span> <span class='ocrx_word' id='word_1_222' title='bbox 852 1698 925 1739; x_wconf 81' lang='lat' dir='ltr'>illo</span> <span class='ocrx_word' id='word_1_223' title='bbox 950 1698 1183 1749; x_wconf 81' lang='lat' dir='ltr'>abdicavit,</span> <span class='ocrx_word' id='word_1_224' title='bbox 1208 1709 1250 1740; x_wconf 89' lang='lat' dir='ltr'>et</span> <span class='ocrx_word' id='word_1_225' title='bbox 1284 1699 1372 1744; x_wconf 83' lang='lat' dir='ltr'>Nos</span> <span class='ocrx_word' id='word_1_226' title='bbox 1408 1699 1617 1754; x_wconf 85' lang='lat' dir='ltr'>ejusmodi</span> <span class='ocrx_word' id='word_1_227' title='bbox 1652 1699 1920 1742; x_wconf 84' lang='lat' dir='ltr'>abdicatione</span> <span class='ocrx_word' id='word_1_228' title='bbox 1956 1716 2027 1742; x_wconf 87' lang='lat' dir='ltr'>ac-</span> 
     </span>
     <span class='ocr_line' id='line_1_25' title="bbox 185 1762 2023 1823; baseline 0.002 -20"><span class='ocrx_word' id='word_1_229' title='bbox 185 1773 308 1819; x_wconf 90' lang='lat' dir='ltr'>cepta</span> <span class='ocrx_word' id='word_1_230' title='bbox 329 1774 453 1819; x_wconf 88' lang='lat' dir='ltr'>atque</span> <span class='ocrx_word' id='word_1_231' title='bbox 475 1763 728 1819; x_wconf 86' lang='lat' dir='ltr'>approbata,</span> <span class='ocrx_word' id='word_1_232' title='bbox 746 1762 883 1821; x_wconf 88' lang='lat' dir='ltr'>ipsum</span> <span class='ocrx_word' id='word_1_233' title='bbox 895 1763 1191 1804; x_wconf 66' lang='lat' dir='ltr'>Venerabilem</span> <span class='ocrx_word' id='word_1_234' title='bbox 1211 1765 1400 1805; x_wconf 87' lang='lat' dir='ltr'>Fratrem</span> <span class='ocrx_word' id='word_1_235' title='bbox 1426 1779 1447 1804; x_wconf 90' lang='lat' dir='ltr'>a</span> <span class='ocrx_word' id='word_1_236' title='bbox 1466 1763 1650 1814; x_wconf 81' lang='lat' dir='ltr'>vinculo,</span> <span class='ocrx_word' id='word_1_237' title='bbox 1669 1780 1753 1821; x_wconf 88' lang='lat' dir='ltr'>quo</span> <span class='ocrx_word' id='word_1_238' title='bbox 1775 1764 2023 1823; x_wconf 88' lang='lat' dir='ltr'>Hierosoly-</span> 
     </span>
     <span class='ocr_line' id='line_1_26' title="bbox 183 1827 2026 1887; baseline 0.001 -19"><span class='ocrx_word' id='word_1_239' title='bbox 183 1827 352 1869; x_wconf 79' lang='lat' dir='ltr'>mitanae</span> <span class='ocrx_word' id='word_1_240' title='bbox 375 1827 570 1869; x_wconf 85' lang='lat' dir='ltr'>Ecclesiae</span> <span class='ocrx_word' id='word_1_241' title='bbox 588 1827 946 1887; x_wconf 81' lang='lat' dir='ltr'>obstringebatur,</span> <span class='ocrx_word' id='word_1_242' title='bbox 968 1827 1179 1879; x_wconf 79' lang='lat' dir='ltr'>solvimus,</span> <span class='ocrx_word' id='word_1_243' title='bbox 1209 1827 1359 1870; x_wconf 87' lang='lat' dir='ltr'>iccirco</span> <span class='ocrx_word' id='word_1_244' title='bbox 1382 1827 1437 1869; x_wconf 91' lang='lat' dir='ltr'>ad</span> <span class='ocrx_word' id='word_1_245' title='bbox 1462 1830 1559 1868; x_wconf 91' lang='lat' dir='ltr'>novi</span> <span class='ocrx_word' id='word_1_246' title='bbox 1581 1828 1833 1869; x_wconf 85' lang='lat' dir='ltr'>Patriarchae</span> <span class='ocrx_word' id='word_1_247' title='bbox 1857 1829 2026 1870; x_wconf 90' lang='lat' dir='ltr'>electio-</span> 
     </span>
     <span class='ocr_line' id='line_1_27' title="bbox 184 1892 2023 1952; baseline 0.002 -19"><span class='ocrx_word' id='word_1_248' title='bbox 184 1908 282 1935; x_wconf 82' lang='lat' dir='ltr'>nem</span> <span class='ocrx_word' id='word_1_249' title='bbox 298 1892 531 1951; x_wconf 88' lang='lat' dir='ltr'>procedere</span> <span class='ocrx_word' id='word_1_250' title='bbox 557 1892 908 1936; x_wconf 81' lang='lat' dir='ltr'>existimavimus.</span> <span class='ocrx_word' id='word_1_251' title='bbox 926 1895 1071 1950; x_wconf 87' lang='lat' dir='ltr'>Itaque</span> <span class='ocrx_word' id='word_1_252' title='bbox 1089 1904 1429 1934; x_wconf 82' lang='lat' dir='ltr'>commemoratae</span> <span class='ocrx_word' id='word_1_253' title='bbox 1448 1893 1800 1950; x_wconf 85' lang='lat' dir='ltr'>Congregationis</span> <span class='ocrx_word' id='word_1_254' title='bbox 1823 1892 2023 1952; x_wconf 86' lang='lat' dir='ltr'>suffragio</span> 
     </span>
     <span class='ocr_line' id='line_1_28' title="bbox 183 1958 2025 2017; baseline 0.001 -18"><span class='ocrx_word' id='word_1_255' title='bbox 183 1958 228 1999; x_wconf 86' lang='lat' dir='ltr'>in</span> <span class='ocrx_word' id='word_1_256' title='bbox 251 1960 448 2000; x_wconf 89' lang='lat' dir='ltr'>Latinum</span> <span class='ocrx_word' id='word_1_257' title='bbox 465 1958 749 2000; x_wconf 83' lang='lat' dir='ltr'>Patriarcham</span> <span class='ocrx_word' id='word_1_258' title='bbox 768 1959 1203 2017; x_wconf 60' lang='lat' dir='ltr'>Hierosolymitanum</span> <span class='ocrx_word' id='word_1_259' title='bbox 1237 1958 1390 2016; x_wconf 80' lang='lat' dir='ltr'>eligere</span> <span class='ocrx_word' id='word_1_260' title='bbox 1424 1959 1712 1999; x_wconf 84' lang='lat' dir='ltr'>constituimus</span> <span class='ocrx_word' id='word_1_261' title='bbox 1734 1958 1934 2000; x_wconf 89' lang='lat' dir='ltr'>dilectum</span> <span class='ocrx_word' id='word_1_262' title='bbox 1954 1959 1987 2000; x_wconf 87' lang='lat' dir='ltr'>F</span> <span class='ocrx_word' id='word_1_263' title='bbox 1989 1959 2025 1999; x_wconf 88' lang='lat' dir='ltr'>i-</span> 
     </span>
     <span class='ocr_line' id='line_1_29' title="bbox 184 2022 2026 2082; baseline 0.001 -18"><span class='ocrx_word' id='word_1_264' title='bbox 184 2023 287 2065; x_wconf 89' lang='lat' dir='ltr'>lium</span> <span class='ocrx_word' id='word_1_265' title='bbox 310 2024 609 2080; x_wconf 81' lang='lat' dir='ltr'>Presbyterum</span> <span class='ocrx_word' id='word_1_266' title='bbox 643 2024 875 2082; x_wconf 88' lang='lat' dir='ltr'>Josephum</span> <span class='ocrx_word' id='word_1_267' title='bbox 899 2025 1094 2081; x_wconf 75' lang='lat' dir='ltr'>Valerga,</span> <span class='ocrx_word' id='word_1_268' title='bbox 1122 2023 1193 2080; x_wconf 89' lang='lat' dir='ltr'>qui</span> <span class='ocrx_word' id='word_1_269' title='bbox 1223 2022 1421 2081; x_wconf 81' lang='lat' dir='ltr'>singulari</span> <span class='ocrx_word' id='word_1_270' title='bbox 1448 2022 1703 2080; x_wconf 81' lang='lat' dir='ltr'>integritate,</span> <span class='ocrx_word' id='word_1_271' title='bbox 1729 2024 1900 2081; x_wconf 86' lang='lat' dir='ltr'>pietate,</span> <span class='ocrx_word' id='word_1_272' title='bbox 1921 2023 2026 2065; x_wconf 84' lang='lat' dir='ltr'>doc-</span> 
     </span>
     <span class='ocr_line' id='line_1_30' title="bbox 183 2087 2025 2146; baseline 0 -18"><span class='ocrx_word' id='word_1_273' title='bbox 183 2088 310 2140; x_wconf 89' lang='lat' dir='ltr'>trina,</span> <span class='ocrx_word' id='word_1_274' title='bbox 328 2087 570 2145; x_wconf 83' lang='lat' dir='ltr'>prudentia,</span> <span class='ocrx_word' id='word_1_275' title='bbox 587 2103 634 2128; x_wconf 90' lang='lat' dir='ltr'>ac</span> <span class='ocrx_word' id='word_1_276' title='bbox 656 2103 798 2129; x_wconf 90' lang='lat' dir='ltr'>rerum</span> <span class='ocrx_word' id='word_1_277' title='bbox 818 2088 1099 2146; x_wconf 82' lang='lat' dir='ltr'>gerendarum</span> <span class='ocrx_word' id='word_1_278' title='bbox 1123 2087 1369 2129; x_wconf 83' lang='lat' dir='ltr'>dexteritate</span> <span class='ocrx_word' id='word_1_279' title='bbox 1391 2098 1612 2145; x_wconf 85' lang='lat' dir='ltr'>spectatus,</span> <span class='ocrx_word' id='word_1_280' title='bbox 1641 2098 1682 2129; x_wconf 89' lang='lat' dir='ltr'>et</span> <span class='ocrx_word' id='word_1_281' title='bbox 1698 2087 1796 2129; x_wconf 93' lang='lat' dir='ltr'>huic</span> <span class='ocrx_word' id='word_1_282' title='bbox 1814 2089 1926 2129; x_wconf 89' lang='lat' dir='ltr'>Petri</span> <span class='ocrx_word' id='word_1_283' title='bbox 1945 2089 2025 2129; x_wconf 86' lang='lat' dir='ltr'>Ca-</span> 
     </span>
     <span class='ocr_line' id='line_1_31' title="bbox 183 2151 2026 2211; baseline 0.001 -18"><span class='ocrx_word' id='word_1_284' title='bbox 183 2151 343 2194; x_wconf 85' lang='lat' dir='ltr'>thedrae</span> <span class='ocrx_word' id='word_1_285' title='bbox 364 2168 416 2193; x_wconf 74' lang='lat' dir='ltr'>ex</span> <span class='ocrx_word' id='word_1_286' title='bbox 437 2153 578 2193; x_wconf 89' lang='lat' dir='ltr'>animo</span> <span class='ocrx_word' id='word_1_287' title='bbox 602 2152 814 2204; x_wconf 84' lang='lat' dir='ltr'>addictus,</span> <span class='ocrx_word' id='word_1_288' title='bbox 842 2169 889 2194; x_wconf 92' lang='lat' dir='ltr'>ac</span> <span class='ocrx_word' id='word_1_289' title='bbox 910 2153 1162 2194; x_wconf 85' lang='lat' dir='ltr'>Missionarii</span> <span class='ocrx_word' id='word_1_290' title='bbox 1198 2169 1373 2195; x_wconf 87' lang='lat' dir='ltr'>munere</span> <span class='ocrx_word' id='word_1_291' title='bbox 1410 2152 1452 2193; x_wconf 91' lang='lat' dir='ltr'>in</span> <span class='ocrx_word' id='word_1_292' title='bbox 1478 2152 1611 2211; x_wconf 68' lang='lat' dir='ltr'>Syria,</span> <span class='ocrx_word' id='word_1_293' title='bbox 1638 2151 1962 2210; x_wconf 84' lang='lat' dir='ltr'>Mesopotamia,</span> <span class='ocrx_word' id='word_1_294' title='bbox 1985 2164 2026 2195; x_wconf 88' lang='lat' dir='ltr'>et</span> 
     </span>
     <span class='ocr_line' id='line_1_32' title="bbox 182 2216 2019 2276; baseline 0.002 -19"><span class='ocrx_word' id='word_1_295' title='bbox 182 2216 354 2258; x_wconf 88' lang='lat' dir='ltr'>Perside</span> <span class='ocrx_word' id='word_1_296' title='bbox 373 2219 538 2275; x_wconf 81' lang='lat' dir='ltr'>egregie</span> <span class='ocrx_word' id='word_1_297' title='bbox 561 2217 820 2274; x_wconf 86' lang='lat' dir='ltr'>perfunctus,</span> <span class='ocrx_word' id='word_1_298' title='bbox 847 2217 989 2276; x_wconf 85' lang='lat' dir='ltr'>gravia</span> <span class='ocrx_word' id='word_1_299' title='bbox 1012 2219 1073 2259; x_wconf 91' lang='lat' dir='ltr'>rei</span> <span class='ocrx_word' id='word_1_300' title='bbox 1095 2217 1310 2259; x_wconf 85' lang='lat' dir='ltr'>catholicae</span> <span class='ocrx_word' id='word_1_301' title='bbox 1335 2219 1506 2275; x_wconf 86' lang='lat' dir='ltr'>negotia</span> <span class='ocrx_word' id='word_1_302' title='bbox 1530 2216 1609 2258; x_wconf 90' lang='lat' dir='ltr'>sibi</span> <span class='ocrx_word' id='word_1_303' title='bbox 1630 2218 1850 2258; x_wconf 89' lang='lat' dir='ltr'>commissa</span> <span class='ocrx_word' id='word_1_304' title='bbox 1871 2217 2019 2260; x_wconf 87' lang='lat' dir='ltr'>sedulo</span> 
     </span>
     <span class='ocr_line' id='line_1_33' title="bbox 182 2281 2025 2341; baseline 0.002 -19"><span class='ocrx_word' id='word_1_305' title='bbox 182 2282 448 2338; x_wconf 87' lang='lat' dir='ltr'>scienterque</span> <span class='ocrx_word' id='word_1_306' title='bbox 477 2281 740 2324; x_wconf 89' lang='lat' dir='ltr'>conficienda</span> <span class='ocrx_word' id='word_1_307' title='bbox 769 2282 944 2324; x_wconf 71' lang='lat' dir='ltr'>curavit.</span> <span class='ocrx_word' id='word_1_308' title='bbox 979 2284 1247 2341; x_wconf 87' lang='lat' dir='ltr'>Quapropter</span> <span class='ocrx_word' id='word_1_309' title='bbox 1274 2283 1319 2323; x_wconf 89' lang='lat' dir='ltr'>in</span> <span class='ocrx_word' id='word_1_310' title='bbox 1350 2299 1444 2325; x_wconf 90' lang='lat' dir='ltr'>eam</span> <span class='ocrx_word' id='word_1_311' title='bbox 1474 2298 1593 2340; x_wconf 87' lang='lat' dir='ltr'>spem</span> <span class='ocrx_word' id='word_1_312' title='bbox 1624 2283 1823 2339; x_wconf 83' lang='lat' dir='ltr'>erigimur</span> <span class='ocrx_word' id='word_1_313' title='bbox 1848 2282 1955 2332; x_wconf 86' lang='lat' dir='ltr'>fore,</span> <span class='ocrx_word' id='word_1_314' title='bbox 1978 2294 2025 2325; x_wconf 89' lang='lat' dir='ltr'>ut</span> 
     </span>
     <span class='ocr_line' id='line_1_34' title="bbox 180 2345 2026 2405; baseline 0.003 -20"><span class='ocrx_word' id='word_1_315' title='bbox 180 2346 269 2403; x_wconf 89' lang='lat' dir='ltr'>ipse</span> <span class='ocrx_word' id='word_1_316' title='bbox 288 2345 497 2404; x_wconf 81' lang='lat' dir='ltr'>praeclaris</span> <span class='ocrx_word' id='word_1_317' title='bbox 514 2347 625 2388; x_wconf 89' lang='lat' dir='ltr'>hisce</span> <span class='ocrx_word' id='word_1_318' title='bbox 638 2347 806 2388; x_wconf 89' lang='lat' dir='ltr'>dotibus</span> <span class='ocrx_word' id='word_1_319' title='bbox 819 2347 1030 2405; x_wconf 64' lang='lat' dir='ltr'>praeditus,</span> <span class='ocrx_word' id='word_1_320' title='bbox 1050 2347 1219 2389; x_wconf 87' lang='lat' dir='ltr'>easdem</span> <span class='ocrx_word' id='word_1_321' title='bbox 1234 2348 1389 2389; x_wconf 85' lang='lat' dir='ltr'>coelesti</span> <span class='ocrx_word' id='word_1_322' title='bbox 1404 2363 1484 2405; x_wconf 87' lang='lat' dir='ltr'>ope</span> <span class='ocrx_word' id='word_1_323' title='bbox 1499 2347 1626 2388; x_wconf 90' lang='lat' dir='ltr'>fretus</span> <span class='ocrx_word' id='word_1_324' title='bbox 1644 2346 1698 2387; x_wconf 84' lang='lat' dir='ltr'>ad</span> <span class='ocrx_word' id='word_1_325' title='bbox 1717 2347 2026 2390; x_wconf 76' lang='lat' dir='ltr'>patriarchatus</span> 
     </span>
     <span class='ocr_line' id='line_1_35' title="bbox 180 2410 2023 2469; baseline 0.002 -18"><span class='ocrx_word' id='word_1_326' title='bbox 180 2410 322 2452; x_wconf 90' lang='lat' dir='ltr'>locum</span> <span class='ocrx_word' id='word_1_327' title='bbox 344 2411 518 2463; x_wconf 85' lang='lat' dir='ltr'>deferat,</span> <span class='ocrx_word' id='word_1_328' title='bbox 543 2422 665 2468; x_wconf 89' lang='lat' dir='ltr'>atque</span> <span class='ocrx_word' id='word_1_329' title='bbox 691 2411 745 2453; x_wconf 88' lang='lat' dir='ltr'>ad</span> <span class='ocrx_word' id='word_1_330' title='bbox 764 2412 980 2454; x_wconf 85' lang='lat' dir='ltr'>catholicae</span> <span class='ocrx_word' id='word_1_331' title='bbox 1007 2413 1239 2469; x_wconf 85' lang='lat' dir='ltr'>praesertim</span> <span class='ocrx_word' id='word_1_332' title='bbox 1263 2411 1480 2469; x_wconf 81' lang='lat' dir='ltr'>religionis</span> <span class='ocrx_word' id='word_1_333' title='bbox 1499 2411 1822 2467; x_wconf 83' lang='lat' dir='ltr'>incrementum,</span> <span class='ocrx_word' id='word_1_334' title='bbox 1849 2423 1891 2453; x_wconf 91' lang='lat' dir='ltr'>et</span> <span class='ocrx_word' id='word_1_335' title='bbox 1918 2427 2023 2454; x_wconf 86' lang='lat' dir='ltr'>con-</span> 
     </span>
     <span class='ocr_line' id='line_1_36' title="bbox 181 2474 2021 2534; baseline 0.001 -18"><span class='ocrx_word' id='word_1_336' title='bbox 181 2475 329 2517; x_wconf 86' lang='lat' dir='ltr'>crediti</span> <span class='ocrx_word' id='word_1_337' title='bbox 352 2476 431 2516; x_wconf 88' lang='lat' dir='ltr'>sibi</span> <span class='ocrx_word' id='word_1_338' title='bbox 452 2475 598 2532; x_wconf 89' lang='lat' dir='ltr'>populi</span> <span class='ocrx_word' id='word_1_339' title='bbox 617 2475 839 2518; x_wconf 87' lang='lat' dir='ltr'>utilitatem</span> <span class='ocrx_word' id='word_1_340' title='bbox 862 2479 1023 2532; x_wconf 85' lang='lat' dir='ltr'>majore</span> <span class='ocrx_word' id='word_1_341' title='bbox 1053 2477 1265 2518; x_wconf 85' lang='lat' dir='ltr'>alacritate</span> <span class='ocrx_word' id='word_1_342' title='bbox 1295 2487 1336 2518; x_wconf 93' lang='lat' dir='ltr'>et</span> <span class='ocrx_word' id='word_1_343' title='bbox 1355 2475 1494 2517; x_wconf 89' lang='lat' dir='ltr'>studio</span> <span class='ocrx_word' id='word_1_344' title='bbox 1514 2474 1728 2526; x_wconf 81' lang='lat' dir='ltr'>exhibere,</span> <span class='ocrx_word' id='word_1_345' title='bbox 1750 2488 1874 2534; x_wconf 85' lang='lat' dir='ltr'>atque</span> <span class='ocrx_word' id='word_1_346' title='bbox 1898 2492 2021 2518; x_wconf 83' lang='lat' dir='ltr'>exer-</span> 
     </span>
     <span class='ocr_line' id='line_1_37' title="bbox 182 2539 2022 2597; baseline 0.001 -16"><span class='ocrx_word' id='word_1_347' title='bbox 182 2554 277 2581; x_wconf 91' lang='lat' dir='ltr'>cere</span> <span class='ocrx_word' id='word_1_348' title='bbox 309 2539 554 2580; x_wconf 88' lang='lat' dir='ltr'>contendat.</span> <span class='ocrx_word' id='word_1_349' title='bbox 588 2540 689 2581; x_wconf 86' lang='lat' dir='ltr'>Haec</span> <span class='ocrx_word' id='word_1_350' title='bbox 719 2552 840 2594; x_wconf 91' lang='lat' dir='ltr'>sunt,</span> <span class='ocrx_word' id='word_1_351' title='bbox 867 2541 1142 2582; x_wconf 84' lang='lat' dir='ltr'>Venerabiles</span> <span class='ocrx_word' id='word_1_352' title='bbox 1171 2542 1360 2593; x_wconf 85' lang='lat' dir='ltr'>Fratres,</span> <span class='ocrx_word' id='word_1_353' title='bbox 1393 2555 1486 2597; x_wconf 81' lang='lat' dir='ltr'>quae</span> <span class='ocrx_word' id='word_1_354' title='bbox 1518 2540 1638 2580; x_wconf 82' lang='lat' dir='ltr'>vobis</span> <span class='ocrx_word' id='word_1_355' title='bbox 1668 2541 2022 2583; x_wconf 88' lang='lat' dir='ltr'>communicanda</span> 
     </span>
     <span class='ocr_line' id='line_1_38' title="bbox 181 2603 2020 2664; baseline 0.001 -18"><span class='ocrx_word' id='word_1_356' title='bbox 181 2604 441 2655; x_wconf 89' lang='lat' dir='ltr'>censuimus,</span> <span class='ocrx_word' id='word_1_357' title='bbox 469 2604 571 2645; x_wconf 92' lang='lat' dir='ltr'>dum</span> <span class='ocrx_word' id='word_1_358' title='bbox 593 2621 669 2662; x_wconf 90' lang='lat' dir='ltr'>pro</span> <span class='ocrx_word' id='word_1_359' title='bbox 694 2616 808 2647; x_wconf 91' lang='lat' dir='ltr'>certo</span> <span class='ocrx_word' id='word_1_360' title='bbox 840 2606 1061 2657; x_wconf 89' lang='lat' dir='ltr'>habemus,</span> <span class='ocrx_word' id='word_1_361' title='bbox 1088 2621 1161 2647; x_wconf 92' lang='lat' dir='ltr'>vos</span> <span class='ocrx_word' id='word_1_362' title='bbox 1183 2622 1267 2647; x_wconf 89' lang='lat' dir='ltr'>una</span> <span class='ocrx_word' id='word_1_363' title='bbox 1291 2605 1523 2646; x_wconf 89' lang='lat' dir='ltr'>Nobiscum</span> <span class='ocrx_word' id='word_1_364' title='bbox 1547 2603 1731 2647; x_wconf 84' lang='lat' dir='ltr'>assiduas</span> <span class='ocrx_word' id='word_1_365' title='bbox 1755 2605 2020 2664; x_wconf 86' lang='lat' dir='ltr'>fervidasque</span> 
     </span>
     <span class='ocr_line' id='line_1_39' title="bbox 180 2668 2020 2729; baseline 0.002 -20"><span class='ocrx_word' id='word_1_366' title='bbox 180 2669 273 2710; x_wconf 92' lang='lat' dir='ltr'>Deo</span> <span class='ocrx_word' id='word_1_367' title='bbox 294 2668 470 2726; x_wconf 88' lang='lat' dir='ltr'>Optimo</span> <span class='ocrx_word' id='word_1_368' title='bbox 488 2668 677 2710; x_wconf 81' lang='lat' dir='ltr'>Maximo</span> <span class='ocrx_word' id='word_1_369' title='bbox 698 2685 843 2727; x_wconf 86' lang='lat' dir='ltr'>preces</span> <span class='ocrx_word' id='word_1_370' title='bbox 859 2686 955 2711; x_wconf 90' lang='lat' dir='ltr'>cum</span> <span class='ocrx_word' id='word_1_371' title='bbox 973 2670 1204 2728; x_wconf 85' lang='lat' dir='ltr'>gratiarum</span> <span class='ocrx_word' id='word_1_372' title='bbox 1234 2668 1398 2711; x_wconf 87' lang='lat' dir='ltr'>actione</span> <span class='ocrx_word' id='word_1_373' title='bbox 1424 2683 1514 2710; x_wconf 89' lang='lat' dir='ltr'>esse</span> <span class='ocrx_word' id='word_1_374' title='bbox 1535 2669 1772 2722; x_wconf 89' lang='lat' dir='ltr'>oblaturos,</span> <span class='ocrx_word' id='word_1_375' title='bbox 1796 2687 1881 2729; x_wconf 85' lang='lat' dir='ltr'>quo</span> <span class='ocrx_word' id='word_1_376' title='bbox 1903 2686 2020 2712; x_wconf 91' lang='lat' dir='ltr'>com-</span> 
     </span>
     <span class='ocr_line' id='line_1_40' title="bbox 182 2732 2014 2792; baseline 0.001 -18"><span class='ocrx_word' id='word_1_377' title='bbox 182 2732 383 2775; x_wconf 89' lang='lat' dir='ltr'>munibus</span> <span class='ocrx_word' id='word_1_378' title='bbox 402 2733 559 2775; x_wconf 87' lang='lat' dir='ltr'>nostris</span> <span class='ocrx_word' id='word_1_379' title='bbox 584 2733 692 2775; x_wconf 77' lang='lat' dir='ltr'>votis</span> <span class='ocrx_word' id='word_1_380' title='bbox 712 2734 1037 2776; x_wconf 88' lang='lat' dir='ltr'>clementissime</span> <span class='ocrx_word' id='word_1_381' title='bbox 1057 2749 1268 2785; x_wconf 88' lang='lat' dir='ltr'>annuens,</span> <span class='ocrx_word' id='word_1_382' title='bbox 1296 2732 1437 2775; x_wconf 86' lang='lat' dir='ltr'>divina</span> <span class='ocrx_word' id='word_1_383' title='bbox 1462 2749 1536 2775; x_wconf 86' lang='lat' dir='ltr'>sua</span> <span class='ocrx_word' id='word_1_384' title='bbox 1560 2734 1695 2792; x_wconf 84' lang='lat' dir='ltr'>gratia</span> <span class='ocrx_word' id='word_1_385' title='bbox 1716 2735 1882 2777; x_wconf 88' lang='lat' dir='ltr'>efficere</span> <span class='ocrx_word' id='word_1_386' title='bbox 1901 2733 2014 2784; x_wconf 82' lang='lat' dir='ltr'>velit,</span> 
     </span>
     <span class='ocr_line' id='line_1_41' title="bbox 183 2797 2018 2858; baseline 0 -18"><span class='ocrx_word' id='word_1_387' title='bbox 183 2808 231 2840; x_wconf 90' lang='lat' dir='ltr'>ut</span> <span class='ocrx_word' id='word_1_388' title='bbox 249 2797 294 2839; x_wconf 89' lang='lat' dir='ltr'>in</span> <span class='ocrx_word' id='word_1_389' title='bbox 311 2798 393 2840; x_wconf 89' lang='lat' dir='ltr'>illis</span> <span class='ocrx_word' id='word_1_390' title='bbox 413 2797 673 2856; x_wconf 78' lang='lat' dir='ltr'>regionibus,</span> <span class='ocrx_word' id='word_1_391' title='bbox 695 2799 769 2839; x_wconf 84' lang='lat' dir='ltr'>ubi</span> <span class='ocrx_word' id='word_1_392' title='bbox 792 2819 808 2835; x_wconf 90' lang='lat'>«</span> <span class='ocrx_word' id='word_1_393' title='bbox 833 2798 1010 2856; x_wconf 91' lang='lat' dir='ltr'>quilibet</span> <span class='ocrx_word' id='word_1_394' title='bbox 1030 2799 1282 2841; x_wconf 89' lang='lat' dir='ltr'>christianus</span> <span class='ocrx_word' id='word_1_395' title='bbox 1307 2798 1504 2840; x_wconf 82' lang='lat' dir='ltr'>habitans</span> <span class='ocrx_word' id='word_1_396' title='bbox 1527 2798 1579 2839; x_wconf 88' lang='lat' dir='ltr'>ad</span> <span class='ocrx_word' id='word_1_397' title='bbox 1602 2800 1818 2858; x_wconf 83' lang='lat' dir='ltr'>Evangelii</span> <span class='ocrx_word' id='word_1_398' title='bbox 1838 2814 2018 2858; x_wconf 87' lang='lat' dir='ltr'>cognos-</span> 
     </span>
     <span class='ocr_line' id='line_1_42' title="bbox 186 2861 2018 2922; baseline -0.002 -16"><span class='ocrx_word' id='word_1_399' title='bbox 186 2885 203 2901; x_wconf 86' lang='lat'>«</span> <span class='ocrx_word' id='word_1_400' title='bbox 230 2864 410 2906; x_wconf 87' lang='lat' dir='ltr'>cendam</span> <span class='ocrx_word' id='word_1_401' title='bbox 426 2863 640 2915; x_wconf 81' lang='lat' dir='ltr'>virtutem,</span> <span class='ocrx_word' id='word_1_402' title='bbox 659 2880 747 2905; x_wconf 89' lang='lat' dir='ltr'>non</span> <span class='ocrx_word' id='word_1_403' title='bbox 762 2863 899 2905; x_wconf 90' lang='lat' dir='ltr'>solum</span> <span class='ocrx_word' id='word_1_404' title='bbox 916 2864 1165 2921; x_wconf 84' lang='lat' dir='ltr'>paginarum</span> <span class='ocrx_word' id='word_1_405' title='bbox 1185 2862 1380 2920; x_wconf 82' lang='lat' dir='ltr'>eloquiiS,</span> <span class='ocrx_word' id='word_1_406' title='bbox 1400 2863 1473 2904; x_wconf 90' lang='lat' dir='ltr'>sed</span> <span class='ocrx_word' id='word_1_407' title='bbox 1490 2862 1679 2922; x_wconf 87' lang='lat' dir='ltr'>ipsorum</span> <span class='ocrx_word' id='word_1_408' title='bbox 1695 2865 1887 2908; x_wconf 91' lang='lat' dir='ltr'>locorum</span> <span class='ocrx_word' id='word_1_409' title='bbox 1901 2861 2018 2904; x_wconf 83' lang='lat' dir='ltr'>testi-</span> 
     </span>
     <span class='ocr_line' id='line_1_43' title="bbox 188 2927 2018 2987; baseline -0.001 -17"><span class='ocrx_word' id='word_1_410' title='bbox 188 2950 206 2964; x_wconf 89' lang='lat'><strong><em>«</em></strong></span> <span class='ocrx_word' id='word_1_411' title='bbox 234 2928 390 2970; x_wconf 88' lang='lat' dir='ltr'>moniis</span> <span class='ocrx_word' id='word_1_412' title='bbox 422 2928 613 2970; x_wconf 83' lang='lat' dir='ltr'>eruditur</span> <span class='ocrx_word' id='word_1_413' title='bbox 628 2928 639 2948; x_wconf 76' lang='lat'>¹</span> <span class='ocrx_word' id='word_1_414' title='bbox 659 2961 668 2978; x_wconf 93' lang='lat'>,</span> <span class='ocrx_word' id='word_1_415' title='bbox 701 2949 717 2964; x_wconf 88' lang='lat'>»</span> <span class='ocrx_word' id='word_1_416' title='bbox 745 2928 949 2969; x_wconf 89' lang='lat' dir='ltr'>catholica</span> <span class='ocrx_word' id='word_1_417' title='bbox 973 2928 1077 2970; x_wconf 86' lang='lat' dir='ltr'>fides</span> <span class='ocrx_word' id='word_1_418' title='bbox 1093 2931 1251 2984; x_wconf 87' lang='lat' dir='ltr'>majora</span> <span class='ocrx_word' id='word_1_419' title='bbox 1278 2927 1321 2969; x_wconf 89' lang='lat' dir='ltr'>in</span> <span class='ocrx_word' id='word_1_420' title='bbox 1343 2927 1430 2970; x_wconf 89' lang='lat' dir='ltr'>dies</span> <span class='ocrx_word' id='word_1_421' title='bbox 1455 2927 1716 2972; x_wconf 89' lang='lat' dir='ltr'>incrementa</span> <span class='ocrx_word' id='word_1_422' title='bbox 1733 2928 1944 2987; x_wconf 87' lang='lat' dir='ltr'>suscipiat,</span> <span class='ocrx_word' id='word_1_423' title='bbox 1969 2942 2018 2969; x_wconf 86' lang='lat' dir='ltr'>ac</span> 
     </span>
     <span class='ocr_line' id='line_1_44' title="bbox 180 2992 1064 3052; baseline -0.001 -17"><span class='ocrx_word' id='word_1_424' title='bbox 180 3009 385 3052; x_wconf 88' lang='lat' dir='ltr'>prospere</span> <span class='ocrx_word' id='word_1_425' title='bbox 404 2992 665 3051; x_wconf 85' lang='lat' dir='ltr'>feliciterque</span> <span class='ocrx_word' id='word_1_426' title='bbox 683 2992 818 3052; x_wconf 84' lang='lat' dir='ltr'>vigeat</span> <span class='ocrx_word' id='word_1_427' title='bbox 841 3004 883 3035; x_wconf 80' lang='lat' dir='ltr'>et</span> <span class='ocrx_word' id='word_1_428' title='bbox 899 2992 1064 3035; x_wconf 87' lang='lat' dir='ltr'>floreat.</span> 
     </span>
    </p>
   </div>
   <div class='ocr_carea' id='block_1_4' title="bbox 235 3193 1176 3241">
    <p class='ocr_par' dir='ltr' id='par_1_4' title="bbox 235 3193 1176 3241">
     <span class='ocr_line' id='line_1_45' title="bbox 235 3193 1176 3241; baseline -0.001 -14"><span class='ocrx_word' id='word_1_429' title='bbox 235 3197 265 3229; x_wconf 86' lang='lat'>1.</span> <span class='ocrx_word' id='word_1_430' title='bbox 294 3195 329 3229; x_wconf 91' lang='lat' dir='ltr'>S.</span> <span class='ocrx_word' id='word_1_431' title='bbox 349 3194 475 3228; x_wconf 84' lang='lat' dir='ltr'>Leonis</span> <span class='ocrx_word' id='word_1_432' title='bbox 489 3194 602 3241; x_wconf 83' lang='lat' dir='ltr'>Epist.</span> <span class='ocrx_word' id='word_1_433' title='bbox 622 3193 666 3228; x_wconf 86' lang='lat' dir='ltr'>ad</span> <span class='ocrx_word' id='word_1_434' title='bbox 685 3193 844 3227; x_wconf 72' lang='lat' dir='ltr'>Juvenal.</span> <span class='ocrx_word' id='word_1_435' title='bbox 864 3194 981 3239; x_wconf 85' lang='lat' dir='ltr'>Episc.</span> <span class='ocrx_word' id='word_1_436' title='bbox 1003 3193 1176 3227; x_wconf 85' lang='lat' dir='ltr'>Hierosol.</span> 
     </span>
    </p>
   </div>
  </div>
 </body>
</html>
