2135 3442
151 174 227 210 14⁶2
606 171 798 206 LETTRE
825 169 1170 215 APOSTOLIQUE
1199 169 1265 203 DE
1295 157 1426 202 LffiON
1454 167 1544 204 XII.

214 280 231 296 α
267 259 479 312 Quocirca
495 257 697 299 omnibus
716 267 759 299 et
777 257 953 315 singulis
972 254 1320 298 christifidelibus
1335 255 1642 309 cujuscumque
1660 264 1808 306 status,
1829 254 2000 312 gradus,

155 347 170 361 «
209 322 484 373 conditionis,
523 322 701 374 ordinis,
740 321 973 380 dignitatis,
1006 336 1053 362 ac
1080 318 1409 377 praeeminentiae
1446 318 1531 360 sive
1560 317 1692 371 laicis,
1727 317 1814 360 sive
1841 318 2004 361 clericis

153 411 169 425 «
207 400 296 430 tam
316 387 602 439 saecularibus,
625 403 756 444 quam
787 386 1050 445 regularibus
1073 386 1201 425 etiam
1225 383 1438 441 specifica,
1461 394 1504 424 et
1527 382 1745 425 individua
1768 383 1998 434 mentione,

154 475 169 489 «
209 464 250 494 et
268 453 542 511 expressione
565 451 718 510 dignis,
748 450 932 493 districte
956 461 998 492 et
1022 450 1067 490 in
1087 451 1240 490 virtute
1264 459 1418 491 sanctae
1439 447 1692 489 obedientiae
1711 447 1998 506 praecipimus,

154 541 170 555 «
206 534 261 560 ne
278 519 371 575 quis
392 518 473 559 sub
492 517 640 574 quovis
659 527 880 575 praetextu,
910 526 981 557 aut
999 515 1174 572 quaesito
1198 513 1340 556 colore
1359 514 1529 566 audeat,
1556 514 1623 554 vel
1642 523 1870 571 praesumat
1890 528 2001 570 prae-

210 583 365 625 dictam
383 581 625 624 societatem
641 581 1013 632 Carbonariorum,
1032 589 1104 620 aut
1121 579 1222 620 alias
1235 590 1524 636 nuncupatam
1543 579 1650 620 inire
1666 577 1733 619 vel
1745 592 2000 635 propagare,

154 670 169 683 α
207 648 449 697 confovere,
474 662 521 688 ac
541 648 585 688 in
607 647 692 688 suis
714 645 890 695 aedibus,
913 660 985 686 seu
1005 644 1220 697 domibus,
1239 642 1306 685 vel
1327 643 1428 684 alibi
1446 655 1681 700 receptare,
1708 653 1837 699 atque
1858 642 2004 683 occul-

155 734 169 747 «
208 724 310 764 tare,
347 712 422 764 illi,
455 723 494 753 et
521 713 774 768 cuicumque
810 712 900 766 ejus
924 709 1072 767 gradui
1097 707 1296 760 adscribi,
1325 708 1558 767 aggregari,
1594 719 1664 749 aut
1696 707 1914 751 interesse,
1936 707 2004 748 vel

154 800 171 813 «
208 788 481 836 potestatem,
504 792 576 818 seu
599 775 952 818 commoditatem
968 774 1122 825 facere,
1145 784 1193 814 ut
1209 773 1364 814 alicubi
1383 785 1655 825 convocetur,
1682 771 1821 814 eidem
1843 771 2005 829 aliquid

154 864 170 877 «
208 841 466 894 ministrare,
491 857 562 883 seu
588 841 689 881 alias
711 838 950 885 consilium„
978 837 1183 880 auxilium
1207 837 1272 880 vel
1292 837 1478 879 favorem
1501 838 1656 896 palam,
1683 849 1754 878 aut
1772 838 1816 878 in
1837 836 2005 878 occulto

155 928 171 942 «
209 906 368 947 directe
386 905 453 946 vel
475 905 682 947 indirecte
714 920 790 961 per
824 919 881 954 se,
912 903 977 944 vel
1008 919 1086 961 per
1115 903 1220 944 alios
1247 903 1558 960 quoquomodo
1577 914 1793 960 praestare,
1818 917 1896 943 nec
1915 917 2003 943 non

155 993 171 1006 «
208 971 313 1012 alios
345 970 522 1019 hortari,
552 969 769 1017 inducere,
795 984 1046 1025 provocare,
1075 983 1122 1008 ac
1141 967 1335 1023 suadere,
1365 979 1412 1008 ut
1433 967 1677 1023 hujusmodi
1702 966 1909 1017 societati,
1934 977 2007 1008 aut

155 1058 171 1071 «
208 1035 458 1091 cuicumque
491 1033 679 1088 ejusdem
708 1033 859 1091 gradui
889 1033 1201 1086 adscribantur,
1228 1043 1579 1083 annumerentur,
1612 1037 1686 1074 aut
1706 1031 1916 1083 intersint,
1940 1032 2006 1073 vel

152 1123 169 1137 «
207 1102 346 1158 ipsam
379 1098 705 1156 quomodolibet
733 1100 882 1153 juvent
909 1113 958 1139 ac
986 1099 1170 1150 foveant,
1206 1098 1282 1140 sed
1307 1099 1486 1139 omnino
1519 1098 1573 1138 ab
1608 1097 1758 1138 eadem
1787 1096 2003 1148 societate,

153 1187 168 1201 «
207 1166 383 1221 ejusque
417 1164 617 1214 coetibus,
643 1163 946 1212 conventibus,
973 1162 1359 1213 ao-or1·ecrationibus‚
1398 1179 1471 1204 seu
1496 1161 1798 1204 conventiculis
1828 1176 2008 1220 prorsus

1000 1199 1125 1222 '000

152 1251 169 1265 «
207 1230 418 1270 abstinere
440 1244 484 1269 se
504 1228 674 1279 debeat,
691 1228 768 1269 sub
792 1243 919 1286 poena
937 1227 1389 1269 excommunicationis
1408 1243 1485 1285 per
1509 1243 1659 1269 omnes
1678 1238 1726 1268 ut
1746 1242 1874 1284 supra
1896 1241 2003 1267 con—

155 1317 170 1329 «
207 1293 475 1335 trasacientes
505 1293 597 1351 ipso
627 1293 739 1335 facto
774 1294 932 1351 absque
967 1294 1050 1334 11113
1086 1293 1373 1334 declaratione
1407 1292 1680 1342 incurrenda,
1715 1307 1739 1332 a
1768 1307 1851 1348 qua
1880 1306 2007 1332 nemo

206 1375 284 1417 per
302 1373 564 1416 quemquam
591 1358 672 1399 nisi
692 1374 768 1416 per
789 1358 894 1412 Nos,
927 1373 999 1399 seu
1023 1359 1268 1398 Romanum
1296 1356 1550 1398 Pontificem
1580 1372 1658 1414 pro
1680 1367 1874 1414 tempore
1896 1356 2010 1396 exis-

151 1447 168 1460 u
206 1434 382 1476 tentem,
411 1433 692 1481 praeterquam
715 1424 759 1463 in
784 1422 960 1464 articulo
981 1423 1129 1463 mortis
1153 1423 1427 1475 constitutus,
1448 1420 1730 1463 absolutionis
1749 1419 2006 1462 beneficium

151 1510 168 1524 «
205 1489 345 1530 valeat
368 1489 578 1529 obtinere.

213 1576 230 1589 «
266 1553 541 1611 Praeeipimus
585 1563 791 1610 praeterea
832 1551 1032 1593 omnibns
1074 1552 1152 1593 5111)
1193 1552 1345 1594 eadem
1388 1551 1845 1594 excommunicationis
1883 1565 2007 1609 poena

153 1640 168 1653 «
207 1618 359 1669 Nobis,
374 1634 420 1658 ac
431 1617 638 1659 Romanis
657 1615 936 1658 Pontificibus
954 1618 1264 1658 successoribus
1284 1618 1452 1659 Nostris
1476 1628 1707 1669 reservata,
1727 1627 1774 1656 ut
1785 1625 2009 1656 teneantur

208 1683 465 1724 denunciare
486 1679 802 1739 Episcopis,vel
823 1682 979 1722 caeteris
1007 1681 1060 1722 ad
1083 1698 1188 1739 quos
1208 1693 1369 1740 spectat
1393 1697 1465 1723 eos
1492 1697 1657 1731 omnes,
1684 1695 1792 1737 quos
1812 1681 2009 1721 noverint

155 1768 169 1782 κ
208 1748 306 1787 111110
325 1747 515 1787 societati
538 1761 698 1786 nomen
723 1745 903 1793 dedisse,
928 1746 992 1787 vel
1022 1746 1163 1801 aliquo
1191 1763 1241 1788 ex
1264 1746 1312 1788 iis
1332 1748 1599 1797 criminibus,
1628 1762 1718 1803 quae
1742 1760 2007 1786 commemo—

157 1835 173 1848 «
210 1822 301 1852 rata
320 1821 431 1861 sunt,
461 1826 502 1851 se
521 1809 782 1866 inquinasse.

214 1897 231 1911 «
268 1876 504 1928 Postremo,
529 1885 576 1915 ut
606 1889 733 1914 omne
758 1873 913 1913 erroris
932 1871 1170 1930 periculum
1190 1870 1402 1912 efficacius
1429 1881 1637 1923 arceatur,
1674 1869 1944 1921 damnamus,
1969 1881 2010 1912 et

156 1963 172 1976 «
209 1939 510 1998 proscribimus
528 1954 675 1980 omnes
695 1938 1072 1990 Carbonariorum,
1099 1947 1146 1978 ut
1164 1937 1297 1985 aiunt,
1323 1937 1601 1977 catechismos
1625 1945 1667 1976 et
1686 1934 1836 1986 libros,
1857 1935 2010 1992 quibus

155 2026 171 2040 «
211 2021 233 2045 a
256 2005 527 2046 Carbonariis
548 2003 862 2052 describuntur,
891 2019 982 2059 quae
1013 2002 1058 2042 in
1090 2017 1241 2043 eorum
1263 2002 1546 2042 conventibus
1566 2001 1655 2058 geri
1680 2000 1833 2051 solent,
1860 2014 2010 2041 eorum

210 2069 338 2110 etiam
359 2080 529 2121 statuta,
565 2068 748 2115 codices,
782 2083 830 2108 ac
860 2068 990 2108 libros
1020 2082 1166 2108 omnes
1204 2066 1258 2107 ad
1296 2083 1446 2108 eornm
1470 2066 1767 2108 defensionem
1794 2075 2005 2117 exaratos,

158 2156 171 2169 n
211 2135 296 2176 sive
318 2136 426 2192 typis
445 2133 595 2188 editos,
620 2133 705 2174 sive
735 2132 1062 2189 manuscriptos,
1088 2143 1130 2172 et
1153 2132 1493 2189 quibuscumque
1522 2130 1719 2172 fidelibus
1751 2130 1829 2171 sub
1857 2129 2005 2171 eadem

157 2220 173 2234 «
212 2215 337 2256 poena
358 2200 527 2255 majoris
547 2196 1000 2239 excommunicationis
1024 2196 1175 2238 eodem
1196 2197 1327 2238 modo
1352 2208 1589 2247 reservatae,
1613 2196 1890 2254 prohibemus
1913 2210 2007 2236 me-

213 2274 404 2305 moratos
434 2263 581 2315 libros,
605 2262 672 2304 vel
697 2278 843 2303 eorum
872 2261 1057 2319 aliquem
1086 2261 1241 2319 legere,
1279 2273 1351 2303 aut
1371 2262 1567 2311 retinere,
1598 2276 1645 2302 ac
1665 2259 1934 2311 mandamus,
1962 2272 2012 2301 ut

197 2327 304 2369 >illos
325 2328 391 2368 vel
407 2328 599 2368 locorum
618 2327 866 2381 Ordinariis,
881 2327 948 2369 vel
967 2327 1073 2379 aliis,
1095 2327 1149 2368 ad
1164 2343 1270 2385 quos
1288 2327 1459 2369 eosdem
1480 2325 1710 2384 recipiendi
1722 2327 1790 2380 jus
1806 2324 2004 2383 pertinet,

217 2392 394 2434 omnino
417 2391 600 2433 tradant.

221 2479 239 2494 a
274 2457 481 2498 Volumus
521 2467 661 2497 autem
700 2456 812 2513 quod
846 2456 1115 2515 praesentium
1147 2457 1405 2498 Litterarum
1433 2456 1686 2498 Nostrarum
1715 2456 2009 2513 transsumptis

219 2523 348 2564 etiam
368 2520 592 2579 impressis,
614 2536 742 2561 manu
763 2521 936 2577 alicujus
960 2520 1114 2561 notarii
1132 2521 1291 2578 publici
1314 2521 1577 2577 subscriptis,
1597 2531 1638 2560 et
1656 2519 1792 2577 sigillo
1816 2535 2007 2577 personae

166 2609 183 2623 «
218 2586 262 2627 in
277 2586 479 2643 dignitate
497 2585 773 2626 ecclesiastica
793 2586 1032 2626 constitutae
1047 2586 1235 2639 munitis,
1256 2585 1407 2626 eadem
1427 2584 1533 2626 fides
1546 2600 1716 2642 prorsus
1734 2583 2005 2637 adhibeatur,

218 2667 310 2708 quae
332 2651 433 2707 ipsis
453 2649 726 2707 originalibus
746 2649 913 2691 Litteris
937 2649 1214 2690 adhiberetur
1229 2650 1262 2690 si
1280 2649 1422 2690 forent
1441 2650 1653 2699 exhibitae,
1680 2649 1748 2690 vel
1769 2660 1965 2690 ostensae.

223 2737 241 2752 «
275 2715 391 2757 Nulli
416 2731 515 2773 ergo
545 2715 767 2756 hominum
792 2714 916 2755 liceat
943 2714 1053 2755 hanc
1079 2715 1279 2771 paginam
1301 2714 1467 2755 Nostrae
1498 2714 1808 2764 declarationis,
1834 2713 2010 2755 damna·

164 2804 181 2818 «
218 2782 360 2832 tionis,
384 2780 591 2832 mandati,
613 2778 914 2837 prohibitionis
936 2789 977 2819 et
994 2778 1301 2819 interdictionis
1325 2777 1571 2835 infringere,
1597 2789 1669 2819 aut
1685 2778 1722 2820 ei
1747 2794 1851 2820 ausu
1873 2789 2008 2820 teme-

165 2870 183 2884 «
219 2846 332 2888 rario
365 2845 589 2886 contraire.
614 2843 655 2884 Si
685 2845 775 2901 quis
801 2854 941 2883 autem
970 2844 1053 2883 hoc
1073 2853 1281 2884 attentare
1312 2844 1636 2901 praesumpserit,
1668 2841 2004 2902 indignationem

166 2934 183 2948 «
221 2909 527 2969 omnipotentis
549 2910 641 2959 Dei,
665 2924 712 2950 ac
731 2910 957 2950 beatorum
980 2907 1109 2963 Petri,
1137 2919 1178 2949 et
1199 2908 1318 2949 Pauli
1342 2909 1635 2967 apostolorum
1662 2910 1749 2963 ejus
1779 2923 1821 2949 se
1844 2906 2010 2948 noverit

167 2998 185 3013 ((

169 3127 187 3143 ῐ(

221 2991 503 3018 incursurum.

226 3062 244 3078 «
282 3042 438 3082 Datum
447 3041 594 3081 Romae
616 3038 730 3097 apud
747 3040 944 3081 Sanctam
963 3038 1145 3080 Mariam
1164 3038 1373 3095 Majorem
1398 3055 1511 3080 311110
1532 3036 1841 3081 Incarnationis
1861 3034 2008 3077 Domi-

223 3105 329 3147 nicae
360 3105 582 3148 millesimo
612 3106 959 3163 octingentesimo
979 3105 1177 3146 vicesimo
1199 3104 1353 3163 primo,
1377 3104 1517 3146 idibus
1540 3103 1805 3162 septembris,
1828 3099 2005 3142 Pontifi-

224 3182 341 3213 catus
358 3170 503 3214 Nostri
524 3186 636 3212 anno
657 3169 855 3212 vicesimo
871 3168 1073 3211 secundo.
1098 3190 1114 3205 »
