2135 3442
187 128 261 165 288
664 126 852 161 LETTRE
880 125 1222 173 APOSTOLIQUE
1250 127 1316 161 DE
1346 127 1424 162 PIE
1452 127 1528 165 IX.

187 214 377 255 monium
412 211 650 253 dirimentia
686 228 709 254 a
745 211 1002 270 principibus
1042 223 1161 255 terrae
1200 214 1416 256 dimanare
1445 222 1608 263 tuetur,
1649 228 1827 271 eamque
1864 215 2015 257 Christi

187 277 417 319 Ecclesiam
438 276 516 318 sibi
548 293 758 336 arrogasse
781 276 909 334 impie
933 276 1113 319 affirmat
1134 296 1142 319 :
1178 279 1374 320 Ecclesiae
1398 287 1442 318 et
1463 292 1739 334 personarum
1771 279 2015 321 immunita-

187 354 287 393 tem,
316 343 394 384 Dei
418 341 684 383 ordinatione
701 353 742 383 et
762 340 974 382 canonicis
987 343 1273 384 sanctionibus
1293 341 1584 392 constitutam,
1604 357 1626 382 a
1637 343 1732 398 jure
1752 343 1860 384 civili
1876 356 2016 386 ortum

184 407 378 449 habuisse
402 406 560 456 asserit,
583 422 658 448 nec
686 406 801 447 illum
827 405 956 463 pudet
985 406 1226 458 defendere,
1260 406 1409 462 majori
1440 405 1716 449 aestimatione
1745 419 1786 448 et
1813 408 2016 466 obsequio

185 472 524 542 prosequendam
546 487 633 512 esse
658 471 834 512 domum
856 471 1045 511 Oratoris
1080 472 1254 528 alicujus
1296 470 1492 513 Nationis
1526 487 1655 528 quam
1694 472 1901 530 templum
1940 473 2017 514 Dei

186 535 386 578 viventis:
414 536 628 579 Gubernio
645 536 750 576 laico
773 534 1037 589 attribuitjus
1054 535 1295 594 deponendi
1318 537 1370 577 ab
1396 535 1594 577 exelcitio
1621 536 1842 594 pastoralis
1873 537 2017 579 minis-

186 601 280 644 terii
299 602 544 659 Episcop0s‚
570 615 675 657 quos
695 599 872 657 Spiritus
894 600 1067 641 Sanetus
1090 602 1228 658 posuit
1254 616 1398 659 re<re1e
1433 600 1659 642 Ecclesiam
1695 602 1806 642 Dei:
1840 602 2016 643 suadere

185 666 331 708 nititu1
353 665 415 715 iis,
443 667 514 722 qui
533 665 697 706 clavum
714 674 860 706 tenent
882 664 1147 722 publicarum
1168 682 1236 707 rel
1242 682 1326 716 um,
1348 681 1400 707 ne
1424 664 1627 706 obediant
1648 667 1845 707 Romano
1866 666 2015 707 Ponti-

185 731 282 773 fici
274 747 314 771 iu
338 731 400 781 iis,
426 746 516 786 quae
534 730 878 787 Episcopatuum,
895 740 936 770 et
952 729 1255 788 Episcoporum
1278 730 1504 788 respiciunt
1521 730 1857 771 institutionem.
1882 732 2018 789 Reges

186 796 371 852 aliosque
394 794 618 852 principes,
644 793 713 850 qui
730 810 803 851 per
827 794 1084 851 Baptismum
1109 795 1205 835 facti
1238 805 1333 836 sunt
1363 795 1554 836 membra
1576 795 1785 845 Ecclesiae,
1812 796 2017 837 subtrahit

186 861 238 900 ab
263 859 453 915 ejusdem
474 859 668 900 Ecclesiae
696 858 985 914 jurisdictione
1022 875 1110 900 non
1133 876 1251 902 secus
1281 875 1327 900 ac
1352 861 1487 918 Reges
1520 876 1722 918 paganos,
1751 861 1871 917 quasi
1894 860 2018 901 Prin-

185 925 298 983 cipes
321 925 543 966 Christiani
557 925 600 964 in
616 923 741 964 rebus
757 922 1041 981 spiritualibus
1065 935 1106 965 et
1129 923 1414 966 ecclesiasticis
1438 941 1525 966 non
1550 936 1689 967 essent
1711 924 1783 966 filii
1801 941 1849 966 ac
1862 924 2018 966 subditi

184 990 380 1032 Ecclesiae
407 1008 416 1030 ι
443 990 528 1029 imo
552 987 729 1029 coelestia
747 989 938 1035 terrenis,
963 1004 1082 1030 sacra
1103 989 1304 1046 profanis,
1328 1005 1493 1030 summa
1514 991 1606 1030 imis
1624 1001 1892 1031 monstruose
1918 1006 2016 1048 per-

184 1056 375 1103 miscens,
401 1053 552 1094 docere
576 1069 661 1093 non
691 1064 872 1103 veretur,
901 1064 1112 1094 terrenam
1134 1064 1387 1111 potestatem
1408 1054 1450 1094 in
1483 1056 1782 1111 quaestionibus
1817 1054 2016 1111 jurisdic-

184 1120 309 1161 tionis
331 1118 576 1161 dirilnendis
596 1119 856 1175 superiorem
878 1133 964 1159 esse
995 1117 1196 1168 Ecclesia,
1225 1135 1316 1176 quae
1339 1118 1536 1160 columna
1561 1130 1620 1161 est
1637 1130 1679 1161 et
1706 1119 2017 1161 firmamentum

183 1184 365 1226 veritatis
391 1199 398 1225 :
421 1182 594 1224 tandem
612 1193 657 1223 ut
679 1183 781 1224 alios
804 1182 1074 1240 quamplures
1110 1184 1351 1224 omittamus
1375 1199 1551 1235 errores,
1574 1200 1624 1226 eo
1647 1184 1848 1236 audaciae,
1869 1196 1910 1226 et
1933 1186 2016 1225 im-

181 1250 346 1307 pietatis
365 1248 645 1307 progreditur,
668 1259 713 1289 ut
732 1250 948 1289 Romanos
965 1247 1188 1289 Pontifices
1210 1259 1250 1288 et
1272 1249 1457 1289 Concilia
1485 1248 1745 1291 oecumenica
1770 1266 1793 1290 a
1815 1249 2018 1290 limitibus

182 1330 266 1355 suae
282 1315 497 1372 potestatis
518 1314 748 1364 recessisse,
769 1314 862 1369 jura
880 1314 1122 1371 Principum
1138 1329 1370 1370 usurpasse,
1400 1324 1527 1370 atque
1543 1314 1668 1355 etiam
1692 1315 1736 1354 in
1755 1314 1880 1355 rebus
1901 1314 2013 1364 fidei,

182 1390 223 1421 e't
241 1394 409 1420 morum
433 1378 682 1420 definiendis
705 1394 863 1420 errasse
887 1377 1063 1420 infando
1089 1394 1190 1419 ausu
1211 1378 1458 1420 contendat.

241 1493 510 1549 Quamquam
530 1508 630 1533 vero
650 1503 715 1533 tot
736 1507 783 1532 ac
807 1502 924 1532 tanta
941 1490 983 1531 in
998 1491 1150 1532 eodem
1168 1493 1306 1550 Opere
1327 1491 1535 1532 contineri
1558 1506 1750 1533 errorum
1777 1492 1913 1550 capita
1927 1493 2017 1534 cui-

180 1573 261 1615 que
283 1556 404 1597 facile
425 1558 676 1610 innotescat3
705 1567 889 1598 attamen
913 1556 1271 1598 Praedecessorum
1291 1557 1545 1598 Nostrorum
1570 1557 1749 1614 vestigiis
1768 1557 2018 1600 inhaerentes

179 1621 486 1671 mandavimus,
508 1632 553 1661 ut
581 1622 790 1662 innostra
817 1621 1072 1663 Universalis
1108 1621 1393 1678 Inquisitionis
1426 1622 1762 1679 Congregatione
1794 1622 2017 1679 praefatum

179 1687 296 1744 Opus
326 1687 368 1726 in
411 1702 584 1726 examen
620 1685 915 1736 adduceretur,
950 1703 997 1727 ac
1025 1697 1170 1744 postea
1206 1686 1394 1742 ejusdem
1434 1685 1783 1744 Congregationis
1812 1685 2018 1741 judicium

179 1750 313 1791 Nobis
335 1750 577 1790 referretur.
610 1749 742 1790 Porro
764 1751 873 1790 Ven.
900 1750 1068 1789 Fratres
1087 1750 1229 1789 Nostri
1254 1751 1295 1788 S.
1321 1752 1373 1788 R.
1397 1751 1447 1789 E.
1477 1750 1721 1788 Cardinales
1744 1751 2018 1804 Inquisitores

179 1814 420 1856 Generales.
438 1813 591 1872 praevia
608 1813 797 1870 ejusdem
815 1813 964 1871 Operis
981 1828 1170 1862 censura,
1188 1823 1227 1853 et
1246 1811 1461 1870 perpensis
1476 1812 1777 1853 Consultorum
1794 1811 2014 1872 suffragiis,

178 1891 461 1921 memoratum
485 1881 602 1936 Opus
628 1890 827 1936 tanquam
860 1880 1081 1920 continens
1106 1877 1332 1925 doctrinas,
1374 1888 1416 1918 et
1442 1877 1754 1935 propositiones
1788 1879 2017 1934 respective

183 1965 200 1980 «
237 1944 517 1995 scandalosas‚
542 1944 801 1995 temerarias,
828 1942 968 1992 falsas,
995 1942 1294 1991 schismaticas,
1321 1941 1527 1982 Romanis
1549 1940 1821 1982 Pontificibus
1837 1952 1879 1982 et
1902 1943 2016 1984 Con-

183 2030 200 2044 «
239 2009 342 2051 ciliis
359 2009 656 2051 OEcumenicis
680 2008 916 2063 injuriosas,
939 2008 1134 2049 Ecclesiae
1155 2007 1389 2064 potestatis,
1414 2005 1637 2056 libertatis,
1657 2016 1700 2047 et
1714 2005 2016 2061 jurisdictionis

184 2093 201 2108 ⁴<
239 2076 459 2126 eversivas,
487 2089 697 2124 erroneas,
720 2073 883 2131 impias,
915 2085 955 2114 et
979 2072 1209 2121 haereticas,
1251 2093 1268 2109 »
1297 2071 1605 2123 damnandum,
1642 2082 1767 2128 atque
1787 2071 2017 2128 prohiben—

181 2137 282 2179 dum
298 2149 566 2180 censuerunt.

239 2203 348 2243 Hinc
368 2203 470 2255 Nos,
497 2201 637 2244 audita
670 2203 966 2262 praedictorum
997 2201 1218 2253 relatione,
1248 2212 1289 2243 et
1312 2202 1472 2242 cunetis
1507 2200 1630 2258 plene
1655 2215 1702 2241 ac
1726 2210 1889 2241 mature
1906 2216 2012 2242 con-

179 2265 383 2317 sideratis,
411 2267 462 2308 de
484 2266 658 2309 consilio
686 2269 956 2326 praefatorum
980 2266 1283 2317 Cardinalium,
1308 2277 1431 2322 atque
1452 2265 1579 2307 etiam
1603 2276 1720 2306 motu
1746 2265 1936 2322 proprio,
1963 2281 2014 2307 ex

182 2341 292 2372 certa
310 2332 497 2381 scientia,
522 2332 658 2389 deque
679 2333 930 2391 Apostolicae
952 2333 1169 2390 potestatis
1198 2331 1461 2389 plenitudine
1489 2340 1772 2371 memoratum
1807 2330 1938 2386 Opus,
1969 2331 2012 2371 in

181 2410 266 2451 quo
287 2395 504 2448 doctrinae,
530 2413 577 2438 ac
597 2399 920 2455 propositioneS,
941 2409 987 2438 ut
1010 2413 1134 2454 supra
1155 2407 1322 2445 notatse,
1347 2394 1635 2446 continentur,
1674 2394 1946 2450 ubicumque,
1973 2406 2015 2435 et

181 2475 447 2517 quocumque
469 2461 549 2502 alio
565 2461 779 2515 idiomate,
797 2478 868 2503 seu
890 2462 1034 2518 quavis
1053 2461 1253 2511 editione,
1280 2470 1352 2500 aut
1374 2459 1568 2499 versione
1590 2459 1672 2499 huc
1690 2473 1820 2515 usque
1838 2457 2012 2515 impres-

181 2539 288 2575 sum,
310 2526 374 2566 vel
392 2525 432 2565 in
458 2537 687 2583 posterum,
715 2526 828 2584 quod
852 2528 976 2580 absit,
996 2524 1343 2582 imprimendum,
1373 2534 1519 2564 tenore
1548 2521 1815 2580 praesentium
1837 2522 2012 2564 damna-

180 2604 287 2640 mus,
314 2601 356 2630 et
378 2592 669 2648 reprobamuS,
697 2603 819 2648 atque
854 2592 951 2648 legi,
978 2606 1025 2632 ac
1053 2589 1225 2630 retineri
1248 2587 1540 2645 prohibemus,
1564 2587 1833 2644 ejusdemque
1856 2586 2010 2644 Operis

179 2654 510 2711 impressionem,
549 2655 885 2713 descriptionem,
917 2656 1159 2707 lectionem,
1193 2654 1490 2702 retentionem,
1523 2664 1564 2694 et
1596 2668 1718 2694 usum
1746 2650 1943 2693 omnibus
1968 2662 2010 2693 et

180 2719 348 2777 singulis
368 2720 520 2760 Christi
542 2720 744 2771 fidelibus,
771 2721 898 2762 etiam
919 2719 1107 2777 specifica
1126 2729 1167 2759 et
1188 2717 1404 2758 individua
1427 2719 1659 2770 mentione,
1683 2729 1724 2759 et
1740 2717 2008 2774 expressione

179 2783 329 2840 dignis,
351 2784 427 2824 sub
466 2800 589 2841 poena
612 2784 1054 2826 excommunicationis
1075 2799 1151 2840 per
1187 2783 1533 2824 contrafacientes
1559 2784 1652 2841 ipso
1689 2783 1816 2832 facto,
1851 2781 2006 2838 absque

179 2848 258 2889 alia
276 2849 576 2898 declaratione,
602 2850 868 2901 incurrenda,
889 2865 911 2889 a
934 2864 1016 2905 qua
1047 2863 1172 2889 nemo
1195 2863 1217 2887 a
1238 2863 1469 2903 quoquam,
1498 2859 1775 2905 praeterquam
1805 2862 1826 2887 a
1849 2844 2001 2895 Nobis,

179 2928 251 2954 seu
273 2915 467 2954 Romano
499 2913 700 2955 Pontifice
726 2930 802 2972 pro
822 2925 1011 2970 tempore
1035 2913 1254 2962 existente,
1281 2913 1358 2952 nisi
1389 2911 1432 2953 in
1454 2913 1604 2953 mortis
1637 2911 1810 2953 articulo
1844 2908 2003 2952 consti-

179 2988 304 3029 tutus,
327 2978 599 3019 absolutionis
617 2977 866 3020 beneficium
888 2977 1078 3019 obtinere
1101 2987 1241 3033 queat,
1264 2977 1438 3018 omnino
1459 2976 1764 3018 interdicimus.

236 3043 447 3093 Volentes,
468 3054 508 3084 et
530 3042 787 3084 Auctoritate
816 3041 1054 3099 Apostolica
1086 3040 1347 3094 mandantes,
1372 3052 1417 3083 ut
1446 3043 1697 3099 quicumque
1719 3039 1906 3087 Librum,
1927 3052 2000 3078 seu

178 3108 292 3164 Opus
325 3107 579 3173 praedictum
600 3124 728 3166 penes
759 3123 802 3148 se
834 3107 1078 3159 habuerint,
1110 3105 1213 3145 illud
1248 3105 1387 3146 statim
1425 3118 1548 3163 atque
1586 3115 1807 3163 praesentes
1835 3101 2000 3143 Litterae

178 3172 449 3222 innotuerint,
467 3164 583 3214 10001
585 3189 656 3214 um
681 3171 925 3223 Ordinaliis,
941 3170 1006 3212 vel
1027 3171 1229 3211 haeretieae
1245 3171 1460 3228 pravitatis
1478 3168 1796 3228 Inquis1t011bus
1813 3165 1993 3215 tradexe,
