2135 3442
217 165 292 200 4⁶28
669 163 857 197 LETTRE
887 161 1231 207 APOSTOLIQUE
1260 162 1325 196 DE
1355 152 1486 196 LEON
1513 161 1604 196 XII.

219 268 239 290 α
267 261 396 290 tatem
417 249 572 300 facere,
601 260 647 290 ut
682 248 834 289 alicubi
864 259 1166 297 convocentur,
1192 247 1339 288 iisdem
1371 245 1529 303 aliquid
1558 244 1811 297 ministrare,
1846 247 1930 288 sive
1959 247 2059 289 alias

220 335 236 349 «
265 314 503 364 consilium,
526 313 745 363 auxilium,
763 312 830 353 vel
844 312 1032 354 favorem
1052 312 1208 370 palam,
1238 322 1309 352 aut
1328 313 1370 351 in
1389 311 1571 360 occulto,
1598 310 1755 352 directe
1774 311 1839 353 vel
1856 311 2058 353 indirecte

222 400 235 414 α
264 393 341 436 per
360 394 418 429 se,
440 379 506 420 vel
526 394 602 436 per
623 377 725 419 alios
742 377 1049 434 quoquomodo
1069 386 1281 433 praestare,
1306 390 1384 417 nec
1409 390 1495 416 non
1517 374 1620 416 alios
1639 376 1816 426 hortari,
1838 375 2054 427 inducere,

219 464 234 478 «
261 458 510 501 provocare,
534 454 605 484 aut
636 442 829 491 suadere,
853 453 899 482 ut
932 440 1172 498 hujusmodi
1206 439 1476 481 societatibus
1505 439 1812 490 adscribantur,
1849 456 2056 482 annume-

223 531 239 545 α
264 521 410 550 rentur
428 524 499 549 seu
521 507 732 559 intersint,
756 507 821 548 vel
853 506 966 565 ipsos
991 504 1314 564 quomodolibet
1332 506 1481 561 juvent
1504 521 1551 546 ac
1574 504 1758 553 foveant,
1785 503 1858 545 sed
1880 506 2057 548 omnino

221 593 238 609 «
262 576 315 615 ab
332 573 483 615 iisdem
501 572 785 621 societatibus,
804 572 993 621 coetibus,
1014 571 1307 620 conventibus,
1332 569 1670 620 collectionibus,
1691 569 2060 628 aggregationibus

221 659 237 674 «
267 654 339 680 seu
363 637 665 680 conventiculis
685 652 855 694 prorsus
879 636 1085 677 abstinere
1109 651 1151 676 se
1183 634 1337 675 debeat
1360 635 1436 675 sub
1462 650 1587 692 poena
1610 634 2059 678 excommunicationis

219 724 235 739 «
262 719 338 761 per
357 719 503 744 omnes
524 713 570 743 ut
595 718 718 759 supra
741 700 1090 742 contrafacientes
1125 699 1215 756 ipso
1242 699 1354 740 facto
1384 699 1546 756 absque
1567 699 1652 740 ulla
1679 698 1964 741 declaratione
1986 701 2058 741 in-

218 788 234 802 «
264 768 487 817 currenda,
511 784 534 808 a
564 782 641 824 qua
662 782 788 807 nemo
811 781 886 822 per
909 779 1181 822 quemquam,
1204 762 1281 804 nisi
1310 778 1387 821 per
1405 763 1511 816 Nos,
1538 779 1611 805 seu
1634 765 1879 804 Romanum
1909 765 2057 806 Ponti-

219 853 235 868 «
263 832 380 874 ficem
404 849 482 890 pro
502 844 694 889 tempore
727 831 989 879 existentem,
1015 841 1297 887 praeterquam
1326 829 1371 869 in
1404 829 1581 871 articulo
1618 829 1766 871 mortis
1790 830 2056 882 constitutus,

219 918 235 932 α
263 897 538 939 absolutionis
559 896 809 937 beneficium
828 895 965 936 valeat
984 895 1196 936 obtinere.

279 984 295 999 «
322 963 528 1003 Volumus
548 963 732 1017 insuper,
759 971 798 1000 et
819 960 1084 1010 mandamus,
1111 970 1157 1000 ut
1178 970 1265 999 tam
1289 959 1489 1016 Episcopi
1521 970 1563 1000 et
1583 959 1766 1010 Praelati,
1801 961 2054 1018 superiores,

221 1050 237 1063 «ι
263 1027 417 1084 aliique
439 1028 625 1067 locorum
647 1024 875 1075 Ordinarii,
899 1039 1025 1081 quam
1049 1025 1259 1065 haereticae
1278 1022 1497 1080 pravitatis
1526 1024 1684 1080 ubique
1708 1024 1900 1065 locorum
1924 1024 2058 1084 depu-

218 1113 234 1127 «
262 1092 337 1132 tati
365 1090 631 1148 inquisitores
655 1088 850 1129 adversus
876 1099 1218 1146 transgressores,
1258 1089 1559 1144 cujuscumque
1587 1087 1669 1129 sint
1699 1088 1868 1145 gradus,
1907 1100 2055 1140 status,

218 1177 234 1193 «
263 1155 532 1204 conditionis,
558 1153 732 1200 ordinis,
758 1152 987 1210 dignitatis,
1022 1152 1089 1193 vel
1111 1153 1456 1210 praeeminentiae,
1495 1152 1729 1210 procedant
1750 1153 2053 1211 etinquirant,

219 1242 233 1256 «
262 1236 414 1277 eosque
435 1231 636 1276 tanquam
662 1218 714 1259 de
741 1217 886 1258 haeresi
912 1219 1186 1259 vehementer
1211 1228 1426 1274 suspectos
1459 1217 1681 1276 condignis
1716 1219 1851 1275 poenis
1878 1219 2060 1276 puniant

220 1307 236 1322 «
263 1298 386 1343 atque
414 1295 661 1335 coerceant3
684 1283 733 1324 iis
756 1284 885 1334 enim,
922 1293 964 1324 et
983 1298 1135 1325 eorum
1160 1282 1332 1324 cuilibet
1355 1293 1502 1324 contra
1527 1282 1702 1324 eosdem
1734 1293 2059 1340 transgressores

217 1372 234 1386 «
261 1349 533 1408 procedendi,
550 1360 592 1390 et
607 1348 862 1406 inquirendi,
884 1363 931 1389 ac
949 1348 1170 1406 condignis
1181 1347 1316 1405 poenis
1328 1347 1551 1389 coercendi
1565 1359 1607 1389 et
1621 1347 1844 1405 puniendi,
1862 1349 2057 1390 invocato

217 1436 233 1451 «
259 1415 386 1457 etiam
404 1415 457 1455 ad
488 1415 586 1465 hoc,
609 1415 641 1454 si
660 1429 765 1471 opus
787 1413 928 1467 fuerit,
950 1413 1114 1454 brachii
1148 1413 1359 1454 saecularis
1393 1412 1566 1465 auxilio,
1604 1412 1783 1454 liberam
1816 1412 2057 1455 facultatem

216 1502 232 1516 «
262 1481 485 1521 tribuimus
506 1491 546 1520 et
567 1479 849 1537 impertimur.

276 1566 292 1580 «
320 1545 525 1586 Volumus
542 1555 698 1593 autem,
721 1543 836 1601 quod
862 1543 1109 1584 earumdem
1129 1545 1401 1601 praesentium
1424 1543 1719 1601 transsumptis
1742 1541 1869 1583 etiam
1884 1542 2057 1600 impres·

218 1632 234 1647 «
258 1610 327 1660 sis,
357 1625 485 1650 manu
503 1609 672 1664 alicujus
691 1608 846 1650 notarii
866 1609 1023 1666 publici
1046 1609 1307 1667 subscriptis,
1341 1620 1383 1650 et
1411 1609 1547 1666 sigillo
1570 1624 1765 1666 personae
1789 1609 1832 1648 in
1855 1607 2057 1666 dignitate

216 1696 234 1711 «
261 1673 535 1716 ecclesiastica
559 1675 797 1714 constitutae
824 1672 1013 1723 munitis,
1043 1673 1193 1714 eadem
1226 1689 1396 1731 prorsus
1425 1673 1530 1715 fides
1551 1673 1818 1726 adhibeatur,
1844 1688 1935 1729 quae
1956 1673 2056 1731 ipsis

217 1761 233 1775 =‹
263 1738 535 1796 originalibus
554 1738 718 1779 Litteris
741 1739 1029 1788 adhiberetur,
1055 1740 1087 1779 si
1106 1739 1247 1780 forent
1269 1738 1487 1789 exhibitae‚
1514 1738 1580 1780 vel
1601 1749 1794 1779 ostensae.

276 1825 293 1838 α
317 1802 431 1844 Nulli
450 1818 548 1859 ergo
568 1803 791 1842 hominum
809 1801 930 1842 liceat
949 1803 1059 1841 hanc
1079 1804 1277 1859 paginam
1301 1803 1467 1842 Nostrae
1488 1801 1800 1852 declarationis,
1819 1801 2058 1842 damnatio-

217 1890 233 1903 «
260 1868 337 1916 nis,
356 1867 563 1919 mandati,
591 1865 901 1924 prohibitionis,
925 1876 967 1906 et
986 1865 1294 1906 interdictionis
1318 1864 1562 1921 infringere,
1591 1864 1656 1905 vel
1680 1865 1717 1904 ei
1747 1879 1851 1905 ausu
1876 1875 2059 1907 temera-

214 1954 231 1968 «
255 1934 318 1973 rio
355 1932 566 1973 contraire
595 1948 604 1971 ε
630 1932 661 1972 si
695 1932 786 1988 quis
819 1941 960 1971 autem
991 1930 1074 1970 hoc
1112 1941 1318 1971 attentare
1343 1930 1674 1987 praesumpserit,
1715 1928 2056 1986 indignationem

217 2018 232 2032 κ
261 1996 563 2054 omnipotentis
585 1995 679 2045 Dei,
703 2012 750 2037 ac
769 1996 995 2037 beatorum
1016 1995 1130 2036 Petri
1155 2005 1196 2036 et
1220 1995 1341 2036 Pauli
1366 1994 1660 2052 apostolorum
1697 1996 1786 2051 ejus
1819 2009 1862 2036 se
1892 1996 2056 2037 noverit

219 2082 232 2096 ‹›
260 2076 539 2101 incursurum.

277 2146 293 2160 «
315 2126 470 2166 Datum
491 2126 638 2165 Romae
660 2124 769 2181 apud
792 2135 981 2165 sanctam
999 2125 1179 2166 Mariam
1198 2125 1410 2179 Majorem
1438 2139 1552 2164 anno
1572 2123 1876 2165 Incarnationis
1902 2124 2051 2164 Domi-

218 2211 234 2225 «
261 2188 363 2230 nicae
393 2189 614 2230 millesimo
646 2188 1015 2246 septingentesimo
1054 2188 1267 2248 trigesimo
1301 2200 1471 2242 octavo,
1503 2199 1652 2246 quarto
1684 2187 1898 2230 Kalendas
1934 2189 2049 2240 maii,

221 2276 236 2290 «
260 2253 530 2294 Pontificatus
552 2254 693 2294 Nostri
714 2270 827 2294 anno
849 2264 1013 2295 octavo.
1047 2276 1062 2289 »

272 2393 354 2441 33.
380 2390 481 2429 Haec
510 2399 651 2429 tamen
683 2389 919 2430 recolendae
952 2390 1166 2430 memorias
1188 2388 1417 2430 Benedicto
1446 2389 1545 2429 XIV
1578 2387 1726 2428 itidem
1755 2387 2055 2445 praedecessori

213 2453 368 2494 Nostro
398 2454 494 2494 satis
513 2468 599 2493 non
626 2453 812 2494 fuerunt.
832 2455 1135 2495 Percrebuerat
1158 2455 1273 2495 enim
1295 2453 1559 2494 sermonibus
1578 2452 1904 2509 permultorum,
1925 2454 2054 2495 latam

214 2518 257 2556 in
280 2517 509 2558 Clementis
527 2516 687 2557 dudum
702 2519 858 2558 mortui
869 2519 1034 2559 Litteris
1051 2516 1502 2559 excommunicationis
1517 2531 1689 2574 poenam
1702 2518 1791 2572 jam
1815 2519 2047 2568 evanuisse,

218 2581 333 2638 quod
371 2580 621 2622 Benedictus
650 2597 718 2622 eas
748 2581 903 2623 litteras
933 2582 1084 2623 diserte
1109 2598 1196 2622 non
1221 2581 1523 2623 confirmasset.
1552 2582 1653 2621 Erat
1677 2581 1868 2639 profecto
1903 2583 2051 2624 absur-

219 2647 321 2687 dum
344 2646 601 2687 contendere
621 2647 881 2704 superiorum
898 2646 1149 2687 Pontificum
1171 2647 1284 2703 leges
1302 2646 1580 2699 obsolescere,
1602 2646 1679 2687 nisi
1700 2662 1723 2687 a
1743 2648 2052 2689 successoribus

217 2726 408 2768 expresse
428 2711 733 2768 approbentur,
755 2722 797 2751 et
815 2722 1017 2768 praeterea
1038 2711 1257 2752 manifeste
1280 2711 1455 2768 patebat
1491 2727 1512 2751 a
1533 2711 1761 2752 Benedicto
1785 2713 1934 2770 saepius
1956 2711 2051 2753 Cle-

214 2776 368 2818 mentis
391 2774 735 2816 constitutionem
755 2786 889 2815 ratam
915 2774 1106 2815 habitam
1128 2775 1268 2816 fuisse.
1298 2777 1498 2817 Attamen
1519 2775 1629 2816 lianc
1667 2777 1792 2817 etiam
1817 2776 2050 2818 cavillatio-

217 2855 315 2882 nem
352 2840 405 2881 de
429 2840 701 2881 sectariorum
726 2839 920 2879 manibus
944 2839 1279 2896 extorquendam
1305 2839 1508 2894 judicavit
1536 2840 1788 2882 Benedictus
1808 2840 1920 2882 edita
1941 2857 2051 2882 nova

216 2904 516 2947 constitutione
545 2906 660 2959 cujus
693 2903 858 2944 initium
886 2904 1111 2957 Proviclas,
1143 2904 1307 2945 decimo
1339 2905 1485 2962 quinto
1516 2905 1730 2947 Kalendas
1768 2905 1909 2963 aprilis
1938 2920 2049 2946 anno

214 2970 437 3011 millesimo
457 2968 829 3027 septingentesimo
863 2969 1208 3025 quinquagesimo
1239 2969 1394 3026 primo,
1432 2985 1513 3026 qua
1535 2970 1762 3012 Clementis
1781 2968 2048 3011 constitutio-

216 3050 316 3076 nem
332 3033 512 3075 totidem
532 3033 669 3075 verbis
691 3032 867 3074 relatam
882 3033 923 3072 in
948 3031 1099 3084 forma,
1125 3044 1171 3073 ut
1186 3032 1303 3074 aiunt
1323 3034 1529 3091 specifica,
1553 3051 1643 3093 quae
1663 3035 1853 3076 omnium
1877 3034 2047 3092 amplis-

215 3100 318 3141 sima
339 3111 380 3142 et
395 3099 677 3141 efficacissima
689 3098 882 3147 habetur,
910 3097 1189 3140 confirmavit.
1210 3098 1321 3139 Talis
1339 3114 1440 3140 vero
1462 3110 1524 3142 est
1542 3099 1757 3141 Benedicti
1776 3096 2017 3140 constitutio
2035 3115 2044 3139 ε
