2135 3442
166 140 241 176 336
776 135 1089 172 ALLOCUTION
1120 135 1186 171 DE
1215 135 1294 170 PIE
1323 135 1398 171 IX.

165 237 205 266 et
236 239 399 266 sacram
435 234 476 264 et
514 222 728 280 publicam
764 223 1026 281 perturbent,
1066 232 1282 271 evertant,
1323 220 1367 261 in
1409 236 1514 278 quos
1547 220 1745 278 profecto
1774 224 1905 265 verba
1939 224 2011 266 illa

164 289 324 330 cadunt
345 288 475 329 divini
493 288 790 345 Reparatoris:
815 308 829 323 a
857 288 943 328 Vos
964 301 1013 329 ex
1037 298 1157 345 patre
1184 285 1358 327 diabolo
1384 287 1497 336 estis,
1528 296 1568 327 et
1586 302 1715 344 opera
1738 290 1865 344 patris
1885 292 2011 331 vestri

168 378 185 392 «
214 354 335 395 vultis
356 353 509 395 facere.
539 375 556 390 »
585 353 673 394 Hos
702 354 734 393 si
763 353 1035 409 excipiamus,
1064 351 1284 393 fatendum
1319 362 1380 392 est
1412 353 1627 408 praesentis
1664 353 1794 393 aetatis
1816 352 2011 396 homines

163 419 398 477 generatim
436 419 663 459 abhorrere
687 418 739 458 ab
763 416 1079 458 incredulorum
1103 418 1312 475 pravitate
1328 448 1337 465 ,
1362 427 1403 456 et
1430 415 1752 458 inclinationem
1784 419 2011 474 quamdam

164 484 404 525 animorum
423 483 646 524 ostendere
670 497 767 539 erga
791 481 1041 538 religionem
1065 492 1108 522 et
1130 481 1272 522 fidem.
1298 481 1392 521 Sive
1418 480 1533 521 enim
1560 480 1793 522 facinorum
1813 482 1869 522 ob
1896 494 2009 525 atro-

163 550 348 599 citatem,
395 565 485 605 quae.
530 545 734 604 superiori
773 546 1005 603 praesertim
1046 546 1198 588 saeculo
1237 556 1479 603 perpetrata
1520 544 1749 588 incredulis
1788 548 2012 590 tribuenda

162 625 274 665 sunt,
307 628 480 670 quaeque
514 613 677 652 animus
707 611 946 652 meminisse
978 610 1243 661 reformidat,
1277 611 1361 651 sive
1391 611 1447 651 ob
1487 621 1647 652 metum
1677 612 1935 653 seditionum
1962 629 2011 655 ac

163 679 441 728 tumultuum,
483 676 553 734 qui
588 675 881 717 miserandum
912 674 956 715 in
990 675 1166 716 modum
1204 675 1470 727 convellunt,
1509 674 1713 716 afflictant
1746 678 1937 719 nationes
1969 689 2012 719 et

163 759 307 801 regna,
340 743 425 783 sive
457 742 639 798 denique
671 739 802 781 divini
833 739 1009 796 Spiritus
1042 755 1192 797 opera,
1225 740 1295 797 qui
1328 741 1459 797 spirat
1491 741 1565 781 ubi
1598 740 1707 791 vult,
1740 741 2011 783 imminutum

164 823 250 850 esse
278 818 393 866 patet
416 806 681 864 perditorum
716 819 955 854 numerum,
994 805 1065 861 qui
1099 804 1396 846 incredulitate
1429 820 1472 846 se
1497 807 1659 860 jactent
1683 817 1724 847 et
1753 806 2006 863 glorienturz,

162 884 310 914 contra
341 887 442 913 vero
483 869 775 912 commendari
815 870 1010 910 audimus
1049 869 1264 910 interdum
1298 871 1393 910 vitae
1430 886 1477 910 ac
1515 886 1682 911 morum
1719 872 2006 922 honestatem,

162 938 475 993 excitatumque
519 946 719 993 praeterea
761 935 956 975 novimus
989 935 1033 975 in
1072 935 1221 974 animis
1266 934 1491 975 hominum
1522 935 1812 977 admirationis
1843 952 2010 978 sensum

161 1002 414 1044 catholicam
437 1016 538 1058 erga
563 1001 828 1058 religionem,
853 1015 944 1056 quae
969 1000 1141 1057 quidem
1163 1000 1207 1039 in
1231 999 1423 1040 omnium
1445 999 1620 1041 incurrit
1639 1000 1783 1042 oculos
1807 1012 2011 1058 tanquam

161 1068 233 1109 lux
256 1067 368 1109 solis.

219 1222 319 1262 Non
355 1221 555 1278 exiguum
588 1220 672 1260 hoc
708 1229 768 1259 est
799 1219 980 1271 bonum,
1015 1217 1291 1258 Venerabiles
1326 1218 1507 1269 Fratres,
1543 1228 1584 1259 et
1616 1218 1789 1275 quidam
1819 1220 1935 1275 quasi
1959 1219 2012 1260 ad

160 1288 382 1328 veritatem
402 1300 663 1344 progressus,
689 1283 764 1325 sed
788 1295 930 1324 tamen
962 1282 1096 1323 multa
1121 1282 1259 1324 adhuc
1282 1294 1394 1335 sunt,
1420 1298 1511 1340 quae
1536 1298 1559 1323 a
1582 1283 1757 1324 veritate
1785 1283 1910 1341 plane
1943 1300 2010 1326 as-

159 1351 376 1409 sequenda
400 1351 641 1391 absterrent
662 1350 858 1390 homines
883 1359 926 1390 et
946 1359 1233 1390 remorantur.

220 1459 326 1500 Sunt
347 1459 563 1499 enimvero
589 1457 796 1515 plerique,
824 1457 897 1513 qui
919 1456 1045 1497 rebus
1070 1456 1249 1513 publicis
1272 1455 1504 1496 tractandis
1521 1455 1734 1512 praepositi
1761 1454 1947 1496 fautores
1969 1470 2012 1496 se

159 1523 391 1582 religionis,
413 1535 455 1564 et
479 1523 715 1564 adsertores
734 1521 893 1573 dicant,
923 1520 1040 1561 illam
1062 1519 1262 1561 laudibus
1287 1520 1499 1571 attollant,
1522 1520 1802 1577 humanaeque
1824 1521 2014 1561 societati

160 1604 290 1645 quam
331 1589 514 1629 maxime
550 1587 918 1628 accommodatam
960 1597 1087 1643 atque
1125 1585 1273 1626 utilem
1310 1585 1565 1643 praedicent3
1611 1585 1886 1626 nihilominus
1925 1587 2013 1641 ejus

159 1654 375 1694 moderari
406 1651 671 1709 disciplinam
702 1651 868 1702 volunt,
895 1666 1034 1691 sacros
1061 1650 1275 1690 ‘ministros
1305 1664 1470 1707 regere,
1505 1665 1718 1690 sacrorum
1743 1651 2013 1707 procuratio—

159 1733 259 1759 nem
289 1718 510 1775 attingere,
539 1732 624 1756 uno
652 1716 783 1756 verbo
805 1715 934 1755 civilis
959 1715 1069 1754 intra
1098 1724 1228 1755 status
1251 1712 1403 1755 limites
1430 1730 1624 1756 coercere
1649 1715 1843 1755 nituntur
1864 1715 2011 1756 Eccle—

159 1784 279 1832 siam,
307 1784 428 1839 eique
448 1780 676 1830 dominari,
701 1796 792 1836 quae
816 1790 959 1820 tamen
982 1779 1044 1819 sui
1065 1779 1169 1833 juris
1194 1790 1270 1831 est,
1298 1779 1529 1836 divinoque
1552 1778 1728 1820 consilio
1753 1778 1908 1820 nullius
1930 1780 2012 1820 irn-

159 1848 265 1905 perii
295 1847 485 1888 terminis
523 1845 731 1887 contineri
771 1844 919 1894 debet,
953 1843 1027 1884 sed
1060 1843 1115 1884 ad
1143 1843 1311 1884 ultimas
1345 1855 1474 1884 terras
1508 1844 1754 1901 propagari,
1780 1859 2012 1901 omnesque

160 1911 386 1969 complecti
408 1921 552 1969 gentes
573 1920 615 1951 et
638 1908 848 1959 nationes,
875 1920 921 1949 ut
941 1909 1205 1966 sempiternae
1224 1908 1303 1948 illis
1325 1908 1540 1949 beatitatis
1563 1910 1642 1950 iter
1663 1908 1856 1967 designet
1881 1925 2011 1967 expe-

161 1976 264 2018 diat.
295 1978 363 2027 Et,
387 1977 495 2034 proh
526 1974 669 2016 dolor!
699 1974 798 2015 dum
824 1975 913 2015 haec
941 1973 1171 2030 loquimur,
1199 1972 1472 2014 Venerabiles
1501 1975 1681 2024 Fratres,
1711 1973 1755 2014 in
1784 1974 2011 2031 Subalpina

162 2042 324 2083 ditione
353 2041 572 2099 proposita
602 2040 670 2081 lex
698 2050 775 2091 est,
815 2055 899 2096 qna
934 2038 1142 2096 regularia
1174 2049 1216 2079 et
1246 2038 1523 2079 ecclesiastica
1561 2039 1748 2080 instituta
1784 2039 1837 2080 de
1868 2039 2011 2080 medio

164 2107 384 2158 tolluntur,
411 2118 453 2148 et
473 2106 665 2147 Ecclesiae
680 2106 774 2160 jura
797 2104 923 2162 plane
946 2104 1266 2155 conculcantur,
1290 2115 1433 2161 atque,
1457 2105 1489 2144 si
1507 2103 1595 2144 fieri
1616 2115 1771 2161 potest,
1799 2103 2008 2145 delentur.

165 2171 250 2213 Sed
268 2183 409 2212 tamen
431 2170 483 2211 de
504 2186 548 2211 re
571 2182 660 2211 tam
681 2171 797 2227 gravi
823 2169 906 2211 hoc
936 2170 1028 2226 ipso
1057 2170 1101 2209 in
1128 2168 1223 2209 loco
1257 2167 1359 2209 alias
1390 2184 1579 2225 agemus.
1610 2169 1783 2209 Utinam
1811 2184 1912 2209 vero
1942 2169 2013 2226 qui

163 2236 349 2278 libertati
376 2236 591 2277 obsistunt
621 2235 841 2277 catholicae
873 2234 1094 2292 religionis
1121 2244 1354 2291 agnoscant
1381 2233 1609 2290 aliquando
1639 2245 1905 2291 quantopere
1930 2250 2011 2292 pu-

164 2301 283 2342 blica*
304 2301 363 2341 rei
383 2302 500 2342 bono
527 2300 617 2358 ipsa
647 2300 874 2351 conducat,
908 2316 999 2357 quar
1027 2315 1101 2340 sua
1126 2298 1277 2356 cuique
1302 2298 1457 2340 civium
1495 2298 1761 2339 observanda
1789 2299 2008 2357 proponit,

166 2376 209 2407 et
227 2365 411 2407 inculcat
435 2365 571 2406 officia
595 2380 645 2405 ex
663 2363 823 2406 coelesti
847 2380 975 2421 quam
1003 2363 1165 2421 accepit
1192 2363 1389 2405 doctrina
1416 2379 1424 2404 :
1456 2364 1618 2404 utinam
1648 2363 1905 2421 persuadere
1933 2363 2011 2404 sibi

163 2430 339 2471 tandem
352 2430 482 2471 velint
495 2430 612 2487 qnod
627 2430 730 2471 olim
743 2430 906 2470 Zenoni
922 2430 1168 2486 imperatori
1182 2429 1395 2470 scribebat
1410 2445 1449 2470 sa
1457 2440 1577 2469 nctus
1591 2429 1708 2470 Felix
1721 2428 2011 2470 Praedecessor

164 2496 337 2547 Noster,
369 2517 385 2531 «
413 2494 519 2535 nihil
548 2511 635 2535 esse
660 2494 804 2536 utilius
836 2493 1121 2551 Principibus,
1159 2510 1286 2551 qnam
1318 2493 1454 2535 sinere
1488 2493 1719 2536 Ecclesiam
1752 2493 1813 2534 uti
1845 2493 2010 2551 legibus

170 2582 188 2596 «
224 2559 322 2610 suis,
345 2561 427 2600 hoc
447 2560 561 2601 enim
578 2559 657 2600 illis
678 2575 763 2600 esse
786 2559 983 2609 salutare,
1012 2569 1059 2599 ut
1083 2574 1180 2599 cum
1207 2558 1260 2600 de
1287 2558 1422 2599 causis
1450 2558 1527 2599 Dei
1559 2559 1711 2617 agitur,
1744 2557 1906 2615 regiam
1931 2574 2010 2600 vo-

170 2647 188 2662 «
222 2625 429 2666 luntatem
452 2623 751 2665 Sacerdotibus
768 2623 921 2665 Christi
941 2623 1138 2665 studeant
1161 2624 1360 2674 subdere,
1383 2640 1471 2664 non
1494 2625 1713 2681 proeferre.
1743 2644 1760 2659 »

227 2808 335 2848 Sunt
357 2816 580 2863 prseterea,
604 2806 880 2847 venerabiles
900 2808 1082 2856 Fratres,
1106 2805 1185 2846 viri
1207 2805 1381 2862 quidam
1404 2806 1648 2849 eruditione
1669 2818 1915 2865 praestantes
1937 2807 2008 2865 qui

166 2870 418 2929 religionem
459 2885 612 2911 munus
651 2885 742 2912 esse
772 2870 958 2912 fatentur
992 2871 1117 2929 longe
1153 2871 1546 2928 praestantissimum
1575 2888 1598 2912 a
1634 2873 1725 2914 Deo
1761 2872 2008 2913 hominibus

168 2937 329 2987 datum,
354 2936 584 2977 humanam
618 2934 894 2976 nihilominus
929 2937 1141 2977 rationem
1170 2947 1287 2977 tanto
1322 2937 1483 2978 habent
1512 2937 1556 2978 in
1591 2938 1748 2995 pretio,
1784 2948 2007 2995 tantopere

167 3001 393 3055 extollunt,
418 3011 464 3042 ut
481 3000 548 3041 vel
569 2999 645 3057 ipsi
662 2999 858 3057 religioni
880 3000 1226 3058 aequiparandam
1246 3001 1486 3045 stultissime
1512 3014 1675 3060 putent.
1699 3002 1809 3044 Hinc
1829 3018 1882 3043 ex
1900 3016 2007 3042 vana

167 3066 357 3124 ipsorum
384 3065 583 3123 opinione
615 3064 864 3122 theologicae
890 3065 1118 3122 disciplinae
1155 3065 1331 3124 perinde
1356 3083 1404 3109 ac
1436 3067 1744 3126 philosophicae
1779 3065 2007 3107 tractandae

168 3143 286 3179 sunt3
309 3146 405 3172 cnm
427 3141 568 3172 tamen
592 3129 672 3171 illae
692 3129 790 3171 fidei
812 3129 1081 3187 dogmatibus
1112 3129 1361 3183 innitantur,
1393 3133 1547 3189 quibus
1568 3131 1673 3173 nihil
1699 3130 1872 3183 firmius,
1900 3128 2006 3170 nihil

168 3195 371 3247 stabilius,
394 3197 482 3238 istae
505 3211 605 3238 vero
627 3197 812 3237 humana
836 3195 1099 3253 explicentur
1131 3207 1254 3254 atque
1286 3197 1548 3239 illustrentur
1580 3197 1757 3247 ratione,
1790 3210 1871 3252 qua
1902 3193 2006 3235 nihil
