2135 3442
188 165 262 200 420
799 162 1109 198 ALLOCUTION
1138 163 1201 199 DE
1231 163 1310 198 PIE
1339 162 1411 199 IX.

246 251 345 291 Ha‘c
366 259 507 290 autem
523 249 776 306 perversitas
805 265 854 291 eo
888 249 1072 301 devenit,
1100 261 1146 292 ut
1165 249 1391 291 hostilibus
1414 248 1634 306 Subalpini
1660 250 1871 291 exercitus
1893 252 2024 310 copiis

185 315 240 357 ad
259 313 414 356 moenia
433 314 522 356 fere
541 314 664 369 hujus
682 315 800 355 almae
831 315 994 356 Nostra*
1015 315 1133 356 urbis
1155 314 1361 364 immissis,
1387 329 1651 370 quaecunque
1664 313 1791 355 fuerit
1808 314 2027 372 implicata

186 378 533 428 communicatio,
559 378 738 436 publicat
758 378 1016 436 privataeque
1036 379 1222 420 rationes
1236 379 1277 419 in
1298 378 1524 419 discrimen
1540 377 1748 429 adductae,
1769 391 2028 422 commeatus

187 444 428 502 intercepti,
467 456 524 495 et,
555 444 673 501 quod
712 443 1006 500 gravissimum
1045 455 1122 494 est,
1151 445 1347 485 Smnmus
1371 443 1503 484 totius
1526 443 1722 484 Ecclesiae
1755 443 1950 485 Pontifex
1984 445 2027 485 in

187 511 410 551 molestam
442 509 640 551 redactus
666 507 959 548 difficultatem
984 509 1178 550 Ecclesiae
1196 509 1332 567 ipsius
1372 507 1570 565 negotiis,
1595 519 1721 565 prout
1740 524 1807 550 res
1825 509 2022 567 postulat,

188 574 454 625 consulendi,
479 585 705 633 propterea
731 572 846 629 quod
880 574 1062 615 maxime
1098 585 1335 615 coarctetur
1351 573 1416 614 via
1436 588 1533 614 cum
1553 572 1677 614 variis
1702 572 1817 614 orbis
1837 574 2028 630 partibus

187 638 545 682 communicandi.
568 638 859 691 Quamobrem
883 637 926 678 in
950 638 1078 679 tantis
1097 639 1261 680 Nostris
1290 637 1513 695 angustiis,
1547 648 1749 694 tantoque
1773 653 1916 680 rerum
1937 638 2026 679 dis-

186 705 362 746 crimine
388 704 454 745 vel
486 703 608 744 facile
650 701 894 759 intelligitis,
923 702 1200 744 Venerabiles
1236 705 1417 752 Fratres,
1448 703 1536 744 Nos
1569 701 1678 742 tristi
1709 702 1958 744 necessitate
1978 719 2026 744 eo

181 771 270 825 jam
292 768 423 809 ferme
447 767 622 825 impelli,
658 777 704 807 ut
724 766 788 807 vel
812 765 930 806 inviti
954 767 1142 824 cogitare
1173 768 1405 810 debeamus
1428 768 1479 809 de
1497 778 1742 825 opportuno
1759 767 2027 825 suscipiendo

186 833 364 874 consilio
379 833 432 874 ad
451 834 653 874 Nostram
674 831 925 888 dignitatem
946 831 1165 874 tuendam.

245 899 420 939 Interim
438 897 653 938 abstinere
676 912 765 937 non
793 912 1034 953 possumus,
1059 896 1163 953 quin
1184 909 1335 954 practer
1352 898 1432 939 alia
1454 898 1723 956 deploremus
1745 897 1961 939 funestum
1981 914 2027 939 ac

186 962 473 1020 perniciosum
491 961 763 1019 principium,
787 961 903 1018 quod
927 972 1082 1002 vocant
1101 961 1154 1002 de
1184 978 1265 1002 non
1297 969 1526 1004 interventu
1545 980 1568 1004 a
1586 963 1842 1021 quibusdam
1864 963 2029 1004 Guber-

185 1027 267 1068 niis
288 1027 403 1068 haud
429 1027 487 1067 ita
511 1025 693 1083 pridem,
730 1025 879 1067 ceteris
906 1026 1205 1077 tolerantibus,
1243 1027 1551 1084 proclamatum
1576 1039 1618 1069 et
1637 1027 1879 1069 adhibitum
1899 1027 2028 1068 etiam

187 1107 283 1133 cum
315 1092 367 1132 de
407 1090 561 1146 injusta
600 1089 774 1146 alicujus
815 1090 1023 1131 Gubernii
1053 1101 1201 1132 contra
1230 1091 1344 1132 aliud
1385 1092 1652 1149 aggressione
1679 1104 1827 1150 agatur
1854 1110 1862 1133 :
1890 1093 1947 1133 ita
1982 1103 2025 1133 ut

186 1157 379 1214 quaedam
402 1155 533 1197 veluti
551 1156 782 1213 impunitas
803 1171 850 1196 ac
870 1155 1040 1196 licentia
1063 1156 1295 1214 impetendi
1316 1172 1364 1197 ac
1386 1156 1614 1214 diripiendi
1641 1157 1777 1198 aliena
1793 1158 1905 1213 jura,
1924 1172 2025 1214 pro-

183 1222 402 1279 prietates,
418 1237 465 1262 ac
488 1220 670 1262 ditiones
691 1219 801 1278 ipsas
820 1232 969 1262 contra
994 1220 1156 1263 divinas
1180 1222 1472 1278 humanasque
1493 1222 1606 1280 leges
1624 1222 1778 1263 sanciri
1805 1221 2023 1273 videatur,

185 1285 551 1342 quemadmodum
588 1285 782 1326 luctuosa
813 1286 892 1326 hac
926 1296 1180 1342 tempestate
1217 1286 1430 1328 cernimus
1470 1286 1652 1328 evenire.
1698 1287 1751 1326 Et
1781 1285 2022 1327 mirandum

181 1349 392 1407 profecto,
425 1349 540 1406 quod
574 1350 646 1390 uni
682 1350 916 1407 Subalpino
947 1351 1168 1392 Gubernio
1189 1351 1364 1409 impune
1393 1352 1518 1393 liceat
1541 1351 1747 1407 ejusmodi
1768 1351 2022 1409 principium

183 1414 401 1472 despicere
419 1430 467 1455 ac
488 1414 663 1466 violare,
686 1430 781 1455 cum
797 1414 1017 1457 videamus
1044 1415 1182 1473 ipsum
1201 1416 1427 1458 hostilibus
1449 1416 1534 1458 suis
1548 1415 1695 1474 copiis,
1720 1415 1915 1458 universa
1937 1417 2024 1457 Eu-

182 1495 288 1537 ropa
306 1479 588 1536 inspectante,
610 1479 654 1519 in
673 1479 830 1520 alienas
849 1479 1032 1521 ditiones
1051 1480 1304 1540 irrumpere,
1330 1481 1626 1539 legitimosque
1648 1480 1792 1522 exillis
1811 1480 2026 1538 Principes

181 1545 406 1586 exturbare
435 1563 444 1585 :
466 1560 517 1585 ex
539 1560 624 1601 quo
654 1543 892 1601 perniciosa
918 1546 1191 1603 consequitur
1214 1546 1466 1597 absurditas,
1496 1546 1682 1587 alienum
1707 1561 1860 1603 nempe
1895 1544 2025 1586 inter-

180 1620 351 1650 ventum
367 1608 572 1649 duntaxat
592 1608 757 1649 admitti
780 1609 1132 1664 adfflrebellionem
1159 1611 1444 1652 suscitandam
1465 1622 1591 1667 atque
1613 1609 1858 1652 fovendam.

240 1673 351 1714 Hinc
372 1683 513 1714 autem
532 1684 773 1730 opportuna
793 1673 928 1714 Nobis
948 1674 1083 1715 oritur
1106 1675 1272 1716 occasio
1298 1675 1506 1726 excitandi
1528 1690 1677 1716 omnes
1696 1676 1876 1732 Europae
1896 1675 2023 1716 Prin-

181 1738 309 1796 cipes,
346 1748 392 1779 ut
420 1753 499 1795 pro
527 1748 715 1795 spectata
742 1736 932 1794 ipsorum
962 1739 1127 1779 consilii
1150 1739 1353 1796 gravitate
1380 1751 1422 1780 et
1452 1739 1658 1797 sapientia
1691 1739 1798 1780 serio
1837 1754 2023 1797 perpen-

181 1803 286 1845 dant
313 1819 403 1859 quzr
438 1813 682 1859 quantaque
710 1802 820 1842 mala
856 1801 897 1841 in
930 1802 1185 1853 detestabili,
1226 1819 1351 1860 quem
1379 1804 1680 1855 lamentamur,
1708 1814 1861 1845 eventu
1882 1820 2025 1846 cumu-

180 1868 336 1909 lentur.
366 1867 518 1924 Agitur
541 1866 653 1908 enim
688 1866 739 1907 de
764 1866 940 1907 immani
975 1867 1222 1919 violatione,
1256 1884 1346 1925 quae
1373 1879 1522 1909 contra
1555 1867 1792 1909 universale
1831 1868 2020 1925 gentium

177 1934 245 1988 jus
265 1931 459 1990 nequiter
482 1942 546 1973 est
574 1942 756 1988 patrata,
780 1947 955 1988 quoeque
976 1931 1055 1973 nisi
1080 1934 1254 1973 omnino
1279 1944 1539 1983 coerceatur,
1563 1932 1679 1973 nulla
1701 1932 1900 1991 deinceps
1918 1933 2022 1991 legi-

182 1997 273 2038 timi
301 1999 502 2054 cujusque
525 1997 628 2052 juris
655 1995 831 2037 firmitas
859 2012 907 2037 ac
937 1996 1138 2038 securitas
1172 1998 1330 2055 poterit
1364 1996 1608 2039 consistere.
1639 1996 1791 2055 Agitur
1810 1997 1862 2039 de
1887 1999 2023 2040 rebel—

177 2061 303 2103 lionis
334 2061 563 2119 principio,
606 2060 672 2102 cui
704 2060 983 2118 Subalpinum
1023 2062 1289 2103 Gubernium
1321 2062 1502 2120 turpiter
1541 2062 1728 2113 inservit,
1769 2073 1811 2104 et
1844 2078 1894 2103 ex
1937 2078 2020 2120 quo

178 2143 363 2185 pronum
383 2138 446 2168 est
468 2126 719 2183 intelligere,
746 2137 951 2182 quantum
979 2128 1229 2184 cuicumque
1250 2127 1470 2169 Gubernio
1489 2126 1716 2168 discrimen
1738 2126 1781 2167 in
1802 2126 1890 2168 dies
1911 2143 2021 2168 com-

177 2203 364 2248 paretur,
398 2203 439 2232 et
468 2207 576 2248 quan
586 2201 623 2231 ta
650 2190 691 2231 in
716 2191 955 2232 universam
981 2191 1146 2233 civilem
1173 2191 1417 2234 societatem
1445 2191 1658 2233 redundet
1676 2191 1897 2249 pernicies,
1923 2208 2020 2234 cum

177 2255 234 2296 ita
251 2255 366 2297 fatali
381 2256 414 2297 C
417 2261 690 2296 ommunismo
711 2255 848 2296 aditus
872 2255 1099 2313 aperiatur.
1124 2257 1342 2316 Agiturssde
1355 2256 1520 2299 violatis
1542 2256 1799 2298 solemnibus
1819 2258 2017 2299 Conven-

177 2320 381 2370 tionibus,
409 2337 498 2378 quse
516 2319 577 2361 uti
598 2319 777 2361 aliorum
800 2321 844 2360 in
862 2322 1034 2378 Europa
1056 2321 1390 2380 Principatuum,
1413 2322 1469 2363 ita
1493 2321 1621 2362 etiam
1641 2320 1770 2362 civilis
1786 2321 2017 2363 Pontificia=

176 2384 360 2425 Ditionis
387 2384 672 2442 integritatem
697 2396 853 2426 sartam
874 2396 1114 2443 tectamque
1136 2387 1290 2428 servari
1314 2386 1491 2428 omnino
1518 2386 1748 2443 postulant.
1788 2386 1941 2444 Agitur
1964 2387 2016 2428 de

175 2449 361 2490 violenta
393 2449 631 2507 direptione
656 2449 768 2491 illius
792 2449 1064 2508 principatus,
1107 2452 1178 2509 qui
1206 2451 1406 2510 singulari
1441 2450 1590 2492 divinae
1611 2450 1890 2492 Providentiae
1909 2467 2012 2492 con-

176 2513 268 2554 silio
289 2516 484 2554 Romano
508 2514 703 2556 Pontifici
731 2514 854 2556 datus
877 2525 939 2556 est
971 2516 1025 2557 ad
1054 2516 1352 2574 Apostolicum
1381 2531 1504 2557 suum
1529 2514 1816 2556 Ministerium
1843 2515 1887 2556 in
1915 2517 2013 2557 uni-

173 2593 336 2619 versam
378 2578 606 2619 Ecclesiam
644 2578 887 2636 plenissima
920 2580 1116 2622 libertate
1155 2581 1455 2624 exercendum.
1483 2581 1588 2634 Qua*
1619 2580 1810 2638 profecto
1840 2580 2013 2622 libertas

175 2658 349 2684 summae
385 2642 583 2684 omnibus
612 2643 880 2701 Principibus
900 2660 1009 2686 curae
1036 2661 1126 2687 esse
1152 2645 1295 2699 debet,
1319 2656 1366 2687 ut
1382 2645 1578 2686 Pontifex
1598 2644 1686 2703 ipse
1706 2644 1863 2687 nullius
1883 2645 2013 2687 civilis

172 2706 395 2765 potestatis
414 2706 611 2764 impulsui
634 2709 862 2762 subjaceat,
887 2720 1014 2767 atque
1038 2709 1094 2751 ita
1121 2709 1325 2768 spirituali
1356 2710 1514 2768 pariter
1543 2710 1851 2751 catholicorum
1869 2711 1913 2751 in
1934 2726 2009 2752 co-

173 2772 369 2814 rumdem
388 2771 632 2829 Principum
654 2772 851 2814 dominiis
879 2774 1125 2832 degentium
1144 2774 1442 2832 tranquillitati
1464 2786 1634 2817 cautum
1654 2775 1723 2817 sit.

231 2838 381 2894 Itaque
401 2836 600 2877 omnibus
628 2836 830 2894 supremis
850 2838 1116 2897 Principibus
1138 2855 1386 2897 persuasum
1413 2856 1502 2882 esse
1526 2840 1667 2890 debet,
1691 2840 1893 2881 Nostram
1915 2856 2007 2881 cum

174 2902 363 2960 ipsorum
387 2917 511 2944 causa
543 2902 670 2959 plane
696 2917 785 2943 esse
815 2906 1100 2959 conjunctam,
1126 2920 1281 2963 eosque
1305 2921 1428 2947 suum
1448 2905 1582 2947 Nobis
1604 2903 1806 2946 auxilium
1833 2903 2008 2946 afferen-

174 2978 234 3008 tes
268 2969 524 3008 Nostrorum
546 2981 663 3023 aeque
683 2982 730 3006 ac
752 2983 924 3009 suorum
953 2968 1112 3024 jurium
1138 2969 1419 3011 incolumitati
1452 2985 1542 3012 esse
1574 2980 1888 3028 prospecturos.
1917 2969 2007 3010 Ma-

170 3030 282 3072 xima
302 3030 482 3089 proinde
506 3046 603 3072 cum
626 3030 776 3071 fiducia
797 3031 911 3090 ipsos
926 3033 1149 3075 hortamur
1170 3045 1211 3075 et
1232 3035 1520 3084 obsecramus,
1547 3046 1594 3076 ut
1614 3050 1739 3092 opem
1757 3033 1904 3082 Nobis,
1924 3047 2003 3089 pro

170 3111 242 3136 sua
281 3096 456 3153 quisque
487 3095 731 3137 conditione
759 3107 799 3136 et
829 3099 1167 3154 opportunitate,
1201 3099 1333 3141 velint
1360 3099 1622 3157 impendere.
1648 3100 1747 3140 Non
1764 3096 2003 3139 dubitamus

170 3171 326 3210 autem,
366 3161 467 3217 quin
501 3159 696 3202 catholici
727 3161 959 3218 pra‘scrtim
994 3163 1210 3221 Principes
1238 3181 1285 3207 ac
1314 3165 1464 3222 Populi
1495 3180 1666 3206 omnem
1686 3176 1834 3204 eorum
1857 3176 2001 3202 curam

168 3235 210 3264 et
239 3240 412 3282 operam
445 3225 753 3267 studiosissime
791 3226 1029 3278 conferant,
1057 3238 1101 3269 ut
1130 3244 1207 3285 pro
1235 3229 1452 3271 communi
1486 3244 1631 3270 eorum
1656 3226 1794 3269 officio
1816 3224 2000 3267 universi
