2135 3442
177 161 253 196 456
784 159 1104 195 ALLOCUTION
1132 160 1197 195 DE
1227 160 1304 195 PIE
1333 159 1404 196 IX.

178 243 331 302 quibus
360 243 604 299 hujusmodi
639 243 836 286 homines
868 246 1114 287 miserrimis
1146 245 1257 287 hisce
1292 245 1557 303 temporibus
1586 246 1726 288 divina
1757 258 1799 288 et
1832 247 2012 289 humana

177 319 327 350 61111613
351 308 625 366 permiscent.

235 374 370 414 Nemo
403 385 591 415 vestrum
629 375 819 431 ignorat,
855 374 1130 415 Venerabiles
1166 376 1355 425 Fratres,
1393 376 1446 415 31)
1488 375 1729 430 hujusmodi
1769 376 2016 418 hominibus

176 439 301 494 plane
331 438 491 481 destrui
520 440 798 480 necessariam
830 439 946 480 illam
978 439 1291 490 cohaerentiam,
1322 456 1412 496 qna=
1441 439 1517 481 Dei
1546 440 1763 481 voluntate
1792 440 2016 482 intercedit

175 503 285 544 inter
308 517 536 561 utrumque
558 503 766 553 ordinem,
790 504 862 559 qui
887 514 979 544 tum
1002 503 1046 562 in
1068 515 1230 555 natura,
1253 516 1345 546 tum
1367 520 1492 563 supra
1514 515 1709 545 naturam
1729 516 1806 555 est,
1828 506 2014 562 itemque

176 569 229 609 ab
258 567 358 626 ipsis
388 569 565 610 omnino
592 568 822 618 immutari,
853 568 1057 618 subverti,
1087 568 1217 609 deleri
1245 569 1479 627 propriam,
1509 585 1652 610 veram
1683 585 2015 628 germanamque

176 633 324 674 <livium
362 632 632 675 revelationis
670 632 881 684 indolem,
920 633 1241 686 auctoritatem,
1276 634 1555 691 Ecclesizrque
1593 636 1937 676 constitutionem
1973 646 2016 675 et

176 709 450 755 potestatem.
484 700 625 754 Atque
655 714 704 738 eo
736 696 941 755 opinandi
972 697 1210 739 temeritate
1239 698 1586 756 progrediuntur,
1619 710 1664 740 ut
1701 715 1872 741 omnem
1902 699 2013 740 veri-

176 775 213 804 ta
223 775 322 813 tem,
343 779 600 820 omnemque
625 763 777 820 legem,
799 774 1057 820 potestatem
1077 774 1119 804 et
1135 765 1204 818 jus
1223 763 1375 805 divinae
1396 763 1572 821 originis
1593 763 1868 805 audacissime
1888 763 2017 805 dene-

176 844 274 885 gare
310 843 397 869 non
434 839 639 869 metuant.
683 827 897 884 Siquidem
934 827 1050 868 haud
1088 828 1345 869 erubescunt
1380 844 1586 879 asserere,
1623 828 2016 886 philosophicarum

175 908 335 943 rerum,
364 909 618 949 morumque
644 891 877 942 scientiam,
904 892 1092 949 itemque
1125 892 1266 935 civiles
1292 893 1407 951 leges
1431 909 1555 951 posse
1582 905 1622 935 et
1648 894 1804 935 debere
1829 910 1851 935 a
1877 893 2016 935 divina

175 958 450 1009 revelatione,
480 969 521 998 et
549 956 745 998 Ecclesia*
774 957 1023 999 auctoritate
1051 957 1279 1007 declinare,
1309 969 1351 998 et
1379 958 1613 999 Ecclesiam
1640 975 1727 999 non
1758 974 1847 999 esse
1871 973 2016 999 veram

174 1023 490 1080 perfectamque
517 1022 761 1063 societatem
788 1022 915 1080 plane
941 1022 1136 1072 liberam,
1161 1038 1240 1064 nec
1260 1022 1420 1080 pollere
1444 1023 1527 1064 suis
1550 1023 1731 1081 propriis
1751 1034 1792 1064 et
1815 1034 2015 1064 constan-

175 1087 288 1129 tibus
310 1088 476 1143 juribus
503 1086 583 1128 sibi
608 1103 631 1127 a
660 1086 805 1127 divino
833 1103 910 1128 suo
943 1087 1186 1129 Fundatore
1216 1087 1395 1141 collatis,
1422 1088 1496 1129 sed
1525 1087 1657 1129 civilis
1681 1087 1903 1145 potestatis
1925 1103 2016 1128 esse

177 1152 370 1202 definire,
399 1167 491 1208 qua*
518 1151 602 1192 sint
627 1151 822 1193 Ecclesioe
848 1153 946 1207 jura
975 1163 1016 1193 et
1048 1152 1218 1203 limites,
1248 1151 1359 1193 111113
1390 1168 1495 1210 quos
1525 1152 1675 1194 eadem
1699 1154 1793 1207 jura
1821 1167 2016 1194 exercere

176 1228 318 1273 queat.
342 1218 452 1258 Hine
475 1232 674 1274 perverse
697 1216 1093 1269 comminiscuntur,
1117 1217 1282 1259 civilem
1302 1228 1559 1275 potestatem
1578 1233 1701 1275 posse
1719 1233 1761 1258 se
1781 1217 2017 1258 immiscere

175 1283 316 1331 rebus,
342 1298 433 1338 quae
453 1281 507 1323 ad
527 1281 794 1339 religionem,
816 1298 960 1324 mores
981 1293 1022 1322 et
1045 1281 1234 1339 regimen
1255 1281 1470 1340 spirituale
1490 1282 1721 1340 pertinent,
1742 1292 1868 1338 atque
1889 1281 2016 1322 etiam

175 1346 394 1403 impedire,
418 1346 647 1403 quominus
668 1348 892 1388 Sacrorum
912 1346 1136 1389 Antistites
1163 1358 1205 1388 et
1228 1347 1371 1389 fideles
1395 1347 1543 1405 populi
1566 1363 1662 1388 cum
1684 1348 1879 1387 Romano
1898 1347 2015 1388 Pon-

173 1410 285 1453 tifice
313 1427 512 1469 supremo
544 1411 673 1453 totius
706 1412 903 1454 Ecclesiae
934 1423 1105 1471 pastore
1139 1411 1341 1454 divinitus
1374 1411 1603 1454 constituto
1632 1411 1766 1453 libere
1794 1426 1841 1452 36
1868 1422 2017 1452 mutuo

175 1477 506 1526 communicent,
539 1488 584 1517 ut
613 1476 739 1533 plane
768 1476 1022 1518 dissolvatur
1050 1476 1289 1518 necessaria
1319 1488 1361 1519 et
1394 1476 1627 1519 arctissima
1657 1476 1726 1518 illa
1755 1475 2013 1531 conjunctio,

175 1557 264 1598 quae
290 1541 399 1582 inter
426 1542 619 1582 membra
651 1541 820 1599 mystici
850 1541 1041 1600 corporis
1070 1541 1245 1592 Christi,
1273 1553 1315 1584 et
1346 1541 1632 1600 adspectabile
1658 1557 1779 1582 suum
1807 1543 1942 1598 Caput
1966 1556 2018 1581 ex

175 1605 315 1646 divina
336 1605 467 1663 ipsius
485 1605 643 1647 Christi
662 1606 835 1647 Domini
858 1606 1123 1648 institutione
1142 1622 1231 1648 esse
1253 1606 1429 1647 omnino
1451 1606 1595 1647 debet.
1614 1605 1728 1647 Nihil
1747 1621 1848 1647 vero
1865 1605 2013 1647 timent

173 1670 290 1711 omni
320 1670 484 1712 fallacia
515 1687 563 1712 ac
590 1671 691 1712 dolo
722 1670 766 1712 in
791 1671 941 1728 vulgus
967 1671 1174 1728 proferre,
1201 1686 1342 1712 sacros
1369 1670 1564 1712 Ecclesia*
1594 1670 1826 1722 ministros,
1856 1671 2016 1711 Roma-

173 1751 362 1793 numque
378 1735 630 1777 Pontificem
647 1737 699 1777 ab
719 1735 835 1776 omni
855 1752 999 1777 rerum
1020 1734 1319 1793 temporalium
1336 1736 1431 1790 jure
1450 1751 1497 1776 ac
1517 1734 1708 1776 dominio
1730 1750 1821 1776 esse
1841 1736 2014 1776 omnino

174 1800 476 1842 excludendos.

232 1896 404 1936 Summa
429 1907 631 1953 praeterea
655 1895 919 1954 impudentia
943 1911 1132 1938 asserere
1159 1912 1247 1937 non
1269 1896 1483 1948 dubitant,
1508 1895 1693 1937 divinam
1716 1894 2016 1937 revelationem

172 1976 259 2000 non
279 1961 415 2002 solum
435 1959 538 2000 nihil
561 1960 778 2018 prodesse,
799 1976 946 2002 verum
970 1960 1099 2002 etiam
1119 1976 1272 2002 nocere
1294 1960 1481 2002 hominis
1504 1959 1770 2018 perfectioni,
1794 1959 2015 2018 ipsamque

173 2024 360 2066 divinam
394 2025 699 2066 revelationem
734 2040 823 2067 esse
859 2025 1177 2083 imperfectam,
1213 2037 1255 2068 et
1292 2025 1444 2067 iccirco
1482 2027 1715 2081 subjectam
1749 2031 1943 2066 continuo
1976 2038 2017 2067 et

174 2089 396 2145 indefinito
430 2090 692 2148 progressui,
732 2090 803 2147 qui
843 2091 1037 2132 humanae
1075 2090 1253 2132 rationis
1294 2090 1579 2148 progressioni
1618 2089 1888 2148 respondeat.
1928 2091 2017 2132 Nee

175 2165 372 2195 verentur
390 2154 572 2212 proinde
590 2156 768 2210 jactare,
793 2156 1037 2213 prophetias
1060 2167 1101 2197 et
1124 2155 1328 2196 miracula
1354 2155 1398 2196 in
1421 2155 1547 2196 sacris
1570 2154 1740 2196 Litteris
1764 2155 1955 2212 exposita
1976 2166 2018 2196 et

173 2230 342 2259 narrata
362 2234 453 2260 esse
475 2231 698 2277 poetarum
718 2231 973 2270 commenta,
998 2232 1039 2262 et
1063 2231 1329 2262 sacrosancta
1351 2220 1502 2261 divinae
1523 2219 1622 2261 fidei
1642 2230 1797 2261 nostrae
1816 2219 2017 2277 mysteria

173 2283 564 2341 philosophicarum
595 2284 967 2343 investigationum
998 2301 1232 2335 summam,
1257 2301 1304 2326 ac
1336 2284 1486 2326 divinis
1519 2285 1735 2342 utriusque
1753 2284 2016 2326 Testamenti

173 2346 292 2388 libris
326 2348 512 2404 mythica
549 2349 755 2390 contineri
784 2349 972 2402 inventa,
1000 2361 1041 2392 61
1071 2349 1208 2408 ipsum
1236 2350 1469 2391 Dominum
1493 2350 1698 2391 Nostrum
1724 2351 1867 2391 Jesum
1892 2348 2015 2391 Chri-

175 2422 309 2461 stum,
333 2412 538 2454 horribile
575 2414 690 2455 dictu
715 2416 722 2455 !
746 2414 978 2472 mythicam
1014 2430 1104 2457 esse
1139 2414 1370 2456 fictionem.
1408 2416 1549 2467 Quare
1584 2414 1627 2455 hi
1663 2414 2016 2456 turbulentissimi

174 2492 469 2534 perversorum
495 2478 743 2535 dogmatum
769 2480 952 2521 cultores
980 2479 1209 2530 blaterant,
1239 2495 1410 2521 morum
1440 2479 1553 2536 leges
1583 2478 1722 2520 divina
1749 2479 1865 2521 haud
1891 2494 2016 2537 egere

175 2541 407 2590 sanctione,
430 2552 472 2582 et
492 2541 666 2584 minime
684 2559 788 2601 opus
810 2560 915 2595 esse,
935 2555 982 2585 ut
1002 2544 1197 2586 humanae
1214 2544 1325 2601 leges
1346 2544 1399 2585 ad
1419 2554 1578 2584 natura*
1591 2544 1660 2598 jus
1677 2543 2013 2593 conformentur,

175 2617 247 2647 aut
274 2605 491 2662 obligandi
521 2606 607 2647 vim
639 2623 661 2648 a
691 2609 782 2649 Deo
812 2608 1034 2666 accipiant,
1067 2625 1114 2650 36
1143 2620 1371 2666 propterea
1400 2619 1608 2658 asserunt,
1638 2608 1800 2649 nullam
1828 2607 2015 2649 divinam

175 2670 354 2712 existere
374 2670 525 2727 legem.
555 2671 731 2728 Insuper
752 2672 927 2714 inficiari
949 2673 1107 2714 audent
1129 2688 1302 2714 omnem
1328 2671 1405 2714 Dei
1435 2672 1477 2713 in
1502 2672 1697 2714 homines
1721 2673 2016 2730 mundumque

176 2735 412 2785 actionem,
444 2751 491 2776 36
517 2746 675 2776 16111616
703 2737 937 2789 affirmant,
964 2738 1195 2779 humanam
1222 2736 1432 2778 rationem
1449 2770 1458 2787 ,
1491 2737 1608 2778 nullo
1636 2753 1812 2795 prorsus
1839 2737 1916 2779 Dei
1945 2753 2015 2778 re-

175 2811 322 2858 spectu
343 2800 505 2850 habito,
531 2799 704 2841 unicum
728 2817 819 2842 esse
840 2802 925 2843 veri
957 2814 998 2844 et
1022 2801 1131 2852 falsi,
1148 2801 1251 2843 boni
1284 2812 1324 2842 et
1355 2801 1455 2842 mali
1484 2801 1708 2853 arbitrum,
1738 2802 2016 2859 eamdemque

179 2865 409 2907 humanam
429 2864 638 2907 rationem
664 2864 745 2905 sibi
771 2865 849 2923 ipsi
870 2882 960 2908 esse
986 2867 1142 2924 legem,
1166 2882 1213 2907 36
1234 2866 1495 2907 113.11113111)115
1518 2867 1602 2908 51115
1623 2866 1780 2908 viribus
1801 2867 1855 2908 ad
1874 2865 2014 2907 homi-

177 2946 280 2970 num
306 2946 353 2972 36
379 2930 637 2988 populorum
662 2930 826 2971 bonum
846 2931 1082 2972 curandum
1108 2930 1314 2973 sufficere.
1339 2933 1444 2973 Cum
1468 2943 1610 2973 autem
1631 2947 1779 2973 omnes
1798 2930 2015 2988 religionis

177 2994 371 3036 veritates
388 3011 439 3036 ex
459 2995 600 3035 nativa
622 2994 817 3035 humanae
836 2995 1012 3036 rationis
1032 2998 1071 3037 vi
1094 3012 1290 3054 perverse
1314 2996 1503 3038 derivare
1530 2996 1728 3046 audeant,
1753 3007 1845 3037 tum
1864 2995 2014 3051 cuique

178 3058 340 3099 homini
364 3058 579 3116 quoddam
601 3058 730 3099 veluti
756 3058 1007 3116 primarium
1028 3063 1096 3115 jus
1122 3061 1328 3114 tribuunt,
1352 3077 1402 3102 ex
1427 3077 1510 3119 quo
1536 3061 1670 3119 possit
1691 3061 1820 3102 libere
1841 3060 1892 3101 de
1912 3058 2011 3099 reli-

172 3122 297 3179 gione
315 3123 500 3180 cogitare
520 3134 561 3165 et
583 3123 718 3181 loqui,
741 3139 923 3180 eumque
943 3126 1035 3166 Deo
1058 3125 1270 3167 honorem
1291 3136 1334 3168 et
1361 3126 1522 3167 cultum
1547 3125 1762 3177 exhibere,
1787 3139 1912 3182 quem
1930 3137 2008 3180 pro

173 3202 249 3229 suo
274 3188 395 3230 libito
416 3188 637 3232 meliorem
658 3188 882 3231 existimat.
