2135 3442
150 171 199 206 30
402 167 711 213 ENCYCLIQUE
741 166 807 202 DE
836 164 884 202 N.
915 164 958 201 T.
988 162 1026 199 S.
1059 163 1104 200 P.
1135 161 1196 198 LE
1226 161 1352 197 PAPE
1382 161 1461 195 PIE
1489 159 1560 198 IX.
1620 159 1724 196 1864

208 256 318 296 LIX.
339 254 359 294 J
365 268 411 296 us
430 254 473 294 in
499 253 706 294 materiali
725 251 836 293 facto
855 248 1060 303 consistit,
1085 260 1127 290 et
1144 247 1290 290 omnia
1309 247 1535 289 hominum
1554 244 1694 287 officia
1717 254 1817 287 sunt
1834 260 1991 288 nomen

151 320 291 370 inane,
312 329 353 360 et
369 317 513 360 omnia
535 319 721 359 humana
742 315 851 358 facta
868 313 974 370 juris
994 312 1079 354 vim
1103 313 1279 355 habent.

202 395 325 434 Alloc.
344 398 523 432 Maxima
540 396 709 444 quidem,
726 395 748 430 9
761 391 860 440 junii
878 392 995 436 1862,
1007 402 1102 439 pag.
1124 392 1214 433 454.

207 483 296 524 LX.
318 481 558 523 Auctoritas
584 481 687 523 nihil
711 479 826 522 aliud
849 489 911 520 cst
930 478 1010 519 nisi
1030 475 1195 518 numeri
1215 489 1256 519 et
1274 476 1556 520 materialium
1576 473 1732 516 virium
1751 487 1932 516 summa.

203 559 324 597 Alloc.
357 562 537 596 Maxima
556 560 722 608 quidem,
750 555 880 604 9junii
901 557 1018 602 1862,
1035 568 1127 604 pag.
1145 556 1238 594 454.

208 637 319 678 LXI.
342 637 576 677 Fortunata
594 634 693 677 sacti
722 632 924 689 injustitia
941 630 1106 673 nullum
1119 629 1229 686 juris
1246 630 1456 671 sanctitati
1472 627 1776 670 detrimentum
1794 625 1930 669 affert.

204 718 327 754 Alloc.
349 719 579 755 jamdudum
593 721 790 763 cernimus,
804 717 853 752 18
864 713 989 751 martii
1006 714 1124 759 1861,
1142 724 1235 762 pag.
1251 714 1345 752 434.

210 807 341 847 LXII.
364 805 722 848 Proclamandum
742 815 805 846 est
825 814 868 845 et
887 803 1203 846 observandum
1223 802 1480 863 principium
1500 802 1617 860 quod
1643 811 1798 844 vocant
1822 800 1876 842 de
1892 815 1995 843 non.-

154 877 339 913 interven
345 880 386 912 tu
395 903 404 911 .

204 946 327 984 Alloc.
351 948 470 983 N000s
489 956 525 983 ee
547 954 648 996 ante,
671 947 722 984 28
741 943 967 996 septembris
989 945 1108 994 1860,
1125 958 1218 995 pag.
1242 947 1335 984 414.

211 1036 365 1076 LXIII.
404 1033 619 1092 Legitimis
650 1031 916 1091 principibus
937 1030 1229 1075 obedientiam
1263 1031 1518 1083 detrectare,
1549 1030 1687 1087 ‚immo
1716 1041 1759 1073 et
1788 1028 1996 1073 rebellare

152 1101 264 1143 licet.

204 1175 323 1226 Epist.
344 1174 488 1225 encycl.
514 1175 592 1224 Qui
607 1174 798 1223 pluribus,
817 1176 840 1212 9
861 1173 1082 1212 novembris
1103 1176 1223 1222 1846,
1239 1184 1333 1224 pag.
1357 1175 1450 1212 172.

204 1230 328 1267 Alloc.
354 1233 518 1277 Quisque
540 1236 713 1276 vestrum,
739 1230 762 1265 4
778 1227 944 1264 octobris
965 1229 1085 1274 1847,
1101 1230 1297 1277 pagA96.

204 1281 324 1331 Epist.
349 1282 494 1330 encycl.
518 1283 647 1317 Nostis
666 1288 703 1316 et
720 1280 935 1326 Nobiscum,
959 1282 981 1318 8
999 1279 1212 1318 decembris
1231 1282 1350 1326 1849,
1368 1293 1463 1330 pag.
1482 1280 1577 1317 238.

210 1334 300 1372 Litt.
324 1337 455 1384 Apost.
480 1335 572 1371 Cum
590 1335 792 1381 catholica,
809 1335 859 1371 26
879 1333 1007 1370 martii
1027 1336 1148 1381 1860,
1163 1348 1254 1384 pag.
1279 1335 1374 1373 400.

208 1410 359 1451 LXIV.
389 1409 499 1451 Tum
525 1409 729 1465 cujusque
749 1407 1005 1450 sanctissimi
1025 1408 1257 1464 juramenti
1276 1407 1467 1460 violatio,
1488 1418 1580 1449 tum
1600 1405 1803 1464 quaelibet
1822 1404 1998 1448 scelesta

151 1472 443 1530 flagitiosaque
469 1474 578 1514 actio
608 1472 877 1530 sempiternae
902 1473 985 1531 legi
1019 1488 1277 1531 repugnans,
1309 1489 1398 1514 non
1428 1473 1567 1514 solum
1594 1471 1711 1513 haud
1739 1481 1802 1514 est
1829 1469 1995 1529 impro-

152 1536 310 1587 banda,
341 1552 489 1577 verum
516 1538 645 1578 etiam
671 1538 847 1578 omnino
873 1537 1004 1588 licita,
1035 1538 1296 1595 summisque
1324 1537 1522 1579 laudibus
1549 1536 1793 1589 efferenda,
1821 1534 1995 1594 quando

153 1600 197 1642 id
220 1617 297 1657 pro
317 1600 462 1658 patriae
479 1616 625 1642 amore
647 1612 809 1659 agatur.

207 1684 331 1723 Alloc.
354 1683 497 1733 Quibus
512 1688 750 1734 quantisque,
774 1685 824 1721 20
842 1682 974 1735 aprilis
996 1686 1116 1734 1849,
1135 1697 1227 1735 pag.
1248 1686 1342 1725 210.

986 1860 1013 1920 §
1047 1861 1166 1905 vm.

662 1963 704 2003 Ε
706 1978 848 2004 rrores
875 1963 926 2004 de
947 1966 1218 2005 matrimonio
1238 1964 1489 2005 christiano.

214 2074 343 2114 LXV.
366 2071 491 2113 Nulla
511 2070 676 2113 ratione
692 2069 792 2112 ferri
812 2080 968 2127 potest,
992 2070 1210 2113 Christum
1232 2070 1415 2113 evexisse
1436 2070 1758 2114 matrimonium
1778 2072 1833 2114 ad
1853 2071 1998 2130 digni-

156 2147 286 2178 tatem
307 2145 574 2178 sacramcnu.

208 2219 299 2258 Litt.
322 2220 454 2269 Apost.
477 2219 543 2253 Ad
559 2218 791 2266 Apostolicae,
811 2218 860 2254 22
881 2217 1032 2268 augusti
1049 2219 1168 2264 1851,
1187 2231 1282 2268 pag.
1303 2221 1394 2258 292.

214 2311 363 2353 LXVI.
388 2308 652 2352 Matrimonii
678 2320 993 2351 sacramentum
1018 2326 1108 2352 non
1129 2321 1191 2352 est
1218 2310 1298 2352 nisi
1324 2311 1429 2369 quid
1454 2312 1692 2354 contractui
1718 2313 1999 2356 accessorium

157 2376 210 2416 ab
234 2390 367 2431 eoque
389 2373 640 2430 separabile,
667 2373 891 2431 ipsumque
914 2385 1230 2417 sacramentum
1247 2375 1291 2417 in
1307 2392 1393 2418 una
1414 2387 1581 2419 tantum
1600 2376 1780 2436 nuptiali
1799 2377 2001 2421 benedic—

158 2450 272 2481 tione
293 2450 419 2480 situm
440 2448 517 2479 est.

208 2521 300 2559 Litt.
317 2523 450 2571 Apost.
469 2516 535 2557 Ad
553 2521 789 2568 Apostolicae,
807 2521 857 2557 22
878 2518 1029 2571 augusti
1047 2520 1166 2567 1851,
1181 2535 1277 2572 pag.
1300 2523 1394 2560 202.

215 2607 388 2650 LXVII.
412 2607 509 2648 Jure
530 2617 692 2648 naturae
714 2605 972 2648 matrimonii
992 2606 1213 2649 vinculum
1232 2623 1320 2650 non
1343 2620 1407 2650 est
1421 2608 1734 2663 indissolubile,
1755 2612 1857 2655 etin
1876 2611 1999 2656 variis

157 2672 323 2714 casibus
344 2671 572 2712 divortium
591 2671 762 2730 proprie
780 2671 941 2713 dictum
961 2670 1214 2714 auctoritate
1227 2671 1336 2714 civili
1354 2673 1507 2716 sanciri
1522 2685 1680 2733 potest.

210 2755 299 2793 Litt.
318 2758 450 2805 Apost.
470 2757 535 2791 Ad
552 2757 783 2803 Apostolicae‚
804 2754 854 2791 22
871 2754 1022 2804 augusti
1044 2755 1163 2802 1851,
1183 2767 1278 2804 pag.
1300 2757 1394 2796 292.

209 2807 334 2847 Alloc.
353 2807 656 2854 Acerbissimum,
676 2808 726 2844 27
744 2805 969 2857 septembris
988 2808 1108 2855 1852,
1126 2820 1218 2858 pag.
1241 2808 1333 2847 320.

215 2896 408 2938 LXVIII.
444 2894 629 2936 Ecclesia
659 2909 747 2935 non
772 2893 902 2935 habet
932 2904 1191 2952 potestatem
1215 2894 1519 2953 impedimenta
1543 2898 1866 2942 matrimonium
1891 2898 1997 2942 diri-

157 2960 317 3002 mentia
344 2958 589 3009 inducendi,
617 2958 692 3000 sed
711 2973 759 2999 ea
787 2968 972 3016 potestas
999 2958 1109 3001 civili
1137 2961 1379 3003 auctoritati
1410 2962 1629 3021 competit,
1653 2979 1678 3006 a
1705 2979 1788 3023 qua
1811 2963 1995 3023 impedi—

157 3035 299 3067 menta
318 3024 540 3066 existentia
559 3022 750 3065 tollenda
770 3033 882 3065 sunt.

210 3104 300 3145 Litt.
319 3109 453 3157 Apost.
473 3103 709 3155 Multiplices
726 3108 836 3152 inter,
857 3104 907 3142 10
924 3104 1023 3153 junii
1043 3108 1162 3155 1851,
1178 3121 1269 3157 pag.
1288 3108 1384 3148 286.

217 3194 375 3237 LXIX.
413 3192 600 3236 Ecclesia
651 3191 918 3251 sequioribus
961 3194 1123 3237 saeculis
1161 3192 1402 3238 dirimentia
1444 3195 1750 3256 impedimenta
1792 3196 1994 3240 inducere
