2135 3442
153 160 203 195 24
408 155 719 202 ENCYCLIQUE
746 155 812 190 DE
840 153 888 190 N.
919 153 964 189 T.
995 152 1036 190 S.
1066 151 1109 187 P.
1140 149 1201 185 LE
1229 147 1354 184 PAPE
1381 146 1459 182 PIE
1488 146 1561 182 IX.
1622 145 1739 184 1864.

213 242 392 285 XXXII.
419 242 594 298 Absque
622 239 706 281 ulla
733 237 934 280 naturalis
954 236 1059 293 juris
1085 246 1126 278 et
1149 232 1358 292 aequitatis
1383 231 1612 275 violatione
1634 243 1776 290 potest
1796 234 1991 294 abrogari

155 307 386 367 personalis
417 305 678 357 immunitas,
710 320 793 361 qua
818 301 960 344 clerici
984 302 1036 343 ab
1060 315 1188 341 onere
1215 297 1443 340 subeundae
1470 296 1802 355 exercendaeque
1833 299 1991 342 militiae

153 374 415 424 eximuntur3
440 371 549 412 lianc
566 385 664 411 vero
687 366 1006 425 abrogationem
1025 363 1211 422 postulat
1230 362 1362 404 civilis
1375 377 1639 422 progressus,
1661 363 1844 405 maxime
1863 364 1908 406 in
1924 380 1991 408 so-

153 439 304 480 cietate
326 436 379 478 ad
401 436 583 477 formam
603 432 809 475 liberioris
827 429 1042 489 regiminis
1063 427 1309 470 constituta.

205 520 324 571 Epist.
347 519 395 556 ad
413 518 538 570 Episc.
561 515 820 567 Montisregal.
838 516 1046 564 Singularis
1067 511 1270 561 Nobisque,
1293 512 1342 549 29
1363 520 1461 562 sept.
1486 513 1605 561 1864,
1620 525 1714 561 pag.
1739 513 1830 550 514.

210 608 416 649 XXXIII.
433 606 529 646 Non
548 606 730 663 pertinet
744 604 865 644 unice
885 601 938 643 ad
952 599 1277 643 ecclesiasticam
1288 598 1597 655 jurisdictionis
1621 609 1877 657 potestatem
1891 614 1991 657 pro-

154 671 246 729 prio
270 687 318 713 ac
336 670 479 712 nativo
499 672 592 726 jure
613 668 791 726 dirigere
815 665 1149 723 theologicarum
1173 679 1316 706 rerum
1337 663 1593 706 doctrinam.

205 753 324 805 Epist.
345 753 393 790 ad
414 751 594 803 Archiep.
615 750 778 801 Frising.
803 752 900 786 Tuas
918 747 1087 795 libenter,
1113 749 1159 785 21
1184 745 1399 784 decembris
1420 748 1540 795 1863,
1552 760 1644 796 pag.
1668 748 1759 785 496.

213 823 414 864 XXXIV.
440 821 638 864 Doctrina
668 819 1008 877 comparantium
1036 819 1280 858 Romanum
1298 816 1551 858 Pontificem
1575 816 1761 875 Principi
1787 816 1924 859 libero
1952 829 1994 860 et

154 887 294 947 agenti
315 888 360 928 in
379 888 574 929 universa
590 884 788 936 Ecclesia,
810 883 1005 925 doctrina
1028 892 1090 924 est
1110 898 1202 940 quae
1222 881 1365 924 medio
1387 898 1475 924 aevo
1493 881 1724 940 praevaluit.

205 970 294 1008 Litt.
316 972 449 1022 Apost.
472 971 537 1006 Ad
556 970 788 1018 Apostolicae,
810 968 859 1004 22
879 964 1032 1017 augusti
1051 966 1172 1017 1851,
1190 979 1285 1016 pag.
1312 966 1405 1005 292.

212 1057 395 1098 XXXV.
423 1056 538 1098 Nihil
565 1064 689 1106 vetat,
720 1053 895 1109 alicujus
921 1052 1100 1094 Concilii
1126 1053 1335 1110 generalis
1361 1053 1572 1106 sententia
1595 1063 1668 1095 aut
1698 1053 1993 1095 universorum

153 1121 409 1179 populorum
432 1121 558 1170 facto,
579 1134 793 1161 summum
812 1117 1111 1159 Pontificatum
1133 1119 1187 1159 ab
1210 1119 1409 1160 Romano
1428 1117 1640 1176 Episcopo
1658 1128 1786 1176 atque
1802 1118 1919 1160 Urbe
1940 1117 1993 1159 ad

152 1185 279 1226 alium
303 1184 560 1242 Episcopum
580 1184 788 1240 aliamque
809 1183 1021 1224 civitatem
1044 1182 1280 1224 transferri.

203 1267 289 1306 Litt.
307 1269 439 1318 Apost.
461 1268 527 1303 Ad
542 1269 774 1315 aspostolicae,
795 1267 844 1303 22
869 1265 1021 1316 augusti
1041 1268 1160 1315 1851,
1180 1279 1274 1315 pag.
1297 1267 1393 1303 292.

209 1351 409 1391 XXXVI.
431 1348 665 1390 Nationalis
685 1347 864 1389 Concilii
890 1347 1081 1389 definitio
1103 1347 1266 1389 nullam
1290 1347 1417 1388 aliam
1438 1347 1623 1389 admittit
1640 1347 1988 1406 disputationem,

150 1414 363 1471 civilisque
381 1413 690 1455 administratio
709 1428 800 1454 rem
821 1412 875 1453 ad
896 1413 1025 1453 hosce
1042 1413 1245 1453 terminos
1260 1413 1426 1470 exigere
1447 1423 1604 1470 potest.

201 1497 290 1534 Litt.
307 1500 440 1546 Apost.
463 1498 529 1531 Ad
544 1497 781 1544 Apostolicae‚
801 1497 852 1531 22
871 1494 1022 1546 augusti
1039 1497 1159 1542 1851,
1176 1509 1270 1545 pag.
1295 1497 1387 1533 292.

209 1583 428 1624 XXXVII.
454 1582 621 1624 Institui
644 1593 822 1639 possunt
846 1582 1082 1624 nationales
1104 1582 1301 1625 Ecclesiae
1320 1584 1374 1624 ab
1399 1582 1648 1627 auctoritate
1671 1582 1856 1624 Romani
1872 1582 1989 1626 Pon·

152 1647 270 1689 tificis
291 1647 506 1689 subductae
528 1646 740 1704 planeque
765 1645 925 1687 divisae.

205 1729 327 1767 Alloc.
350 1731 485 1765 ,Multis
506 1728 761 1779 gravibusque,
785 1731 833 1766 17
853 1727 1066 1766 decembris
1087 1731 1206 1777 1860,
1223 1744 1313 1780 pag,
1339 1732 1431 1769 424.

205 1781 328 1819 Alloc.
352 1783 582 1819 Iamdudum
601 1786 797 1828 ceruinam,
821 1783 869 1818 18
891 1781 1016 1819 martii
1034 1784 1154 1830 1861,
1169 1797 1264 1832 pag.
1288 1786 1379 1824 434.

211 1870 455 1911 XXXVIII.
484 1868 687 1911 Divisioni
708 1868 907 1911 Ecclesiae
925 1870 969 1910 in
994 1869 1245 1913 orientalem
1265 1882 1390 1929 atque
1410 1871 1718 1916 occidentalem
1741 1873 1872 1916 nimia
1898 1874 1964 1916 Ro
1980 1899 1989 1905 „

153 1950 376 1977 manorum
397 1933 652 1976 Pontificum
674 1933 849 1976 arbitria
874 1934 1160 1977 contulerunt.

204 2017 292 2056 Litt.
314 2020 446 2067 Apost.
466 2019 776 2067 AclAposlolicae‚
799 2019 848 2054 22
878 2018 1029 2070 augusti
1048 2021 1168 2065 1851,
1184 2033 1279 2070 pag.
1303 2020 1394 2057 292.

1000 2194 1026 2255 g
1059 2195 1136 2240 vi.

307 2294 490 2334 Errores
517 2293 568 2334 de
589 2298 785 2336 societate
811 2295 931 2336 civili
957 2305 1041 2337 tum
1069 2302 1112 2338 in
1137 2313 1197 2351 se,
1221 2306 1305 2340 tum
1334 2303 1378 2341 in
1403 2305 1493 2342 suis
1515 2300 1574 2340 ad
1595 2299 1836 2341 Ecclesiam

827 2353 1104 2397 relationibus
1120 2367 1323 2414 spectata.

213 2457 422 2499 XXXIX.
441 2456 700 2514 Reipublicae
719 2468 864 2510 statuS,
884 2470 1031 2517 utpote
1050 2463 1243 2505 omnium
1257 2464 1418 2520 jurium
1432 2463 1550 2522 origo
1570 2474 1611 2506 et
1630 2463 1742 2518 fons,
1762 2465 1856 2520 jure
1876 2480 1986 2523 quo·

154 2523 253 2564 dam
274 2521 405 2580 pollet
424 2520 550 2562 nullis
567 2520 882 2580 circumscripto
904 2524 1125 2568 limitibus.

205 2610 329 2649 Alloc.
352 2613 532 2646 Dlaxima
547 2611 715 2659 quidem,
740 2612 762 2647 9
779 2611 878 2657 junii
898 2614 1016 2659 1862,
1035 2628 1126 2665 pag,
1150 2618 1243 2655 454,

180 2698 299 2804 dXL.
334 2697 558 2739 Catholicae
589 2697 786 2739 Ecclesiae
823 2697 1016 2742 doctrina
1049 2701 1246 2744 humanae
1277 2704 1486 2748 societatis
1525 2706 1644 2748 bono
1674 2716 1716 2748 et
1749 2705 1987 2750 commodis

154 2777 176 2803 a
210 2772 416 2804 versatur.

204 2841 325 2894 Epist.
351 2844 497 2892 encycl.
526 2846 601 2891 Qui
617 2844 805 2892 pluribus,
825 2847 847 2882 9
866 2845 1087 2883 novembris
1108 2850 1226 2896 1846,
1241 2864 1332 2901 pag.
1357 2854 1448 2890 172.

205 2896 325 2935 Alloc.
355 2896 496 2945 Quibus
515 2901 750 2947 quantisque,
766 2899 815 2934 20
836 2898 965 2949 aprilis
983 2901 1097 2951 1849,
1120 2915 1211 2950 pag.
1236 2905 1326 2942 210.

211 2985 324 3026 XLI.
355 2984 475 3025 Civili
497 2985 694 3042 potestati
722 2984 789 3026 vel
819 2986 872 3026 ab
902 2985 1060 3028 infideli
1089 2987 1321 3046 imperante
1346 2993 1536 3034 exercitae
1571 2988 1774 3052 competit
1800 3002 1986 3052 potestas

152 3049 360 3091 indirecta
382 3048 575 3108 negativa
598 3050 641 3090 in
671 3065 813 3104 sacra3
840 3049 978 3092 eidem
1003 3053 1183 3110 proinde
1207 3057 1407 3113 competit
1431 3057 1591 3099 nedum
1605 3060 1673 3113 jus
1694 3057 1810 3117 quod
1832 3067 1985 3100 vocant

153 3123 398 3171 exequatur,
423 3113 497 3156 sed
518 3115 644 3156 etiam
663 3116 731 3171 jus
747 3115 1066 3172 appellationis,
1087 3133 1214 3175 quam
1233 3133 1479 3179 nuncupant
1493 3122 1544 3164 ab
1568 3123 1713 3164 abusu.

206 3196 295 3235 Litt.
315 3200 449 3248 Apost.
472 3199 538 3234 Ad
554 3200 789 3248 Apostolicae‚
811 3201 858 3237 22
877 3199 1024 3251 augusti
1044 3202 1160 3246 1851,
1181 3216 1274 3253 pag.
1297 3205 1387 3243 292.
