2135 3442
172 204 221 238 5513
883 202 1006 236 BREF
1036 201 1100 235 DE
1131 200 1209 235 PIE
1238 201 1301 236 vl.

230 289 328 330 Non
351 287 417 329 hic
434 287 682 336 inficiamur,
710 303 846 344 neque
868 288 1024 328 mirum
1041 286 1237 342 cuiquam
1257 284 1464 332 videatur,
1487 281 1600 340 apud
1621 281 1782 338 aliquos
1799 283 2015 340 regulares

171 351 450 395 remissiorem
483 351 726 409 aliquando,
760 351 1153 410 languidiorcmque
1173 348 1372 391 effectum
1402 363 1489 389 esse
1513 362 1635 404 posse
1657 362 1828 387 suorum
1849 348 2015 389 institu-

170 430 310 460 torum
338 417 544 476 spiritum,
577 433 712 474 neque
742 417 966 474 pristinum
999 414 1226 471 disciplinae
1262 413 1314 453 ab
1342 412 1392 453 iis
1416 413 1669 470 praescriptae
1697 411 1882 469 rigorem
1913 414 2014 454 reti-

167 484 275 524 neri.
299 485 354 524 At
378 494 601 540 propterea
625 499 675 523 ne
697 482 896 523 abolendi
915 482 971 522 illi
993 491 1089 521 sunt
1112 479 1311 520 ordines?
1330 477 1538 518 Audiatur
1562 477 1670 518 hanc
1689 477 1742 517 ad
1767 492 1872 527 rem,
1899 479 2014 534 quod

169 548 212 588 in
235 547 414 588 concilio
438 548 663 588 Basileensi
695 547 851 602 objecit
875 546 1000 586 Petro
1028 546 1188 601 Rayne,
1218 542 1430 599 regulares
1459 541 1737 600 oppugnanti,
1761 542 1942 583 Joannes
1961 542 2015 585 de

167 612 377 654 Polemar.
407 614 489 653 Iste
511 614 684 653 minime
708 612 878 670 quidem
908 611 1076 669 negavit
1099 609 1321 650 invaluisse
1349 608 1487 665 aliqua
1510 608 1619 649 inter
1643 607 1853 665 regulares
1875 607 2014 648 refor-

167 677 354 718 matione
388 677 514 734 digna
538 696 546 719 ε
574 677 676 718 illud
706 689 846 718 tamen
879 676 1085 732 adjunxit,
1113 674 1242 731 quod,
1277 696 1292 709 «
1322 672 1420 714 licet
1447 674 1491 714 in
1519 674 1724 731 religiosis
1752 672 1883 713 multa
1912 673 2011 723 sint,

171 763 186 776 ·‹
225 742 306 782 hoc
322 753 528 797 tempore,
550 758 642 799 quse
668 741 967 782 reformatione
989 738 1196 796 indigent,
1224 737 1329 778 sicut
1347 748 1389 778 et
1408 738 1449 778 in
1468 738 1624 778 caeteris
1641 737 1842 789 statibu53
1869 747 2015 778 tamen

172 827 189 841 «
226 805 501 846 nihilominus
527 807 703 847 multum
726 805 965 846 illuminant
985 801 1213 844 Ecclesiam
1242 801 1629 859 praedicationibus,
1655 813 1696 843 et
1721 800 1952 854 doctrini53
1975 812 2015 842 et

170 891 186 905 «
225 886 351 911 nemo
374 871 559 928 prudens
580 872 623 912 in
644 870 873 928 caliginoso
894 869 989 909 loco
1013 869 1208 917 existens,
1230 867 1445 908 lucernam
1468 867 1676 924 extinguit
1698 883 1785 907 non
1807 867 1918 908 bene
1936 866 2015 907 sibi

170 955 186 969 u
225 933 462 987 lucentem,
493 936 566 976 sed
603 935 831 975 habentem
872 949 1058 982 succum,
1087 948 1159 973 seu
1196 931 1423 981 schoriam,
1458 942 1576 972 curat
1610 942 1770 988 aptare,
1801 947 1883 988 quo
1918 946 2014 971 me—

170 1020 185 1033 «
224 998 303 1039 lius
327 1010 479 1056 potest.
513 1000 623 1040 Nam
656 999 804 1039 melius
834 1008 909 1047 cst,
938 996 1054 1053 quod
1088 995 1397 1053 aliquantulum
1430 994 1596 1036 turbide
1636 995 1789 1047 luceat,
1819 1011 1943 1052 quam
1980 995 2013 1036 si

170 1085 185 1098 «
214 1064 378 1119 penitus
411 1074 516 1104 essct·
551 1062 781 1104 extincta¹.
807 1084 823 1097 »
858 1064 964 1115 Quae
1000 1062 1124 1119 plane
1160 1061 1366 1102 sententia
1404 1061 1457 1101 ab
1496 1060 1574 1101 alia
1614 1060 1848 1114 derivatur,
1886 1075 2012 1116 quam

164 1127 205 1167 S.
229 1128 487 1184 Augustinus
509 1139 626 1168 tanto
642 1138 738 1168 ante
758 1127 1009 1183 protulerat,
1030 1125 1258 1166 nimirum²
1275 1143 1313 1166 :«
1331 1124 1550 1182 Numquid
1566 1124 1665 1166 ideo
1681 1124 1933 1183 negligenda
1954 1135 2014 1166 est

169 1213 185 1227 «
221 1190 447 1242 medicina,
474 1193 571 1249 quia
594 1191 895 1232 nonnullorum
913 1189 1157 1231 insanabilis
1175 1201 1236 1232 est
1253 1190 1517 1248 pestilentia?
1541 1211 1558 1226 »

223 1257 490 1313 Quapropter
507 1257 766 1314 regularium
783 1255 956 1297 abolitio
970 1271 992 1296 a
1008 1267 1220 1297 conventu
1235 1255 1439 1296 nationali
1452 1255 1699 1313 plaudente,
1714 1255 2011 1297 haereticorum

165 1323 415 1362 commentis
435 1322 619 1375 decreta,
643 1322 759 1363 laedit
776 1333 931 1363 statum
950 1322 1130 1379 publicae
1152 1320 1426 1380 professionis
1445 1321 1717 1362 consiliorum
1740 1319 2009 1378 evangelico⁴

165 1399 283 1437 rum,
307 1385 422 1426 laedit
445 1387 616 1428 vivendi
648 1388 855 1428 rationem
886 1387 929 1427 in
960 1387 1148 1428 Ecclesia
1173 1385 1518 1429 commendatam
1538 1397 1741 1443 tanquam
1769 1385 2012 1443 apostolicae

165 1448 367 1491 doctrinae
388 1464 741 1503 consentaneamg
766 1452 879 1492 laedit
899 1451 1010 1509 ipsos
1032 1452 1216 1509 insignes
1239 1450 1500 1500 fundatores,
1529 1466 1635 1507 quos
1659 1466 1783 1508 super
1812 1450 2013 1490 altaribus

165 1530 430 1565 veneramur,
459 1515 531 1572 qui
558 1532 643 1557 non
671 1516 746 1557 nisi
766 1533 789 1557 a
812 1518 903 1557 Deo
932 1515 1120 1573 inspirati
1152 1532 1220 1557 eas
1240 1515 1511 1557 instituerunt
1533 1516 1766 1556 societates.
1796 1514 1879 1555 Sed
1902 1514 2013 1555 ulte-

167 1579 250 1618 rius
276 1580 401 1619 etiam
428 1581 697 1638 progreditur
720 1592 955 1622 conventus
979 1580 1221 1631 nationalis,
1250 1581 1474 1636 statuitque
1506 1579 1547 1620 in
1581 1580 1752 1621 decreto
1777 1579 1844 1621 die
1871 1584 1923 1621 13
1947 1579 2012 1621 fe·-

165 1642 324 1683 hrum-ii
364 1649 474 1684 1790
501 1659 575 1684 :se
609 1660 877 1700 nequaquam
913 1659 1215 1700 recognoscere
1250 1644 1453 1684 solemnia
1486 1645 1782 1701 religiosorum
1812 1654 1935 1695 vota,
1973 1655 2015 1685 et

165 1719 470 1763 consequenter
492 1709 679 1750 declarat
702 1709 873 1750 ordines
891 1720 931 1750 et
953 1710 1304 1766 congregationes
1324 1709 1537 1766 regulares
1561 1710 1603 1749 in
1625 1709 1778 1766 quibus
1798 1708 1868 1749 illa
1893 1709 2014 1749 emit-

166 1782 326 1822 tuntur,
347 1788 585 1829 suppressus
609 1789 694 1815 esse
718 1775 759 1814 in
785 1774 936 1825 Gallia,
964 1785 1004 1815 et
1033 1789 1272 1830 suppressas
1292 1790 1528 1826 remanere,
1549 1790 1689 1830 neque
1710 1789 1900 1830 unquam
1922 1789 2012 1814 res-

165 1835 257 1876 titui
289 1837 332 1876 in
356 1848 573 1893 posterum
603 1853 740 1894 posse.
768 1838 898 1890 Quod
923 1837 1025 1894 quid
1047 1848 1109 1878 est
1131 1837 1245 1877 aliud
1270 1854 1396 1894 quam
1428 1853 1578 1879 manus
1599 1839 1763 1879 inwota
1785 1839 1945 1893 majora
1966 1853 2013 1879 ac

164 1912 365 1957 perpetua
385 1901 625 1953 immittere,
647 1917 779 1958 eaque
797 1901 983 1955 abolere,
1007 1917 1098 1958 quae
1122 1901 1423 1942 tautummodo
1454 1901 1508 1942 ad
1535 1902 1796 1960 pontificiam
1822 1913 2013 1959 spectant

166 1965 489 2005 auctoritatem?
506 1966 615 2005 Vota
644 1966 757 2006 euim
789 1967 964 2021 majora,
987 1966 1123 2022 inquit
1149 1966 1191 2006 S.
1221 1966 1407 2006 Thomas
1424 1966 1453 2016 ³,
1492 1978 1590 2023 puta
1620 1966 1904 2016 continentiae,
1929 1977 2008 2008 etc.

166 2029 338 2070 Summo
363 2029 556 2071 Pontifici
584 2042 864 2072 reservantur.
893 2032 1084 2087 Cumque
1110 2041 1258 2087 agatur
1280 2030 1332 2071 de
1353 2030 1630 2087 promissione
1655 2033 1747 2072 Deo
1768 2030 2014 2073 solemniter

165 2093 284 2150 facta
305 2095 364 2134 acl
385 2104 570 2135 nostrcmz
592 2095 833 2145 utiIitatem,
858 2095 954 2135 ideo
976 2095 1018 2135 in
1042 2095 1191 2152 psalm.
1216 2098 1287 2146 75,
1315 2111 1424 2136 xers.
1458 2102 1524 2145 1-2,
1549 2095 1699 2152 legitur
1726 2114 1734 2137 t
1757 2096 1949 2137 «Vovete
1970 2107 2012 2137 et

171 2178 186 2192 ι(
225 2157 386 2199 reddite
403 2160 586 2200 Domino
609 2161 700 2200 Deo
725 2171 887 2213 vestro,
920 2181 936 2196 »
960 2161 1058 2200 etin
1080 2160 1331 2200 Ecclesiaste
1349 2159 1360 2179 ‘¹
1384 2177 1391 2200 :
1428 2181 1442 2195 ι(
1471 2161 1513 2202 Si
1537 2160 1638 2217 quid
1655 2160 1805 2201 vovisti
1824 2161 1931 2212 Deo,
1957 2176 2011 2201 ne

173 2243 189 2256 κ
224 2223 400 2263 moreris
420 2223 618 2277 reddere,
643 2223 834 2281 displicet
857 2225 970 2265 enim
993 2227 1030 2266 ci
1056 2223 1236 2265 infidelis
1260 2236 1300 2265 et
1324 2236 1477 2266 statuta
1508 2227 1748 2282 promissio,
1768 2224 1840 2265 sed
1868 2225 2008 2282 quod-

171 2307 186 2320 «
225 2301 406 2343 cumque
424 2290 602 2340 voveris,
622 2288 771 2330 redde.
801 2309 815 2324 »

226 2485 450 2535 Praeterea,
483 2501 579 2526 cum
600 2488 690 2544 ipse
723 2489 848 2528 ctiam
870 2489 1065 2529 Summus
1086 2486 1283 2528 Pontifex
1310 2486 1593 2544 peculiaribus
1619 2503 1698 2544 pro
1720 2499 1912 2546 tempore
1942 2491 2010 2530 in-

167 2548 316 2589 ductus
338 2549 587 2599 rationibuS,
618 2553 827 2593 existimet
850 2552 1170 2593 concedendam
1194 2568 1217 2592 a
1240 2568 1282 2592 sc
1307 2567 1396 2592 esse
1421 2552 1674 2592 solemnium
1699 2565 1895 2595 votorum
1919 2555 2008 2596 dis-

166 2615 469 2670 pensationem,
492 2617 533 2655 in
558 2614 758 2673 idipsum,
788 2633 875 2657 non
896 2633 946 2658 ex
970 2616 1188 2674 potestatis
1211 2632 1294 2656 suae
1315 2617 1509 2669 arbitrio,
1535 2618 1609 2658 scd
1638 2634 1713 2675 per
1737 2619 1912 2661 modum
1932 2619 2008 2662 de-

167 2677 403 2719 clarationis
426 2679 632 2736 procedit.
662 2682 810 2736 Neque
839 2682 992 2721 mirum
1020 2681 1087 2721 hic
1112 2681 1245 2721 videri
1280 2681 1406 2721 debet
1439 2682 1664 2723 Lutlzerum
1692 2684 1883 2725 docuisse
1916 2695 2007 2726 vota

166 2758 248 2782 uon
277 2743 453 2784 reddere
479 2745 660 2785 Domino
687 2747 773 2786 Deo
798 2762 889 2794 suo,
916 2761 1011 2786 cum
1032 2747 1120 2803 ipse
1143 2745 1265 2785 fuerit
1287 2757 1491 2802 apostata,
1515 2758 1555 2787 et
1583 2747 1794 2805 religionis
1820 2765 1904 2790 suae
1930 2750 2006 2790 de-

166 2818 313 2849 sertor.
335 2809 391 2847 At
414 2820 458 2849 ut
475 2810 560 2866 ipsa
582 2822 815 2851 conventus
840 2811 1063 2851 nationalis
1079 2809 1402 2860 consultissima,
1428 2823 1472 2852 ut
1489 2812 1565 2852 sibi
1584 2812 1794 2864 ridentur,
1815 2815 2007 2855 membra

165 2873 551 2929 reprehensionem,
595 2876 1051 2931 exprobrationemque
1086 2874 1334 2932 effugerent,
1379 2891 1505 2931 quam
1537 2893 1585 2917 cx
1622 2890 1686 2918 tot
1720 2879 2005 2937 dispersorum

168 2936 461 2994 religiosorum
484 2950 708 2995 conspectu
734 2938 777 2978 in
806 2955 891 2979 sese
924 2939 1202 2980 obventurum
1227 2941 1535 2996 agnoscebant,
1561 2942 1710 2984 iisdem
1733 2960 1816 2985 suae
1841 2943 2004 3001 profes-

166 3001 293 3042 sionis
311 3002 503 3042 habitum
521 3003 783 3058 ademerunt,
806 3019 859 3043 nc
881 3003 965 3043 ulla
983 3015 1219 3044 remaneret
1241 3004 1441 3060 pi··.rteriti
1468 3017 1610 3056 status,
1640 3024 1663 3048 a
1688 3025 1770 3065 quo
1793 3008 2005 3050 deturbati

216 3118 248 3148 1.
276 3114 318 3146 In
338 3115 470 3148 collect.
494 3115 626 3156 Labbe,
644 3123 730 3148 tom.
752 3116 872 3155 XVII,
892 3127 971 3160 pag.
995 3118 1096 3150 1231.

214 3164 246 3195 2.
275 3161 385 3207 Epist.
405 3165 464 3203 93,
483 3170 522 3194 11⁰
542 3166 574 3204 3,
598 3171 669 3195 tom
692 3163 741 3202 ΙΙ,
760 3175 859 3207 oper.
880 3174 960 3208 pag.
982 3165 1062 3207 231,
1084 3161 1156 3195 edit
1174 3162 1328 3199 Maurin,

215 3211 248 3241 3.
272 3209 302 3249 Ι,
327 3212 360 3249 2,
378 3217 489 3253 quest.
511 3212 570 3249 88,
592 3217 655 3244 art.
679 3212 734 3254 12,
753 3209 788 3242 in
806 3210 869 3246 fin.

217 3258 248 3288 [ι.
278 3256 362 3301 Cap.
382 3269 417 3302 v,
439 3268 525 3291 vers.
549 3259 583 3291 3.
