2135 3442
159 215 208 252 86
870 210 997 246 BREF
1025 211 1090 244 DE
1119 210 1198 245 PIE
1226 209 1291 245 VJ.

159 297 343 340 adducta
363 295 694 337 conventionum
720 293 872 336 causa?
897 293 1061 336 Scilicet
1081 308 1210 351 penes
1225 291 1486 332 nationalem
1514 302 1771 333 conventum
1801 291 1882 333 illae
1908 307 2006 334 cum

157 360 489 421 protestantibus
514 359 816 401 conventiones
844 359 1090 410 valuerunt,
1115 356 1354 398 sanctiones
1379 371 1480 397 vero
1504 356 1735 407 canonicae,
1766 368 2006 414 sanctaeque

157 428 283 484 hujus
305 425 424 468 Sedis
442 441 539 467 cum
570 440 669 483 rege
690 424 913 466 Francisco
939 424 957 464 I
987 434 1106 480 pacta
1137 437 1225 462 non
1254 420 1500 473 valuerunt3
1526 420 1764 478 placuitque
1789 420 1869 462 illis
1891 421 1936 462 in
1956 437 2005 463 ea

158 507 203 533 re
222 490 462 549 gratificari,
484 490 526 531 in
551 506 634 547 qua
662 489 741 530 Dei
758 487 1039 530 sacerdotium
1064 485 1406 544 dispertiebatur.
1436 485 1519 527 Sed
1542 486 1635 544 quis
1658 502 1746 527 non
1776 485 1900 529 facile
1935 486 2004 527 in-

159 556 335 614 telligat,
360 555 403 596 in
422 556 501 596 hac
527 556 741 596 bonorum
765 552 1145 595 ecclesiasticorum
1174 550 1469 608 occupatione,
1494 551 1603 592 inter
1625 561 1766 592 cetera
1798 550 1843 591 in
1863 550 2007 592 animo

157 620 322 674 haberi,
345 620 607 677 spectarique
636 630 683 660 ut
701 634 816 660 sacra
838 618 1114 676 profanentur
1142 615 1316 672 templa,
1348 626 1396 656 ut
1415 615 1611 657 Ecclesiae
1640 614 1819 657 ministri
1845 615 1889 656 in
1909 631 2006 657 om-

159 685 279 727 nium
312 696 604 741 contemptum
631 683 910 733 adducantur,
943 692 1070 738 utque
1102 680 1171 721 alii
1204 680 1484 737 imposterum
1511 697 1534 721 a
1561 692 1672 722 sorte
1695 679 1869 722 Domini
1896 679 2006 721 deli-

159 749 296 808 genda
318 748 638 790 deterreantur?
657 748 726 788 vix
749 749 862 788 enim
886 761 934 787 ea
954 744 1149 802 usurpari
1170 745 1286 785 bona
1309 755 1541 802 coeperant,
1566 761 1663 787 cum
1699 744 1842 786 statim
1869 743 2005 786 divini

159 814 295 856 cultus
332 813 507 854 abolitio
535 823 766 854 consecuta
793 822 869 863 est,
900 811 1067 852 occlusa
1101 808 1273 866 templa,
1307 825 1434 851 sacrae
1461 810 1738 867 supellectiles
1768 820 1938 862 amotae,
1967 819 2009 850 et

160 893 318 920 cessare
329 881 467 933 jussus
487 878 530 918 in
552 877 734 918 ecclesiis
752 875 992 917 divinorum
1014 873 1252 915 officiorum
1269 885 1435 916 cantus.
1458 876 1671 916 Hactenus
1689 873 1875 933 gloriari
1891 873 2012 932 potui

159 943 296 985 Gallia
309 945 395 998 jam
417 945 475 983 Vl
493 943 643 983 saeeulo
666 957 795 1000 penes
817 957 859 982 se
881 939 1123 981 introducta
1153 938 1406 981 clericorum
1434 938 1622 981 floruisse
1643 939 1897 982 secularium
1917 938 2007 980 col-

156 1007 283 1065 legia,
306 1023 378 1048 seu
395 1007 591 1064 capitula,
618 1018 664 1047 ut
686 1006 832 1046 videre
858 1016 918 1046 est
935 1004 1049 1062 apud
1072 1003 1327 1062 Gregorium
1353 1006 1646 1046 Turonensem
1665 1004 1697 1056 ¹,
1732 1015 1932 1063 patetque
1954 1020 2007 1046 ex

159 1073 251 1114 aliis
269 1072 558 1114 monumentis
576 1087 668 1128 quae
689 1087 711 1111 a
739 1070 992 1111 Mabillonio
1024 1071 1068 1110 in
1099 1081 1231 1110 veter.
1262 1070 1456 1111 Analect.
1493 1069 1766 1112 adducuntur
1784 1069 1818 1122 ²,
1840 1080 1965 1127 atque
1985 1086 2008 1111 a

159 1137 349 1179 Concilio
376 1138 437 1178 ΙΙΙ
460 1135 755 1177 Aurelianensi
786 1134 934 1176 habito
963 1150 1076 1176 anno
1109 1137 1192 1176 538
1213 1133 1253 1189 ³3
1293 1135 1368 1176 sed
1400 1135 1533 1176 modo
1564 1135 1730 1194 cogitur
1758 1133 1895 1177 Gallia
1920 1134 2010 1191 ipsa

158 1218 306 1244 eorum
327 1200 481 1243 deflere
502 1201 779 1242 abolitionem
802 1200 910 1241 adeo
938 1198 1111 1255 injuste,
1140 1210 1265 1256 atque
1288 1199 1461 1257 indigne
1492 1200 1537 1241 in
1569 1199 1774 1241 nationali
1798 1209 2011 1240 conventu

160 1267 389 1309 decretam.
413 1267 513 1306 Erat
532 1267 746 1323 praecipua
770 1264 1074 1306 canonicorum
1106 1264 1328 1322 occupatio
1362 1264 1525 1306 divinas
1553 1264 1717 1317 laudes,
1753 1263 1947 1321 quotidie
1965 1263 2010 1304 in

159 1331 342 1373 ecclesiis
369 1330 579 1381 canendo,
615 1329 876 1385 conjunctim
904 1329 1169 1387 persolvere,
1201 1340 1249 1370 ut
1278 1330 1462 1371 habetur
1492 1329 1536 1370 in
1560 1329 1668 1371 Vitis
1699 1328 2010 1386 Episcoporum

158 1397 413 1438 Metentium
431 1395 443 1416 ‘⁴
468 1394 583 1453 apud
602 1395 781 1435 Paulum
800 1395 1055 1445 Diaconum,
1079 1394 1154 1434 ubi
1178 1394 1329 1451 legitur
1351 1410 1359 1435 :
1385 1415 1402 1431 «
1427 1394 1660 1452 Episcopus
1674 1392 2010 1451 Chrodegandus

162 1481 180 1498 «
205 1460 365 1501 clerum
404 1459 672 1501 abundanter
704 1460 796 1516 lege
832 1459 991 1512 divina,
1021 1475 1283 1515 romanaque
1311 1459 1525 1500 imbutum
1554 1459 1784 1509 cantilena,
1825 1473 2007 1507 morem,

166 1546 184 1562 «
210 1535 338 1581 atque
352 1525 551 1566 ordinem
568 1540 756 1565 romanae
774 1524 973 1565 Ecclesiae
1000 1540 1165 1565 servare
1184 1524 1393 1582 praecipit.
1422 1545 1439 1559 »
1466 1526 1574 1565 Cum
1594 1524 1826 1582 imperator
1839 1522 2014 1564 Carolus

159 1605 337 1647 magnus
361 1590 413 1630 ad
434 1589 673 1630 Adrianum
692 1590 711 1629 I
732 1588 1031 1630 transmisisset
1052 1605 1158 1646 opus
1176 1590 1239 1629 De
1256 1606 1346 1629 sac.
1367 1595 1564 1647 imagin„
1583 1600 1629 1630 ut
1645 1590 1697 1629 ab
1716 1588 1806 1646 ipso
1830 1587 2014 1629 examini

161 1654 455 1710 subjiceretur,
480 1656 560 1695 hae
585 1653 904 1711 opportunitate
928 1653 1125 1694 Pontifex
1148 1653 1287 1710 ipsum
1309 1655 1504 1694 hortatus
1524 1664 1601 1705 est,
1629 1664 1674 1694 ut
1694 1653 1839 1710 plures
1861 1652 2014 1695 Gallia-

160 1734 255 1759 rum
266 1718 476 1771 Ecclesia‘,
497 1735 588 1775 quae
604 1718 820 1775 quondam
832 1717 1088 1774 Apostolicae
1105 1717 1227 1758 Sedis
1242 1717 1516 1759 traditionem
1532 1717 1575 1758 in
1586 1717 1807 1775 psallendo
1826 1716 2016 1775 recipere

160 1784 426 1833 recusabant,
451 1799 545 1824 eam
565 1799 662 1824 cum
683 1781 800 1824 omni
820 1782 1039 1839 diligentia
1062 1782 1434 1839 amplecterentur,
1460 1794 1507 1823 ut
1526 1782 1592 1823 cui
1616 1782 1884 1824 adhaeserant
1915 1780 2014 1823 fidei

161 1864 358 1898 munere,
401 1848 668 1889 adhaererent,
697 1864 864 1905 quoque
898 1847 1106 1904 psallendi
1141 1847 1310 1888 ordine.
1351 1848 1493 1888 Verba
1529 1848 1670 1888 Caroli
1703 1847 1846 1906 magni
1887 1846 2015 1906 longa

163 1912 430 1954 enarratione
452 1912 535 1969 legi
556 1924 730 1969 possunt
745 1912 859 1969 apud
878 1912 1037 1969 Georg.
1059 1911 1112 1952 dc
1134 1911 1319 1969 litturgia
1340 1911 1524 1953 Romani
1547 1911 1783 1953 Pontificis⁵
1797 1944 1805 1952 .
1831 1910 2016 1953 Ulterius

163 1976 277 2018 idem
298 1978 528 2034 imperator
547 1977 694 2026 voluit,
728 1978 837 2017 utin
858 1975 1119 2018 monasterio
1146 1976 1391 2017 Centulensi
1420 1976 1709 2018 institueretur
1737 1975 1882 2017 schola
1911 1991 2015 2018 can-

163 2052 305 2083 torum
331 2042 385 2082 ad
406 2040 536 2082 instar
559 2041 670 2082 illius
705 2057 832 2099 quam
861 2043 1010 2083 Romae
1042 2040 1224 2082 instituit
1246 2041 1288 2082 S.
1322 2042 1552 2099 Gregorius
1574 2057 1774 2099 magnus,
1810 2040 1854 2081 in
1881 2048 2016 2097 eaque

164 2117 334 2147 centum
356 2105 479 2163 pueri
510 2106 738 2157 alerentur,
766 2106 838 2162 qui
872 2122 947 2163 per
970 2116 1055 2146 tres
1086 2106 1238 2146 choros
1274 2104 1394 2146 divisi
1430 2105 1649 2146 monachis
1688 2104 1938 2146 inservirent
1972 2104 2016 2145 in

165 2170 367 2211 auxilium
405 2170 611 2227 psallendi
654 2182 696 2212 et
735 2170 939 2211 cantandi
964 2169 996 2210 ὅ.
1040 2171 1094 2210 Et
1130 2181 1337 2211 consonat
1374 2171 1492 2228 quod
1534 2181 1728 2212 recenter
1752 2169 2016 2212 confirmavit

167 2234 454 2276 Colomamms
491 2235 657 2292 Smefll,
684 2237 918 2276 monachus
943 2234 1289 2276 bibliothecarius
1310 2236 1354 2276 in
1385 2236 1645 2277 monasterio
1678 2236 1721 2276 S.
1756 2234 2015 2276 Emmerami

165 2299 423 2351 Ratisbonae,
438 2299 480 2339 in
501 2299 709 2340 dissertat.
728 2300 880 2356 (Nobis
901 2299 1054 2355 dicata)
1073 2298 1119 2340 in
1138 2315 1326 2350 aureum,
1351 2316 1399 2341 ac
1416 2310 1702 2357 pervetustum
1725 2300 1796 2340 SS.
1818 2300 2013 2358 Evange-

166 2364 320 2405 liorum
350 2364 541 2405 codicem
562 2380 662 2405 mss.
690 2364 877 2420 ejusdem
900 2364 1147 2406 monasterii
1167 2363 1202 2405 ⁷.
1243 2385 1259 2401 «
1287 2364 1501 2422 Principio
1530 2364 1574 2404 id
1599 2363 1782 2404 maxime
1811 2374 2014 2405 curarunt

171 2450 188 2465 «
217 2428 439 2479 Gallicani,
463 2428 724 2485 Hispanique
749 2428 963 2487 Episcopi,
991 2439 1035 2470 ut
1060 2428 1104 2469 in
1131 2428 1275 2485 quavis
1303 2428 1520 2486 provincia
1540 2427 1763 2469 uniformis
1783 2428 1825 2468 in
1856 2427 2011 2470 divinis

171 2514 188 2530 «
217 2493 364 2534 officiis
390 2493 493 2534 ritus
516 2505 749 2534 servaretur
771 2512 780 2534 :
809 2505 977 2535 exstant
995 2493 1109 2535 varia
1136 2494 1216 2535 hac
1244 2494 1296 2535 de
1328 2510 1372 2535 re
1406 2493 1573 2534 decreta
1599 2493 1712 2550 apud
1736 2493 1896 2544 Gallos,
1921 2505 2012 2535 tum

170 2579 188 2595 «ι
218 2557 331 2615 apud
352 2558 565 2615 Hispanos
592 2575 600 2598 :
629 2558 802 2616 insignis
822 2570 885 2599 est
910 2557 1114 2615 imprimis
1131 2557 1377 2600 constitutio
1399 2557 1594 2599 Toletani
1622 2558 1799 2600 Concilii
1829 2560 1887 2600 IV
1912 2559 2008 2615 (ha-

171 2644 189 2660 ν.
216 2621 296 2663 biti
319 2638 431 2663 anno
459 2622 559 2677 531)
588 2623 704 2677 cujus
731 2623 888 2675 Patres,
918 2633 1015 2680 post
1039 2623 1277 2680 expositam
1302 2622 1552 2663 catholicam
1584 2621 1726 2673 fidem,
1762 2623 1867 2668 nihil
1897 2625 2010 2665 anti-

172 2710 190 2725 «
218 2687 342 2744 quius
380 2686 638 2735 habuerunt,
681 2702 810 2742 quam
855 2697 902 2728 ut
939 2685 1199 2727 uniformem
1244 2686 1453 2743 psallendi
1501 2686 1677 2728 modum
1723 2688 2006 2730 adstruerent.

170 2772 187 2788 «
215 2753 379 2792 Canon.
403 2756 445 2791 2.
476 2771 494 2786 >›
515 2752 577 2791 Ita
605 2751 825 2806 antiquum
849 2750 1091 2805 hujusmodi
1115 2750 1241 2791 ritum
1266 2750 1423 2792 indicat
1443 2752 1716 2794 Mabillonius
1736 2754 1777 2794 in
1805 2751 2009 2811 disquisi-

169 2817 282 2858 tione
307 2816 359 2856 de
384 2827 509 2856 cantu
526 2815 734 2872 gallicano
757 2814 789 2855 ⁸.

276 2948 366 2983 Hist.
382 2948 567 2987 Francor„
589 2948 651 2981 lib.
671 2948 718 2987 X,
736 2948 757 2992 S
776 2950 831 2987 16,
851 2959 931 2992 pag.
952 2950 1034 2982 535.

278 2997 360 3040 Pag.
380 2998 462 3031 259.
483 2996 592 3028 Paris.
615 2997 717 3028 1722.

277 3043 415 3077 Canon.
436 3046 493 3083 11,
509 3054 590 3087 pen.
610 3041 741 3082 Labbe,
758 3050 846 3076 tom.
865 3042 912 3079 Y,
932 3041 1074 3082 concil„
1093 3054 1171 3086 pag.
1193 3045 1294 3078 1277.

276 3091 381 3126 Tom.
404 3089 507 3130 XIII,
526 3089 697 3123 Biblioth.
714 3089 783 3123 ΡΡ.
801 3087 885 3122 edit.
905 3088 1034 3133 Lugd„
1054 3101 1090 3134 p.
1109 3092 1189 3124 321.

276 3138 382 3171 Tom.
401 3137 450 3178 II,
472 3135 641 3171 dissertat.
671 3139 702 3180 1,
725 3148 802 3181 cap.
817 3147 884 3175 vn,
904 3135 925 3180 S
944 3138 978 3170 6.

278 3184 407 3229 Georg.
431 3185 510 3216 loco
530 3183 604 3224 cit„
624 3182 647 3228 S
670 3186 702 3217 7.

278 3232 370 3266 Part.
389 3232 419 3272 I,
437 3230 665 3263 Praeliminar.
687 3230 709 3275 S
731 3232 765 3270 1,
782 3237 873 3275 part.
897 3233 917 3264 3
935 3238 967 3263 et
984 3233 1018 3264 [ι.

242 3304 249 3313 .
278 3279 317 3310 In
338 3279 430 3312 calce
445 3291 513 3311 suae
533 3277 647 3322 gallic.
668 3277 857 3322 Liturg.‚S
879 3280 913 3318 5,
934 3285 975 3310 n⁰
996 3279 1052 3318 49,
1074 3289 1152 3324 pag.
1175 3279 1256 3318 418,
1276 3277 1358 3311 edit.
1379 3278 1503 3320 Paris„
1529 3282 1630 3314 17:29.

213 2953 250 3313 weverae?
