2135 3442
117 205 166 240 20
368 194 679 242 ENCYCLIQUE
707 193 773 228 DE
800 190 847 226 N.
876 190 919 225 T.
951 189 989 225 S.
1021 187 1065 222 P.
1094 184 1156 221 LE
1185 183 1308 220 PAPE
1337 183 1416 219 PIE
1443 181 1516 217 IX.
1575 179 1694 216 1864.

118 287 294 332 Antonii
323 284 530 332 Giinther,
559 280 628 339 qui
661 280 915 321 damnantur
941 275 984 315 in
1014 270 1149 330 Epist.
1185 270 1241 312 ad
1273 269 1402 312 Card.
1432 266 1630 324 Archiep.
1656 264 1956 306 Coloniensem

117 355 337 395 Eximiam
359 360 488 402 tuam,
505 350 556 390 15
579 344 688 402 junii
711 346 961 398 1857‚pag.
985 339 1086 386 394,
1111 334 1213 378 etin
1230 334 1366 392 Epist.
1397 332 1450 374 ad
1469 332 1609 390 Episc.
1631 329 1956 372 wratislavien-

119 434 206 460 sem
224 416 383 458 Dolore
402 412 518 455 haud
538 410 756 458 mediocri,
777 410 831 448 30
852 401 993 462 aprilis
1016 404 1146 453 1860,
1160 415 1269 457 pag.
1295 402 1399 442 410.

966 550 991 609 g
1026 549 1103 593 111.

609 643 708 685 Indi
710 641 1011 698 fferentismus,
1034 634 1457 676 Latitudinarz‘smus.

181 745 276 786 XV.
310 742 508 783 Liberum
540 737 689 794 cuique
726 732 886 776 homini
923 741 983 773 est
1019 744 1115 771 eam
1142 725 1339 786 amplecti
1370 742 1418 768 ac
1453 723 1641 784 profiteri
1678 722 1954 781 religionem,

122 825 247 867 quam
270 807 442 849 rationis
463 803 622 845 lumine
644 800 734 858 quis
751 799 901 840 ductus
922 810 1066 838 veram
1085 793 1313 852 putaverit.

173 887 265 923 Litt.
287 888 420 935 Apost.
442 883 675 927 lllultiplices
693 879 803 923 inter,
827 876 876 912 <10
893 872 993 920 junii
1011 873 1127 917 1851,
1150 883 1242 919 pag.
1262 871 1354 907 ⁶286.

176 938 296 975 Alloc.
327 939 505 974 Maxima
523 934 687 982 quidem,
719 935 741 966 9
759 928 858 976 junii
876 927 979 965 1862
994 957 1004 973 ,
1022 938 1119 973 pag.
1145 926 1236 961 454.

181 1009 297 1049 XVI.
332 1004 536 1047 Homines
567 1002 610 1042 in
646 998 824 1055 cujusvis
862 995 1077 1054 religionis
1108 993 1224 1035 cultu
1252 992 1365 1034 viam
1397 1003 1563 1033 aeternae
1598 988 1741 1032 salutis
1776 988 1961 1046 reperire

125 1084 407 1127 aeternamque
431 1068 608 1109 salutem
629 1064 792 1120 assequi
812 1070 1006 1120 possunt.

177 1149 293 1198 Epist.
317 1146 463 1195 encycl,
488 1141 759 1192 Quipluribus‚
782 1143 804 1177 9
822 1136 1042 1176 novembris
1066 1136 1185 1185 1846,
1200 1148 1292 1183 pag.
1317 1136 1410 1172 172.

174 1201 297 1239 Alloc.
330 1199 402 1239 Ubi
414 1202 593 1247 primum,
619 1198 664 1231 17
684 1191 895 1230 decembris
915 1192 1033 1237 1847,
1050 1202 1143 1238 pag.
1164 1189 1258 1224 202.

177 1254 294 1304 Epist.
316 1250 461 1300 encycl.
481 1250 673 1298 Singulari
691 1247 856 1295 quidem,
877 1247 926 1281 17
948 1242 1075 1280 martii
1095 1242 1211 1289 1856,
1226 1253 1318 1289 pag.
1341 1241 1432 1277 362.

179 1330 314 1371 XVII.
349 1327 506 1369 Saltem
525 1326 637 1365 bene
666 1320 921 1380 sperandum
952 1329 1016 1360 est
1042 1317 1095 1359 de
1122 1327 1276 1358 aeterna
1302 1315 1474 1357 illorum
1495 1314 1688 1356 omnium
1710 1312 1861 1362 salute,
1891 1314 1963 1369 qui

122 1395 162 1435 in
183 1409 282 1435 vera
304 1390 457 1433 Christi
476 1387 659 1430 Ecclesia
681 1399 953 1442 nequaquam
969 1392 1204 1424 versantur.

173 1470 300 1508 Alloc.
328 1466 526 1516 Singulari
542 1465 722 1512 quadam,
739 1464 760 1497 9
780 1459 994 1497 decembris
1019 1461 1136 1502 1854,
1156 1471 1248 1506 pag.
1276 1459 1366 1501 334.

171 1523 293 1572 Epist.
311 1519 456 1569 encycl.
482 1522 629 1566 Quanto
651 1516 905 1563 confit-icimur,
929 1514 977 1549 <10
992 1510 1143 1562 augusti
1160 1512 1277 1557 1863,
1297 1524 1388 1560 pag.
1415 1511 1506 1547 476.

179 1596 338 1637 XVIII.
373 1590 744 1635 protestantismus
764 1604 851 1629 non
871 1586 986 1628 aliud
1006 1597 1068 1627 est
1086 1601 1215 1643 quam
1234 1584 1395 1626 diversa
1415 1601 1526 1626 verae
1550 1584 1738 1641 ejusdem
1756 1583 1961 1626 Christia-

121 1676 186 1702 nae
213 1658 424 1716 religionis
460 1657 609 1705 forma,
643 1654 686 1694 in
720 1668 800 1710 qua
826 1666 945 1708 aeque
971 1666 1019 1692 ac
1049 1650 1092 1691 in
1119 1649 1304 1691 Ecclesia
1330 1649 1536 1691 catholica
1563 1651 1654 1691 Deo
1685 1649 1854 1707 placere
1882 1647 1960 1690 da-

124 1737 212 1766 tum
236 1734 312 1764 est.

174 1799 292 1851 Epist.
319 1797 464 1847 encycl.
484 1798 612 1833 Nostis
627 1804 662 1831 et
674 1793 889 1840 Nobiscum,
906 1794 928 1829 8
948 1790 1158 1829 decembris
1178 1792 1297 1840 1849,
1314 1805 1405 1842 pag.
1432 1794 1523 1830 238.

964 1957 990 2016 ς
1031 1958 1109 2002 lv.

183 2061 478 2110 Socialismus,
509 2057 858 2106 communimus,
887 2055 1117 2096 Societates
1145 2054 1434 2107 clandestinae,
1458 2055 1688 2098 Societates
1715 2056 1894 2108 bibl-im,

708 2114 939 2156 Societates
965 2113 1364 2157 clerico-liberales.

182 2227 398 2285 Ejusmodi
432 2236 570 2284 pestes
605 2239 713 2282 saepe
749 2223 1079 2281 gravissimisque
1108 2224 1337 2266 verborum
1374 2224 1570 2267 formulis
1601 2225 1886 2284 reprobantur
1918 2229 1963 2269 in

124 2295 257 2353 Epist.
293 2292 452 2349 encycl.
479 2290 563 2346 Qui
587 2287 804 2346 pluribus,
833 2294 858 2330 9
890 2288 1091 2330 novemb.
1125 2291 1255 2339 1846,
1277 2305 1387 2347 pag.
1415 2295 1525 2344 1723
1552 2289 1595 2331 in
1633 2290 1771 2333 Alloc.
1801 2291 1965 2348 Quibus

125 2364 399 2417 quantisque,
441 2361 495 2398 20
530 2353 651 2412 april.
693 2354 821 2405 1849,
847 2369 956 2411 pag.
996 2358 1102 2405 2103
1151 2354 1196 2394 in
1233 2354 1368 2411 Epist.
1404 2355 1565 2413 encycl.
1611 2356 1760 2398 Nostis
1800 2366 1842 2397 et
1869 2357 1963 2398 No-

125 2423 298 2474 bz'scum,
331 2426 354 2463 8
387 2419 478 2461 dec.
518 2421 646 2469 1849,
671 2434 779 2475 pag.
818 2422 927 2471 2383
963 2417 1006 2458 in
1036 2417 1173 2460 Alloc.
1215 2418 1445 2476 Singulari
1476 2421 1678 2478 quadam,
1710 2425 1735 2463 9
1766 2420 1959 2464 decemb.

127 2491 255 2594 {gg}
281 2486 538 2591 pag.4}g4;
574 2482 617 2523 in
646 2481 778 2539 Epist.
804 2481 964 2539 eucycl.
994 2482 1161 2538 Quanto
1192 2483 1471 2539 conficiamut·
1493 2500 1685 2538 meet-ore,
1716 2491 1769 2528 10
1798 2486 1961 2545 augusti

249 2584 257 2602 ‚
271 2567 378 2608 pag.
435 2566 448 2589 s
494 2581 501 2589 .

983 2653 1009 2712 ᾗ
1043 2655 1100 2698 V.

607 2751 791 2792 Errores
813 2750 864 2791 de
884 2750 1081 2792 Ecclesia
1102 2754 1270 2813 ejusque
1284 2755 1472 2811 juribus.

182 2847 299 2890 XIX.
334 2845 519 2887 Ecclesia
539 2859 626 2885 non
647 2855 709 2885 est
727 2859 821 2885 vera
842 2843 1114 2902 perfectaque
1129 2847 1301 2888 societas
1320 2849 1443 2906 plane
1464 2849 1611 2901 libera,
1630 2865 1706 2891 nec
1724 2850 1856 2909 pollet
1875 2852 1959 2892 suis

122 2911 306 2971 propriis
326 2922 368 2952 et
387 2910 674 2952 constantibus
688 2908 851 2963 juribus
870 2908 949 2949 sibi
972 2925 995 2950 a
1016 2909 1157 2951 divino
1179 2926 1253 2952 suo
1275 2913 1517 2955 Fundatore
1541 2915 1716 2967 collatis,
1735 2914 1809 2956 sed
1827 2914 1958 2956 civilis

122 2976 340 3039 potestatis
361 2985 424 3016 est
444 2973 618 3015 definire
641 2988 733 3029 quae
756 2972 839 3014 sint
858 2972 1052 3014 Ecclesiae
1067 2976 1161 3030 jura
1182 2990 1230 3017 ac
1250 2975 1420 3029 limites,
1441 2978 1548 3020 intra
1570 2995 1678 3037 quos
1697 2978 1848 3022 eadem
1860 2980 1957 3034 jura

124 3055 317 3084 exercere
337 3049 479 3098 queat.

173 3117 298 3156 Alloc.
330 3119 526 3165 Singulari
540 3115 721 3164 quadam,
746 3115 768 3150 9
789 3112 1001 3151 decembris
1020 3117 1137 3161 1854,
1156 3129 1246 3166 pag.
1273 3119 1365 3155 334.

174 3171 297 3209 Alloc.
328 3172 467 3207 sslultis
480 3167 738 3218 gravibusque,
758 3168 805 3225 17
829 3165 1038 3225 decembris
1059 3170 1173 3213 1860,
1192 3184 1286 3220 pag,
1308 3173 1398 3210 424,

175 3223 298 3261 Alloc.
330 3225 512 3260 ssIaxima
532 3222 697 3271 quidem,
720 3222 741 3257 9
756 3219 854 3266 Jumi
874 3220 990 3269 1862,
1009 3234 1102 3271 pag.
1124 3225 1216 3261 454.
