2135 3442
183 154 258 190 330
795 149 1108 186 ALLOCUTION
1137 150 1202 185 DE
1230 149 1311 184 PIE
1340 148 1413 186 IX.

242 420 292 459 ln
314 428 431 458 tanta
453 428 594 458 autem
620 414 849 457 acerbitate
872 415 960 456 Nos
984 425 1146 456 recreat
1168 412 1387 471 singularis
1415 423 1506 453 tum
1530 414 1779 470 Bogotensis
1806 414 2026 473 Archiepi-

182 483 312 540 scopi,
334 493 424 523 tum
449 482 631 523 aliorum
651 480 760 521 illius
780 479 1038 536 Reipublicae
1056 480 1303 520 Antistitum
1325 478 1490 534 religiO,
1511 478 1659 535 pietas,
1688 494 1736 519 ac
1758 477 2026 522 sacerdotalis

181 547 387 590 fortitudo
421 558 462 589 et
485 546 735 588 constantia.
761 544 843 602 Ipsi
870 544 983 584 enim
1007 544 1144 601 probe
1174 558 1385 585 memores
1418 543 1515 595 loci,
1547 558 1674 599 quem
1700 553 1862 594 tenent,
1885 543 2026 602 digni-

182 613 294 663 tatis,
315 628 397 669 qua
418 611 603 669 insigniti
621 621 732 663 sunt,
747 609 1014 660 sacramenti,
1033 624 1118 666 quo
1136 610 1179 650 in
1196 609 1376 650 solemni
1395 609 1719 666 inauguratione
1736 624 1778 650 se
1794 608 2028 651 obstrinxe-

182 687 296 727 runt,
327 675 561 717 illustribus
584 674 899 731 Archiepiscopi
929 674 1112 730 vestigiis
1148 673 1386 715 insistentes
1406 672 1591 714 maxima
1617 689 1714 714 cum
1735 689 1881 715 eorum
1903 672 2029 716 laude

180 741 294 783 haud
325 741 640 782 intermiserunt
669 738 961 811 episcopalem
975 737 1123 779 tollere
1149 753 1297 779 vocem
1320 749 1466 779 contra
1500 749 1564 778 tot
1592 738 1726 779 illatas
1752 738 1945 780 Ecclesiae
1965 739 2030 779 in-

177 808 284 863 juri?
278 823 323 856 5,
350 822 398 848 ac
413 803 717 864 promptissimi
739 814 836 844 sunt
851 819 930 861 pio
952 803 1081 861 ipsius
1097 803 1290 845 Ecclesia
1306 803 1551 845 defensione
1573 802 1628 844 ad
1650 802 1793 844 omnia
1808 803 2029 844 subeunda

181 871 383 929 pericula.
409 872 555 927 Neque
582 885 658 927 pai
662 884 732 909 um
762 868 851 909 Nos
878 883 1047 925 quoque
1072 868 1206 909 ieficit
1224 869 1391 925 egregia
1416 869 1827 926 Neogranatensium
1851 868 2031 926 populo-

181 953 275 978 lum
297 953 358 977 in
361 948 441 988 tus,
467 947 618 993 pletis
648 933 719 991 qui
748 933 875 991 longe
902 933 1089 974 maxima
1110 949 1161 974 ex
1183 949 1257 991 par
1262 944 1300 974 te
1319 949 1588 990 summopere
1613 933 1822 984 dolentes,
1852 943 1894 974 et
1911 932 2027 974 indi-

181 1013 356 1059 gnantes
382 1012 468 1041 tam
493 1000 636 1056 iniqua
654 1015 702 1040 ac
719 998 853 1039 tristia
872 1009 1022 1039 contra
1047 1013 1195 1039 eorum
1212 997 1462 1055 religionem
1482 1009 1525 1040 et
1540 999 1758 1039 Antistites
1775 998 1900 1049 facta,
1922 997 2028 1039 nihil

183 1068 394 1124 antiquius
420 1066 602 1115 habent,
642 1079 770 1120 quam
809 1064 989 1121 publicis
1027 1062 1337 1119 luculentisque
1374 1063 1626 1105 testimoniis
1664 1063 1910 1115 ostendere,
1950 1063 2030 1104 sibi

181 1133 364 1172 maxime
401 1129 520 1171 cordi
559 1144 648 1170 esse
684 1139 725 1169 et
765 1128 1019 1170 catholicam
1059 1127 1248 1185 profiteri
1285 1126 1549 1184 religionem,
1591 1138 1632 1168 et
1670 1143 1768 1169 suos
1812 1128 2031 1169 Antistites

183 1211 347 1237 summa
370 1195 636 1236 observantia
656 1204 699 1235 et
717 1209 861 1234 amore
880 1193 1096 1251 prosequi,
1125 1207 1172 1233 ac
1204 1191 1356 1242 Nobis,
1382 1203 1424 1233 et
1445 1193 1543 1234 huic
1570 1193 1826 1249 Apostolicae
1846 1192 1944 1234 Sedi
1963 1207 2032 1233 ca-

181 1260 346 1302 tholicae
369 1260 554 1301 veritatis
575 1269 616 1301 et
637 1258 810 1299 unitatis
834 1269 980 1300 centro
996 1257 1174 1299 firmiter
1194 1257 1424 1299 adhaerere.

239 1360 332 1401 Jam
361 1375 509 1418 porro,
540 1359 816 1401 Venerabiles
848 1360 1031 1409 Fratres,
1063 1359 1132 1399 vix
1167 1358 1270 1400 dum
1298 1358 1434 1400 Nobis
1466 1356 1667 1408 innotuit,
1698 1367 1785 1398 tam
1817 1372 1962 1414 prava,
1993 1367 2035 1398 et

183 1440 399 1482 nunquam
417 1425 514 1466 satis
536 1423 819 1482 improbanda
841 1423 1016 1465 consilia
1036 1424 1080 1464 in
1102 1424 1440 1481 Neogranatensi
1464 1421 1699 1480 Republica
1716 1432 1863 1463 contra
1883 1421 2033 1463 Eccle-

181 1490 301 1541 siam,
342 1492 514 1546 ejusque
551 1504 669 1530 sacra
698 1490 809 1543 jura,
838 1488 971 1535 bona,
1003 1489 1224 1539 Pastores,
1263 1488 1482 1530 Ministros
1516 1497 1734 1544 suscepta,
1772 1502 1820 1528 ac
1848 1486 2035 1544 perfecta

182 1554 320 1604 fuisse,
339 1569 558 1610 nunquam
584 1552 818 1594 destitimus
846 1569 922 1610 per
947 1553 1150 1594 Nostrum
1170 1552 1440 1593 Cardinalem
1462 1568 1485 1593 a
1502 1551 1683 1610 publicis
1705 1551 1868 1592 Nostris
1890 1551 2034 1609 Nego-

184 1617 249 1659 tiis
283 1618 396 1675 apud
428 1617 533 1659 illud
568 1618 834 1659 Gubernium
862 1616 1024 1658 iteratis
1059 1616 1470 1675 expostulationibus
1501 1617 1730 1657 reclamare
1756 1627 1798 1657 et
1831 1616 2033 1672 conqueri

183 1682 383 1723 adversus
405 1693 470 1723 tot
493 1681 757 1740 gravissimas
779 1681 919 1723 eidem
944 1681 1154 1734 Ecclesiae,
1179 1693 1220 1723 et
1243 1682 1342 1722 huic
1368 1681 1619 1738 Apostoliczr
1644 1681 1743 1722 sedi
1765 1680 1901 1722 illatas
1923 1681 2036 1736 inju-

183 1748 280 1789 rias.
316 1749 531 1798 Attamen,
555 1747 746 1788 dolentes
776 1758 818 1788 et
851 1747 969 1787 inxiti
1005 1746 1204 1797 dicimus,
1238 1745 1345 1786 nihil
1370 1746 1533 1787 Nostia
1563 1762 1702 1797 voces,
1734 1746 1954 1795 clamores,
1994 1756 2036 1787 et

183 1824 354 1883 questus
379 1812 666 1870 profecerunt,
694 1811 802 1852 nihil
818 1811 987 1852 illorum
1011 1811 1257 1852 Antistitum
1278 1811 1455 1868 querela
1471 1811 1654 1863 valuere,
1681 1810 1751 1867 qui
1768 1825 1930 1867 propin
1952 1811 2035 1851 mi-

186 1877 345 1918 nisterii
365 1893 539 1918 munere
560 1878 603 1917 in
619 1876 860 1934 exemplum
882 1877 1116 1934 fungentes,
1133 1877 1384 1932 Nostlisque
1402 1875 1585 1933 paternis
1599 1874 1742 1916 Litte1
1732 1890 1764 1915 is
1781 1875 2032 1925 confirmati,

187 1941 300 1983 haud
341 1943 574 1983 omiserunt
606 1957 823 2000 opponere
857 1957 1027 1982 mulum
1051 1958 1130 1999 pro
1154 1943 1294 1982 Domo
1332 1941 1475 1982 Israel.
1506 1942 1654 1997 Itaque
1692 1951 1740 1982 ut
1774 1939 1918 1981 fideles
1951 1939 2035 1982 illic

187 2006 386 2065 degentes
408 2008 556 2057 sciant,
584 2018 626 2048 et
658 2008 877 2047 universus
906 2007 1021 2048 orbis
1055 2018 1256 2064 agnoscat
1281 2022 1410 2064 quam
1439 2007 1713 2047 vehementer
1736 2021 1762 2046 a
1783 2004 1917 2047 Nobis
1951 2005 2034 2045 im-

185 2073 422 2130 probentur
445 2087 493 2112 ea
517 2072 675 2122 omnia,
712 2087 805 2128 qua*
829 2072 882 2112 ab
903 2071 1014 2112 illius
1036 2072 1295 2129 Reipublicae
1313 2071 1656 2113 Moderatoribus
1676 2081 1821 2112 contra
1843 2068 2030 2128 Religio-

186 2151 301 2187 nem,
331 2136 577 2188 Ecclesiam,
618 2138 791 2193 ejusque
820 2136 948 2194 leges,
987 2137 1197 2187 Pastores,
1227 2137 1471 2189 Ministros,
1501 2147 1543 2177 et
1579 2147 1725 2177 contra
1759 2136 1882 2190 hujus
1915 2135 2033 2175 Beati

186 2200 300 2241 Petri
319 2200 541 2241 Cathedrae
553 2202 647 2255 jura
670 2212 712 2242 et
732 2201 1023 2242 auctoritatem
1044 2212 1158 2259 gesta
1177 2213 1287 2256 sunt,
1306 2201 1561 2259 pastoralem
1579 2201 1781 2241 Nostram
1798 2201 1841 2240 iu
1862 2199 2032 2257 amplis-

186 2263 292 2305 simo
319 2276 459 2305 vestro
491 2281 686 2307 consessu
716 2281 864 2307 vocem
896 2267 1128 2324 apostolica
1156 2267 1351 2308 libertate
1377 2265 1631 2315 attollentes,
1656 2264 1858 2322 pra-dicta
1889 2263 2033 2305 omnia

189 2329 375 2382 decreta,
407 2345 497 2386 quse
534 2331 593 2370 ibi
636 2347 660 2371 a
688 2330 797 2371 civili
837 2342 1046 2389 potestate
1074 2342 1193 2372 tauto
1227 2347 1323 2372 cum
1353 2329 1651 2372 Ecclesiasticae
1684 2330 1957 2380 auctoritatis,
1992 2339 2034 2370 et

186 2395 311 2449 hujus
336 2395 376 2435 S.
408 2394 525 2435 Sedis
549 2406 811 2453 contemptu,
842 2411 889 2437 ac
910 2407 1028 2437 tauta
1051 2411 1148 2437 cum
1182 2396 1428 2454 Religionis,
1466 2406 1506 2436 et
1538 2410 1756 2436 sacrorum
1788 2395 2034 2436 Antistitum

184 2460 364 2513 jactura,
389 2474 436 2499 ac
457 2458 712 2500 detrimento
732 2461 892 2501 sancita
909 2472 1020 2512 sunt,
1048 2462 1353 2519 improbamus,
1379 2460 1642 2511 damnamus,
1666 2471 1707 2501 et
1726 2460 1843 2502 irrita
1865 2474 2034 2518 prorsus

188 2538 237 2565 ac
270 2523 386 2564 nulla
418 2523 694 2565 declaramus.
715 2525 921 2566 Praeterea
951 2541 1022 2567 eos
1048 2541 1209 2575 omnes,
1241 2540 1421 2582 quorum
1447 2539 1574 2582 opere
1606 2536 1647 2566 et
1673 2527 1794 2581 jussu
1824 2524 1896 2566 illa
1920 2524 2035 2566 edita

189 2599 300 2637 sunt,
322 2588 563 2645 gravissime
584 2604 821 2638 monemus,
846 2600 892 2629 ut
905 2591 1015 2630 serio
1036 2600 1236 2647 reputent
1255 2604 1402 2647 poenas
1426 2599 1469 2629 et
1493 2604 1701 2641 censuraS,
1719 2605 1811 2646 quae
1836 2589 2035 2631 adversus

190 2667 404 2693 sacrarum
435 2668 728 2709 personarum,
756 2664 797 2694 et
822 2670 980 2704 rerum,
1027 2666 1150 2712 atque
1187 2653 1471 2695 ecclesiastica*
1504 2653 1720 2711 potestatis
1754 2665 1797 2695 et
1833 2652 2036 2696 libertatis

190 2717 434 2767 violatores,
469 2718 777 2775 profanatores,
812 2730 855 2759 et
888 2719 1100 2771 Ecclesiae,
1127 2730 1252 2776 atque
1285 2720 1410 2773 hujus
1445 2719 1701 2777 Apostolicae
1734 2718 1853 2760 Sedis
1876 2720 2035 2775 jurium

190 2793 463 2840 usurpatores
488 2783 541 2822 ab
561 2783 813 2840 Apostolicis
841 2784 1243 2836 Constitutionibus,
1270 2784 1476 2841 sacrisque
1493 2785 1779 2826 Conciliorum
1804 2784 2035 2826 canonibus

194 2858 290 2888 sunt
305 2858 556 2888 constituta).

250 2947 428 2988 Utinam
450 2963 548 2989 vero
566 2948 729 2989 Nostris
750 2947 863 2990 hisce
888 2950 1080 3002 vocibus,
1103 2950 1290 3004 monitis,
1318 2949 1497 3007 querelis
1524 2950 1699 2991 tandem
1720 2947 1948 3006 aliquando
1975 2946 2036 2988 illi

195 3011 272 3069 ipsi
296 3011 451 3054 dociles
470 3013 686 3070 praebeant
710 3028 844 3063 aures,
873 3028 1058 3069 quorum
1082 3030 1211 3071 opera
1234 3026 1297 3055 tot
1321 3014 1531 3072 tantisque
1550 3015 1668 3056 malis
1689 3029 1890 3073 oppressa
1912 3011 2033 3069 inge-

199 3077 334 3118 miscit
352 3076 559 3130 Ecclesia3
584 3076 746 3117 utinam
765 3076 888 3131 liujus
908 3078 1178 3119 moestissimae
1196 3090 1237 3120 et
1252 3079 1546 3120 amantissima*
1561 3079 1713 3121 Matris
1732 3088 1899 3135 aspectu
1921 3090 2036 3116 com-

195 3142 301 3181 moti
323 3142 439 3182 illam
459 3140 671 3183 salutifera
692 3143 940 3200 poenitentia
960 3143 1183 3196 consolari,
1208 3145 1381 3201 ejusque
1399 3145 1635 3201 gravissima
1656 3143 1828 3185 vulnera
1842 3139 2035 3197 lacrymis

195 3204 450 3263 abstergere,
474 3222 521 3248 ac
545 3207 701 3250 damna
721 3207 862 3249 statim
882 3222 1078 3266 reparare
1103 3221 1348 3266 properent,
1373 3221 1496 3267 atque
1519 3211 1577 3250 ita
1594 3209 1708 3250 haud
1733 3217 1974 3264 exspectare
1994 3216 2036 3246 et
