2135 3442
218 145 293 180 506
769 129 1119 176 DiiCLARATlos‘
1151 139 1242 174 nus
1271 128 1511 184 EVEQUES.

268 231 341 267 Sed
359 228 427 279 qui
447 228 535 266 talia
554 226 764 265 moliuntur
788 227 932 277 optime
954 234 1097 263 norunt
1115 225 1153 262 in
1175 228 1313 263 Sancta
1332 226 1444 272 Sede,
1458 225 1564 262 velut
1583 225 1622 262 in
1643 238 1732 263 arce
1752 225 2060 277 inexpugnabili,

216 288 337 324 robur
350 302 393 324 ac
413 287 513 324 vires
531 285 654 323 omnis
674 285 843 322 veritatis
864 298 906 321 ac
921 284 1076 331 justitiae
1091 284 1229 330 inesse,
1257 283 1400 333 quibus
1418 284 1674 320 retundantur
1693 283 1859 321 bostium
1876 284 2059 336 impetus3

216 346 269 383 ibi
295 359 375 383 esse
399 345 608 397 speculam,
633 358 681 381 ex
701 357 776 394 qua
796 343 932 394 vigiles
953 342 1100 380 Summi
1123 342 1299 380 Custodis
1318 342 1418 379 oculi
1438 350 1593 393 paratas
1614 342 1768 379 insidias
1790 356 1811 379 a
1827 342 1944 392 longe
1965 357 2060 381 con-

218 404 399 456 spiciunt,
419 404 498 442 suis
518 403 800 441 annuntiandas
821 401 1163 439 commilitonibus.
1184 402 1286 439 Hinc
1305 401 1435 439 odium
1457 401 1714 452 implacabile,
1738 401 1827 439 111110
1843 401 2063 439 insanabilis

216 462 331 509 litor,
361 462 450 500 hinc
478 462 703 500 continuum
736 460 1092 498 scelestissimorum
1118 460 1319 498 hominum
1352 460 1534 506 studium,
1567 468 1610 496 ut
1637 462 1813 497 Sanctam
1849 462 2061 498 Romanam

218 522 423 559 Ecclesiam
443 522 598 572 ejusque
620 522 757 558 Sedem
776 519 1012 570 deprimant,
1035 531 1078 556 ac
1098 519 1130 556 si
1148 520 1232 556 fieri
1251 532 1420 569 unquam
1438 527 1581 570 posset,
1603 532 1761 570 prorsus
1779 519 2017 556 exscindam.

271 705 376 753 Quis,
400 704 621 742 Beatissime
644 707 766 749 Pater,
789 701 877 740 talia
897 700 1157 752 conspiciens,
1178 701 1235 737 vel
1251 700 1365 737 etiam
1384 699 1590 738 recensitas
1611 699 1770 737 audiens
1790 699 1863 737 sibi
1881 709 2066 751 temperet

218 780 239 802 a
255 764 464 814 lacrymis?
482 766 502 800 J
508 772 591 801 usto
610 762 726 812 igitur
754 761 887 799 dolore
907 759 1079 810 correpti
1096 759 1227 796 oculos
1248 773 1292 796 ac
1318 773 1454 796 manus
1481 759 1529 796 ad
1550 758 1665 796 coelos
1687 758 1870 806 levamus,
1895 759 2065 796 divinum

219 823 326 860 illum
345 822 532 874 Spiritum
550 831 630 859 toto
649 821 786 858 mentis
808 820 947 858 affectu
966 819 1230 870 implorantes,
1254 826 1297 854 ut
1317 817 1383 868 qui
1404 819 1476 855 hac
1498 817 1559 855 die
1580 817 1672 855 olim
1692 825 1911 855 nascentem
1933 818 2067 856 Eccle-

221 886 314 924 siam
339 887 409 924 sub
438 887 541 924 Petri
573 884 757 936 regimine
791 883 1045 922 sanctificavit
1069 892 1106 920 et
1128 881 1339 930 roboravit,
1362 896 1444 920 eam
1472 896 1588 930 nunc,
1612 886 1663 920 Te
1684 885 1854 930 Pastore,
1874 885 1925 920 Te
1944 885 2065 931 Duce,

222 955 366 995 tuetur,
398 945 569 996 ampliet,
604 958 647 981 ac
678 943 878 994 glorificet.
905 942 1024 980 Testis
1051 942 1099 978 sit
1122 949 1303 978 votorum
1333 955 1418 991 quae
1452 955 1737 993 nuncupamus,
1765 940 1888 979 Maria
1916 954 1986 993 per
2011 944 2068 980 .Το

220 1004 480 1042 Immaculatae
511 1003 621 1040 titulo
648 1003 720 1039 hoc
748 1001 832 1053 ipso
865 1001 904 1038 in
932 1001 1018 1039 loco
1048 999 1270 1038 solemniter
1299 1009 1428 1047 aucta;
1461 1009 1574 1038 testes
1602 1001 1642 1038 hi
1666 1000 1764 1039 sacri
1796 1001 1944 1039 cineres
1975 1015 2070 1052 quos

222 1077 453 1100 veneramur
471 1065 697 1100 Sanctorum
712 1064 895 1098 Romanae
914 1059 1092 1097 Ecclesiae
1109 1062 1365 1096 Patronorum
1382 1058 1483 1096 Petri
1502 1068 1539 1096 et
1560 1059 1687 1106 Pauli,
1712 1068 1823 1097 testes
1842 1060 2069 1098 venerandae

222 1123 368 1160 exuviae
390 1131 445 1159 tot
468 1121 710 1167 Pontificum,
730 1123 941 1169 Martyrum
971 1133 1015 1156 ac
1042 1119 1326 1165 Confessorum,
1353 1132 1436 1168 quae
1452 1118 1551 1155 hanc
1569 1118 1705 1169 ipsam,
1725 1132 1838 1168 quam
1859 1118 2069 1169 premimus

223 1196 378 1232 terram,
400 1194 568 1223 sanctam
589 1185 777 1231 reddunt,
802 1192 914 1221 testes
939 1184 1088 1221 tandem
1111 1182 1305 1234 praecipue
1327 1181 1437 1219 nobis
1458 1182 1609 1219 adstent
1628 1183 1756 1221 Sancti
1773 1183 1849 1230 isti,
1871 1183 1937 1233 qui
1960 1184 2071 1221 Coeli-

223 1254 303 1283 tum
323 1244 460 1283 Ordini
477 1245 547 1281 hac
564 1245 647 1295 ipsa
668 1243 729 1280 die
750 1256 932 1294 supremo
950 1245 1031 1279 Tuo
1050 1241 1194 1289 judicio
1213 1241 1416 1292 adscripti,
1440 1241 1553 1277 hodie
1582 1241 1756 1278 Ecclesiae
1785 1243 1941 1279 tutelam
1967 1255 2070 1279 novo

226 1304 335 1342 titulo
360 1313 450 1341 sunt
470 1302 708 1355 suscepturi,
734 1302 954 1353 primasque
973 1301 1240 1352 Omnipotenti
1257 1303 1338 1338 Deo
1356 1313 1487 1351 preces
1508 1314 1581 1351 pro
1602 1303 1682 1337 Tua
1703 1313 1857 1350 quoque
1873 1301 2073 1339 incolumi-

222 1372 298 1401 tate
320 1364 395 1401 suis
414 1365 462 1401 de
486 1363 669 1400 altaribus
687 1363 871 1399 oblaturi.

277 1477 524 1515 Adstantibus
546 1477 663 1527 igitur
680 1476 759 1514 istis
773 1476 965 1522 omnibus,
978 1489 1050 1512 nos
1068 1475 1264 1526 Episcopi,
1283 1487 1331 1511 ne
1346 1473 1440 1510 illud
1451 1473 1628 1524 impietas
1640 1473 1890 1523 velignorare
1904 1474 2070 1521 simulet,

232 1537 294 1575 vel
315 1538 454 1574 audeat
474 1538 680 1587 denegare,
704 1548 856 1573 errores
876 1548 973 1585 quos
993 1538 1048 1572 Tu
1071 1533 1278 1583 damnasti,
1296 1534 1535 1582 damnamus,
1557 1532 1752 1570 doctrinas
1770 1546 1889 1570 novas
1905 1541 1942 1570 et
1958 1547 2074 1585 pere-

227 1597 368 1646 grinas,
399 1609 483 1645 quae
516 1595 557 1632 in
588 1597 768 1632 damnum
800 1594 977 1631 Ecclesiae
1009 1596 1098 1630 Jesu
1134 1593 1274 1631 Christi
1304 1593 1441 1643 passim
1469 1601 1747 1643 propagantur,
1776 1593 2009 1630 detestamur
2037 1602 2075 1630 et

224 1655 438 1702 rejicimus3
462 1653 676 1704 sacrilegia,
700 1653 868 1703 rapinas,
898 1651 1149 1688 immunitatis
1179 1651 1443 1688 ecclesiasticae
1468 1650 1710 1696 violationes,
1734 1650 1884 1700 aliaque
1900 1651 2074 1689 ,nefanda

225 1714 264 1750 in
285 1712 509 1757 Ecclesiam,
531 1712 711 1761 Petrique
732 1712 869 1747 Sedem
892 1710 1092 1747 commissa
1112 1709 1380 1760 reprobamuS,
1401 1718 1438 1746 et
1457 1710 1768 1746 condemnamus.

280 1834 388 1868 Hanc
404 1844 500 1867 vero
517 1829 847 1881 protestationem,
866 1841 981 1878 quam
1000 1827 1163 1879 publicis
1177 1827 1353 1864 Fcclesiae
1365 1827 1504 1864 tabulis
1521 1826 1688 1864 adscribi
1703 1826 1882 1878 petimus,
1896 1830 2075 1866 Fratrum

228 1890 340 1928 etiam
357 1898 577 1926 nostrorum
600 1887 665 1938 qui
679 1888 816 1924 absunt
832 1886 1005 1933 nomine,
1026 1895 1107 1924 tuto
1125 1887 1377 1937 proferimus,
1401 1886 1480 1923 sive
1502 1899 1635 1923 eorum
1650 1887 1731 1936 qui,
1749 1895 1805 1923 tot
1820 1885 1922 1923 inter
1938 1901 2077 1938 angus-

227 1949 312 1995 tias,
332 1947 369 1984 vi
391 1947 534 1985 detenti
555 1946 659 1984 domi
688 1947 804 1984 hodie
832 1946 945 1983 silent
966 1960 1009 1982 ac
1030 1946 1196 1997 plorant,
1222 1946 1299 1983 sive
1320 1944 1385 1995 qui
1414 1945 1593 1994 gravibus
1619 1945 1799 1997 negotiis,
1822 1954 1888 1983 aut
1912 1946 2075 1984 adversa

227 2007 445 2045 valetudine
475 2005 665 2057 impediti,
703 2006 901 2043 nobiscum
928 2005 1043 2042 hodie
1079 2005 1210 2042 adesse
1236 2004 1507 2054 nequiverunt.
1540 2004 1743 2053 Jungirnus
1773 2005 1932 2056 insuper
1964 2005 2075 2043 nobis

229 2066 379 2104 fidelem
406 2075 580 2103 nostrum
612 2065 765 2103 Clerum
796 2078 838 2101 ac
874 2064 1078 2115 populum,
1106 2064 1171 2113 qui
1198 2064 1335 2101 eodem
1359 2076 1402 2100 ac
1429 2076 1498 2100 nos
1528 2064 1567 2100 in
1594 2066 1645 2100 Te
1673 2076 1818 2113 amore,
1844 2063 1977 2102 eadem
2011 2063 2074 2115 pia

231 2125 444 2163 reverentia
469 2124 640 2170 animati,
669 2137 780 2161 suum
800 2123 838 2159 in
861 2126 912 2160 Te
934 2122 1115 2167 studium,
1146 2136 1221 2172 qua
1252 2121 1431 2173 precibus
1456 2122 1536 2159 sine
1557 2121 1840 2159 intermissione
1872 2122 1976 2169 fusis,
1997 2136 2075 2173 qua

230 2183 367 2235 opibus
392 2182 431 2220 in
447 2183 572 2220 Obolo
593 2185 631 2222 S,
653 2182 758 2220 Petri
777 2183 888 2228 mira,
917 2190 958 2218 ut
981 2181 1206 2232 plurimum,
1229 2181 1405 2230 largitate
1424 2180 1560 2218 oblatis
1580 2180 1878 2218 luculentissime
1893 2194 2077 2233 compro-

230 2242 386 2289 barunt,
408 2242 528 2294 probe
545 2242 707 2280 scientes
728 2240 924 2278 sacrificiis
945 2240 1022 2278 suis
1039 2239 1078 2277 id
1095 2253 1250 2291 quoque
1265 2239 1408 2287 curari,
1425 2248 1466 2277 ut
1483 2241 1574 2276 dum
1593 2239 1881 2277 necessitatibus
1899 2241 2076 2291 Supremi

232 2302 398 2338 Pastoris
416 2300 641 2348 consulitur,
663 2299 775 2336 simul
794 2307 830 2336 et
851 2299 1022 2350 ejusdem
1041 2298 1208 2336 libertati
1230 2298 1423 2336 servandae
1442 2298 1711 2350 prospiciatur.

287 2417 442 2455 Utinam
472 2420 520 2455 ad
550 2431 793 2456 communem
826 2417 927 2454 hanc
959 2417 1074 2454 totius
1110 2416 1223 2454 Orbis
1254 2416 1465 2465 christiaui,
1488 2417 1566 2454 imo
1596 2416 1720 2454 omnis
1750 2415 1902 2454 socialis
1930 2416 2076 2454 ordinis

235 2489 387 2514 causam
404 2475 445 2513 in
462 2485 544 2514 tuto
564 2477 767 2514 locandam
786 2475 958 2513 universi
978 2475 1111 2527 populi
1129 2475 1418 2527 conspirarentl

289 2534 445 2572 Utinam
471 2534 730 2585 intelligerent
753 2534 1076 2584 erudirenturque
1107 2538 1231 2584 Reges
1259 2543 1297 2572 et
1322 2534 1437 2572 seculi
1460 2542 1682 2585 potestates,
1706 2548 1858 2572 causam
1882 2534 2076 2573 Pontifiois

238 2593 411 2631 omnium
432 2594 652 2645 principum
674 2607 959 2644 regnorumque
980 2607 1059 2631 esse
1077 2607 1247 2641 causam,
1268 2602 1305 2631 et
1327 2607 1405 2644 quo
1426 2594 1586 2631 tendant
1614 2593 1750 2631 nefarii
1770 2594 2076 2632 adversariorum

239 2651 318 2699 ejus
336 2661 508 2699 conatuS,
532 2666 575 2689 ac
591 2653 745 2690 tandem
762 2658 960 2689 novissima
977 2655 1240 2702 providerent!

291 2775 448 2812 Utinam
466 2773 732 2825 resipiscerent
748 2774 919 2813 infelices
935 2774 991 2813 illi
1013 2775 1160 2825 aliquot
1180 2774 1423 2812 ecclesiastici
1446 2784 1483 2812 et
1502 2774 1673 2826 religiosi
1689 2775 1762 2813 viri
1781 2775 1847 2826 qui
1863 2774 2077 2813 vocationis

244 2848 319 2871 suae
332 2834 582 2871 immemores
614 2833 780 2870 debitam
810 2834 986 2871 Ecclesiae
1009 2834 1238 2871 Praesulibus
1259 2833 1519 2871 obedientiam
1547 2836 1797 2884 denegantes,
1820 2843 1935 2884 atque
1955 2833 2075 2886 ipsum

242 2906 396 2943 quoque
414 2891 591 2929 Ecclesiae
613 2892 871 2940 magisterium
892 2902 1034 2930 temere
1054 2901 1297 2943 usurpantes,
1315 2892 1355 2934 in
1375 2892 1475 2929 viam
1496 2894 1725 2944 perditionis
1745 2893 1942 2930 abierunt!

296 2954 379 2988 Hoc
406 2964 424 2987 a
453 2949 620 2987 Domino
649 2952 787 2986 Tecum
817 2951 963 2997 flentes,
996 2950 1214 2988 Beatissime
1242 2953 1368 2997 Pater,
1391 2952 1503 2989 enixe
1529 2960 1644 3002 atque
1670 2965 1717 2989 ex
1738 2952 1854 2989 corde
1874 2963 2075 2993 exonamus

243 3004 334 3040 dum
355 3004 402 3040 ad
422 3012 506 3041 tuos
526 3016 654 3040 sacros
677 3002 792 3053 pedes
813 3004 1067 3052 provolutifa
1093 3007 1143 3041 Te
1167 3004 1285 3041 robur
1304 3004 1456 3041 coeleste
1479 3005 1707 3056 expetimus,
1732 3005 1836 3055 quod
1858 3003 2074 3055 Apostolioa

245 3077 289 3100 ac
309 3065 471 3100 Paterna
488 3061 710 3100 Benedictio
731 3070 793 3097 tua
810 3060 910 3097 valet
932 3061 1145 3113 impertire.
1170 3062 1224 3099 Sit
1243 3063 1323 3099 haec
1346 3062 1501 3114 copiosa
1525 3072 1562 3100 et
1582 3077 1629 3100 ex
1648 3062 1792 3100 intimis
1818 3060 2073 3114 penetralibus

245 3121 371 3158 cordis
400 3121 468 3158 Tui
494 3121 650 3171 largiter
680 3120 847 3164 effluens,
877 3128 919 3156 ut
947 3134 1024 3157 non
1054 3130 1198 3158 tantum
1226 3135 1310 3168 nos,
1349 3123 1415 3158 sed
1439 3122 1612 3159 absentes
1638 3135 1791 3172 quoque
1815 3118 2074 3157 dilectissimos

245 3182 397 3217 Fratres
418 3180 584 3230 itemque
602 3178 748 3216 Fideles
770 3178 879 3216 nobis
901 3179 1120 3216 commissos
1141 3179 1274 3230 irriget
1295 3193 1337 3217 ac
1355 3181 1575 3231 perfundat.
1597 3179 1651 3218 Sit
1673 3181 1756 3217 talis
1773 3193 1856 3230 quae
1873 3186 2022 3215 nostros
2039 3184 2076 3213 et
