2135 3442
172 194 247 231 28⁶2
786 195 1097 232 ALLOCUTION
1127 197 1192 231 DE
1223 196 1299 231 PIE
1329 197 1400 234 IX.

173 279 372 336 exceptis,
396 279 645 320 attributum
669 294 718 320 ea
738 280 781 320 in
802 281 912 338 Lege
944 279 1127 321 habetur
1151 282 1285 339 Regio
1310 279 1505 322 Ministro
1541 290 1679 337 atque⁸
1694 283 2009 325 auctoritatibus

173 343 310 384 eidem
332 343 531 398 subditi53
558 355 598 385 et
631 345 687 385 ita
720 343 891 401 quidem
922 345 1195 398 attributum,
1224 357 1271 387 ut
1306 346 1350 386 in
1380 344 1572 385 Articulo
1604 348 1657 387 58
1685 345 1787 404 legis
1820 347 2007 402 ejusdem

171 418 377 448 statuatur
393 423 440 449 ac
460 407 709 460 declaretur,
734 408 898 449 nullum
924 407 993 449 alii
1014 410 1264 467 cuicumque
1288 409 1525 451 auctoritati
1548 409 1639 451 fore
1659 412 1728 466 jus
1744 410 2007 454 immiscendi

172 487 213 513 se
237 473 280 512 in
303 471 520 531 disciplina
541 473 799 523 scholarum,
826 473 869 512 in
894 473 1101 530 regimine
1129 474 1364 516 studiorum
1381 507 1390 525 ,
1415 475 1456 515 in
1477 473 1685 532 graduum
1705 474 1944 527 collatione,
1966 478 2009 517 in

173 536 337 579 delectu
359 549 430 579 aut
448 538 753 596 approbatione
782 537 1098 595 Magistrorum.
1127 538 1237 580 Hinc
1258 541 1301 580 in
1334 538 1548 580 Catholica
1569 539 1640 580 illa
1669 538 1830 581 ditione
1855 540 2009 582 scholae

170 605 367 660 cujusque
389 603 567 660 generis,
590 613 716 659 atque
734 601 841 643 adeo
860 602 1075 644 cathedrae
1097 603 1224 644 etiam
1245 619 1455 645 sacrarum
1474 603 1807 661 disciplinarum,
1831 617 2010 661 quarum

171 682 219 708 ea
238 668 281 708 in
301 668 410 726 Lege
435 667 596 709 mentio
617 666 682 718 fit,
718 682 796 708 nec
827 683 913 708 non
944 683 1175 725 puerorum
1204 668 1409 710 institutio
1441 668 1494 709 ad
1525 668 1733 710 elementa
1763 667 2008 710 Christianae

170 731 305 784 Fidei,
338 748 467 789 quam
491 732 639 774 eadem
658 733 744 773 Lex
765 731 875 773 inter
907 733 1119 774 minorum
1148 733 1556 792 Ludimagistrorum
1578 732 1714 775 officia
1740 744 2006 786 annumerat,

170 797 223 838 ab
241 797 548 854 Episcoporum
570 797 819 838 auctoritate
839 797 1161 838 subtrahuntur.
1185 800 1246 839 Ac
1257 815 1310 840 ne
1332 800 1422 856 quis
1443 814 1493 840 ea
1517 798 1568 840 de
1585 814 1629 839 re
1645 798 1840 840 dubitare
1856 798 2006 850 valeat,

171 860 212 901 in
235 873 470 903 memorato
493 862 683 903 Articulo
707 862 786 919 ipsi
809 862 935 902 etiam
958 863 1195 904 Directores
1213 863 1378 920 spiritus
1401 863 1510 904 inter
1527 879 1600 904 eos
1621 874 1908 915 recensentur,
1936 864 2009 921 qui

171 941 193 965 a
213 925 346 984 Regio
365 925 602 967 Ministerio
625 925 707 966 sive
730 926 784 966 ab
811 927 1136 968 auctoritatibus
1152 928 1192 968 ei
1217 927 1394 970 subditis
1411 961 1421 979 ,
1445 929 1604 985 absque
1627 928 1713 970 ullo
1737 928 1904 970 alterius
1931 943 2007 970 cu-

167 992 414 1048 juscumque
435 990 694 1032 auctoritatis
717 990 968 1041 interventu,
996 991 1122 1049 deligi
1142 1003 1267 1048 atque
1288 992 1513 1050 approbari
1535 1004 1727 1051 possunt.
1749 994 1883 1052 Igitur
1904 995 2010 1036 sacri

171 1056 363 1097 Pastores
387 1055 545 1097 nedum
569 1056 720 1113 privati
743 1056 1009 1110 injustissime
1039 1067 1136 1097 sunt
1166 1058 1374 1115 praecipua
1404 1057 1474 1099 illa
1512 1059 1763 1100 auctoritate
1782 1094 1791 1107 ,
1824 1074 1951 1115 quam
1986 1075 2008 1099 a

168 1120 308 1161 multis
324 1131 437 1161 retro
459 1120 620 1161 saeculis
639 1119 682 1160 iu
696 1120 878 1177 plurima
912 1121 1061 1162 saltem
1091 1121 1327 1163 studiorum
1346 1122 1534 1164 instituta
1569 1139 1621 1164 ex
1638 1122 1865 1164 Pontificiis
1879 1156 1889 1172 ,
1925 1125 2010 1164 Re-

168 1183 326 1242 giisque
344 1185 739 1236 Constitutionibus,
761 1195 886 1242 atque
906 1201 956 1226 ex
987 1185 1196 1242 primaevae
1218 1186 1475 1228 fundationis
1504 1187 1594 1245 lege
1618 1187 1889 1244 potiebantur
1906 1220 1916 1240 ,
1936 1188 2009 1229 sed

168 1264 245 1289 nec
264 1249 444 1290 liberum
462 1250 562 1308 ipsis
582 1261 642 1291 est
665 1249 708 1290 in
726 1264 775 1290 ea
795 1249 1038 1307 advigilare,
1075 1266 1167 1307 quae
1203 1251 1246 1291 in
1271 1251 1510 1294 scholarum
1539 1251 1744 1310 regimine
1771 1252 2009 1294 doctrinam

167 1312 299 1363 Fidei,
324 1315 574 1355 christianos
596 1329 751 1362 mores,
779 1325 850 1355 aut
874 1314 1003 1355 divini
1027 1315 1161 1356 cultus
1186 1331 1354 1357 causam
1378 1317 1606 1374 attingunt.

224 1395 434 1453 Equidem
463 1412 631 1455 sperare
650 1398 769 1453 juvat
804 1398 917 1447 fore,
952 1409 998 1439 ut
1031 1397 1179 1439 saltem
1204 1399 1248 1439 in
1278 1397 1526 1440 executione
1555 1397 1668 1439 illius
1698 1397 1844 1456 Legis,
1870 1396 2009 1455 aliqua

165 1460 423 1519 Episcopalis
446 1461 720 1503 Auctoritatis
742 1461 849 1503 ratio
875 1463 1096 1505 habeatur.
1124 1465 1264 1520 Ipsam
1290 1475 1433 1505 tamen
1455 1463 1720 1521 perniciosos
1744 1463 1902 1504 fructus
1921 1464 2011 1518 jam

165 1525 378 1583 peperisse
402 1526 663 1585 dignoscitur
683 1543 735 1568 ex
752 1527 960 1585 pestiferis
983 1528 1272 1586 opinionibus,
1294 1540 1336 1571 et
1352 1530 1519 1587 placitis
1536 1528 1836 1571 irreformabili
1860 1528 2008 1571 Eccle-

165 1589 233 1631 siae
260 1590 461 1632 doctrinae
484 1591 718 1642 contrariis,
745 1608 835 1648 quae
870 1609 957 1633 non
985 1592 1027 1633 in
1053 1593 1262 1635 liberioris
1283 1605 1447 1635 tantum
1471 1593 1666 1635 editionis
1686 1593 1836 1635 libellis
1863 1593 2010 1651 pagel-

166 1655 299 1712 lisque
315 1668 570 1714 sparguntur
593 1657 782 1714 quotidie
815 1656 859 1697 in
882 1657 1030 1715 vulgus
1046 1691 1056 1710 ,
1086 1659 1159 1699 scd
1180 1660 1233 1699 ab
1259 1658 1399 1720 aliquo
1425 1660 1551 1699 etiam
1581 1658 1623 1699 in
1653 1658 1833 1715 publicis
1857 1656 2008 1699 scholis

162 1721 349 1762 Doctore
369 1721 624 1762 instillantur
644 1722 687 1761 in
705 1733 866 1762 mentes
885 1722 1232 1768 adolescentium,
1262 1735 1302 1763 et
1322 1723 1491 1778 publice
1508 1734 1846 1778 propugnantur.
1868 1722 2008 1762 Verba

164 1784 333 1835 desunt,
360 1785 633 1826 Venerabilcs
654 1787 833 1834 Fratres,
862 1785 1012 1842 quibus
1029 1786 1221 1826 dolorem
1244 1785 1499 1842 explicemus
1520 1785 1647 1842 longe
1668 1785 2003 1839 acerbissimum,

163 1865 289 1905 quem
312 1865 364 1890 ex
388 1849 535 1890 notitia
558 1850 683 1904 hujus
706 1851 782 1899 rei,
808 1849 923 1890 haud
941 1849 996 1890 ita
1014 1850 1180 1907 pridem
1200 1850 1254 1890 ad
1270 1850 1358 1891 Nos
1376 1850 1552 1908 perlata,
1576 1850 1862 1907 concepimus.
1883 1850 2007 1892 Nulla

166 1913 337 1968 quidem
366 1913 615 1972 interposita
636 1930 755 1955 mora
782 1914 1059 1972 providimus,
1084 1926 1128 1956 ut
1153 1915 1304 1956 eadem
1329 1915 1381 1956 de
1405 1930 1450 1956 re
1475 1914 1709 1956 accuratius
1729 1930 2008 1973 cognoscere-

169 1993 285 2031 mus3
307 1990 347 2020 et
370 1978 475 2020 nibil
503 1995 631 2037 porro
655 1995 678 2020 a
697 1979 828 2021 Nobis
853 1978 1081 2021 desiderari
1107 1981 1330 2038 patiemur,
1367 1979 1481 2037 quod
1510 1980 1562 2021 ad
1593 1979 1780 2021 officium
1799 1980 2006 2037 pertineat

168 2043 455 2085 custodiendae
482 2044 624 2095 Fidei,
662 2055 703 2085 et
731 2043 1012 2085 confirmandi
1033 2046 1077 2086 in
1098 2045 1168 2086 illa
1190 2045 1339 2086 fratres
1359 2043 1595 2086 infirmitati
1618 2044 1783 2086 Nostrae
1807 2043 2006 2086 divinitus

166 2107 429 2150 attributum.

220 2195 469 2249 Novissime,
494 2208 538 2237 ut
574 2196 701 2251 scitis,
727 2197 875 2237 missus
899 2212 921 2237 a
949 2196 1181 2255 Subalpino
1208 2197 1428 2239 Gubernio
1460 2197 1515 2238 ad
1542 2195 1629 2238 Nos
1654 2197 1791 2237 fuerat
1821 2211 1928 2237 unus
1953 2211 2006 2237 ex

165 2259 425 2301 primoribus
446 2273 653 2319 spectatus
673 2261 763 2311 Vir,
798 2273 844 2303 ut
871 2263 1143 2303 tractationes
1168 2262 1417 2304 instauraret
1445 2260 1731 2304 ecclesiasticis
1761 2262 1886 2302 rebus
1908 2275 2005 2302 cum

164 2324 316 2365 Sancta
344 2324 423 2366 hac
455 2325 562 2367 Sede
593 2327 913 2384 componendis.
939 2327 1061 2368 lllum
1084 2338 1226 2368 tamen
1258 2327 1589 2384 haudquaquam
1619 2325 1842 2367 admittere
1862 2327 2006 2384 potui-

164 2404 258 2430 mus
280 2389 335 2431 ad
358 2389 517 2431 litteras
540 2391 778 2448 Legationis
793 2408 874 2433 suae
894 2403 1019 2433 testes
1033 2403 1236 2433 consueto
1259 2393 1435 2434 solemni
1453 2406 1571 2432 more
1593 2390 1726 2432 Nobis
1745 2386 2001 2432 reddendas.

162 2453 255 2509 Ipse
279 2453 393 2495 enim
417 2454 502 2496 sive
526 2471 620 2496 cum
640 2456 833 2514 privatim
859 2456 908 2497 ad
935 2457 1024 2498 Nos
1045 2457 1174 2508 adiit,
1208 2458 1290 2498 sive
1314 2458 1357 2497 in
1384 2455 1650 2497 sermonibus
1670 2471 1766 2497 cum
1789 2455 2000 2496 Cardinali

161 2516 318 2559 Nostro
353 2520 661 2562 Prosecretario
700 2521 838 2562 Status
860 2523 1012 2562 iterum
1034 2523 1271 2579 iterumque
1291 2520 1468 2570 habitis,
1496 2520 1548 2561 de
1580 2520 1819 2578 supradicta
1840 2519 1892 2562 de
1912 2521 2000 2561 Im—

159 2576 435 2619 munitatibus
454 2580 563 2637 Lege
580 2579 636 2620 ita
658 2580 854 2637 loquutus
882 2592 957 2631 est,
982 2591 1027 2621 ut
1046 2580 1214 2621 Laicam
1235 2581 1491 2621 Potestatem
1509 2579 1552 2620 in
1578 2595 1627 2620 ea
1649 2591 1796 2621 contra
1816 2580 1999 2620 sanctio-

162 2656 237 2682 nes
259 2642 505 2695 Canonum,
533 2655 574 2685 et
600 2655 745 2685 contra
773 2645 971 2685 initarum
994 2661 1089 2686 cum
1113 2645 1221 2686 Sede
1243 2644 1489 2701 Apostolica
1516 2645 1854 2686 Conventionum
1872 2643 1999 2686 fidem

161 2707 472 2765 promulganda
501 2723 575 2749 suo
605 2724 778 2766 prorsus
807 2710 900 2764 jure
934 2724 1055 2750 usam
1086 2709 1210 2750 fuisse
1242 2708 1534 2751 contenderet.
1561 2710 1670 2751 Hinc
1702 2725 1876 2760 eorum,
1908 2724 1999 2767 quae

163 2768 317 2812 deinde
356 2772 641 2830 contigerant,
691 2774 860 2831 culpam
900 2774 1182 2814 transferebat
1217 2773 1259 2814 in
1296 2775 1464 2814 Clerum
1492 2775 1721 2832 Sacrosque
1757 2773 1994 2827 Antistites,

163 2835 344 2878 maxime
377 2848 520 2878 autem
556 2839 600 2878 in
631 2838 931 2880 Venerabilem
957 2840 1149 2880 Fratrem
1177 2838 1551 2897 Archiepiscopum
1585 2839 1907 2889 Taurinensem,
1940 2838 1997 2878 ob

165 2915 282 2941 suam
308 2903 349 2941 in
371 2901 654 2959 pastoralibus
673 2901 822 2943 officiis
842 2904 1124 2944 constantiam
1146 2903 1188 2943 in
1210 2903 1409 2944 severiori
1433 2914 1533 2945 tunc
1557 2904 1746 2946 custodia
1767 2913 1992 2945 retentum.

165 2966 228 3006 De
253 2966 336 3008 hoc
360 2967 514 3008 scilicet
542 2966 886 3023 praestantissimo
910 2967 1092 3008 Pracsnle
1114 2967 1280 3025 gravius
1304 2970 1573 3025 querebatur,
1604 2969 1724 3026 quasi
1744 2969 1796 3010 de
1825 2965 1996 3010 homine

166 3029 316 3085 quietis
346 3047 394 3072 ae
420 3030 738 3087 tranquillitatis
765 3031 912 3088 populi
939 3047 1091 3088 parum
1115 3032 1326 3082 studioso;
1348 3044 1474 3091 atque
1500 3033 1658 3075 idcirco
1684 3033 1727 3074 id
1751 3048 1794 3074 se
1820 3048 1843 3073 a
1863 3031 1995 3087 Regio

165 3095 384 3137 Gubernio
416 3095 458 3136 in
487 3095 709 3153 praeeipuis
745 3095 953 3137 mandatis
986 3097 1183 3139 habuisse
1214 3098 1470 3149 declarabat,
1502 3110 1548 3140 ut
1576 3099 1666 3139 Nos
1694 3097 1911 3138 induceret
1942 3093 1996 3135 ad

168 3159 365 3202 eumdem
385 3160 631 3202 Antistitem
657 3161 701 3202 in
725 3161 839 3202 aliud
867 3173 984 3202 extra
1014 3163 1190 3221 Regiam
1216 3163 1432 3205 Ditionem
1456 3178 1609 3220 munus
1636 3159 1995 3203 transferendum.

168 3224 269 3266 Post
286 3226 377 3268 haec
395 3242 502 3285 opus
521 3241 609 3268 non
630 3237 693 3269 est
719 3237 766 3267 ut
785 3227 864 3268 alia
889 3227 1161 3284 explicemus,
1185 3243 1275 3285 quae
1307 3229 1506 3287 deinceps
1527 3228 1636 3269 inter
1657 3226 1776 3267 illum
1796 3236 1839 3267 et
1854 3223 1997 3267 Cardi-
