2135 3442
177 161 253 198 570
545 158 729 193 THESES
758 158 825 193 AD
855 155 1202 192 APOSTOLICAM
1232 155 1396 192 SEDEM
1425 156 1645 192 DELATAE.

231 250 296 284 45.
329 247 459 283 Causae
477 244 775 282 matrimoniales
794 257 871 280 non
893 251 1065 295 spectant
1086 243 1133 280 ad
1146 242 1293 294 judices
1313 242 1603 280 ecclesiasticos.

306 317 466 347 Haeretiea.

232 397 295 432 146.
319 395 557 444 Praeceptum
570 392 617 429 ab
638 391 822 443 Apostolo
842 390 1126 442 promulgatum
1141 390 1186 427 de
1207 388 1442 436 subjectione
1460 389 1592 426 uxoris
1612 388 1695 426 viro
1713 402 1781 427 suo
1792 390 2014 428 adversatur

177 453 354 503 legitimae
383 451 678 503 emancipationi
710 449 890 487 foeminae:
916 451 1020 500 qnod
1047 449 1076 487 si
1104 449 1307 500 praeteritis
1335 447 1571 499 temporibus
1598 448 1742 486 bonum
1770 448 1909 497 extitit,
1939 463 2016 487 non

176 511 269 549 item
289 511 494 549 dicendum
511 513 558 548 de
581 509 730 548 suturis.

308 588 410 627 Impia
426 594 456 617 et
469 586 621 616 haeretica.

231 669 296 704 47.
330 664 547 715 Proprietas
566 677 643 700 non
661 663 784 700 minus
809 663 1033 699 adversatur
1058 662 1131 712 legi
1153 662 1318 713 justitiae,
1345 675 1459 712 quarn
1476 661 1549 712 legi
1567 661 1762 699 charitatis
1783 661 2014 709 christianae,

177 737 302 774 neque
317 723 497 760 fundatur
517 724 555 760 in
573 723 659 770 jure
681 731 826 759 naturae
846 730 883 758 et
900 722 1084 772 gentium,
1106 722 1171 759 sed
1191 721 1300 759 unice
1322 721 1361 758 in
1377 722 1464 770 jure
1484 721 1606 759 civili.

307 795 393 823 Falsa
411 801 439 823 et
457 793 610 823 haeretica.

232 933 297 968 48.
330 930 534 967 conforme
559 937 615 966 est
640 941 739 965 sanae
767 927 984 977 Theologiae
1005 941 1046 964 ae
1067 928 1162 975 juris
1190 928 1334 979 publici
1366 927 1564 975 doetrinae‚
1594 928 1699 977 quod
1734 926 1921 977 gubernia
1944 926 2020 963 sint

178 1002 267 1026 vera
286 987 542 1040 proprietaria
562 987 768 1035 bonorum,
795 1001 878 1037 qnae
904 986 1079 1024 obtinent
1098 987 1290 1034 Ecclesiae,
1320 986 1469 1023 familiae
1493 986 1694 1036 religiosae,
1723 985 1903 1037 hospitia,
1925 984 2022 1021 alia-

179 1062 254 1098 que
274 1048 361 1085 loca
382 1048 460 1098 pia.

304 1125 400 1159 Falsa,
420 1125 569 1153 contraria
595 1124 731 1154 Concilio
757 1123 937 1153 Tridentino
959 1125 1034 1153 Se<s.
1058 1126 1094 1151 22
1115 1133 1141 1153 c.
1168 1124 1209 1151 XI
1228 1124 1264 1151 de
1291 1121 1396 1157 reson,
1421 1128 1450 1151 et
1475 1121 1548 1150 alias
1576 1122 1718 1150 damnata
1744 1121 1775 1149 in
1799 1119 2014 1150 constitutione

261 1166 347 1205 cujus
363 1166 485 1194 initium
501 1178 518 1193 α
534 1167 620 1195 Licet
633 1167 717 1204 juxta
735 1176 769 1194 ea
790 1178 804 1191 n
822 1168 911 1196 Joan.
931 1167 1028 1195 XXH.
1042 1165 1096 1195 IV.
1115 1164 1178 1193 kal.
1199 1175 1272 1195 nOV.
1291 1166 1379 1194 4327.

234 1244 299 1282 49.
331 1242 485 1294 Optima
507 1242 728 1279 oeconomiae
753 1241 917 1293 politicae
941 1241 1039 1277 ratio
1062 1241 1101 1277 in
1126 1240 1297 1290 quolibet
1314 1241 1421 1278 Statu
1446 1238 1575 1290 exigit,
1604 1238 1750 1275 civibus
1774 1247 1812 1276 et
1842 1237 2022 1276 Ecclesiae

178 1302 368 1348 interdici,
393 1301 598 1352 quominus
618 1301 782 1338 charitas
804 1314 894 1350 erga
910 1301 1046 1351 inopes
1065 1308 1304 1337 exerceatur.

305 1377 488 1415 Perniciosa,
505 1378 617 1416 jurium
635 1377 775 1407 Ecclesiae
789 1384 818 1406 et
837 1377 1026 1416 privatorum
1042 1376 1157 1413 laesiva,
1175 1383 1202 1405 et
1217 1376 1308 1405 sacris
1325 1375 1494 1404 canonibus
1514 1374 1675 1404 contraria,

234 1459 298 1493 50.
330 1455 588 1506 proprietates
611 1464 649 1492 et
673 1455 738 1492 filii
767 1455 818 1492 ita
838 1455 887 1491 ad
907 1455 1103 1491 nationem
1122 1454 1329 1505 pertinent,
1353 1462 1394 1490 ut
1409 1452 1496 1500 jura
1512 1451 1776 1504 proprietatis,
1794 1460 1831 1489 et
1848 1450 1936 1503 jura
1956 1465 2024 1503 pa-

180 1523 329 1552 rentum
350 1515 389 1551 in
408 1515 503 1551 filios
522 1528 732 1565 eorumque
751 1514 1017 1551 educationem
1039 1527 1059 1550 a
1083 1513 1248 1550 nationis
1271 1513 1516 1549 concessione
1538 1512 1757 1551 dimanent.

304 1591 498 1630 Complexivc
512 1597 630 1630 sumpta
651 1591 758 1629 impia,
775 1591 834 1628 juri
852 1590 979 1618 naturali
1001 1601 1034 1618 ac
1050 1590 1154 1618 divino
1173 1589 1338 1619 contraria.

235 1731 298 1765 51.
330 1730 433 1764 Bona
450 1727 612 1778 proinde
633 1726 822 1764 societatis
843 1726 1062 1763 constitutio
1078 1726 1260 1777 postulat,
1283 1734 1323 1761 ut:
1340 1725 1443 1762 natio
1457 1738 1541 1774 quae
1562 1737 1630 1774 per
1650 1726 1796 1761 Statum
1812 1735 2023 1774 repraesen-

183 1796 298 1834 tatur,
323 1786 391 1823 sub
413 1800 487 1822 una
504 1786 670 1824 alterave
689 1787 825 1833 fornia,
849 1785 993 1823 directe
1014 1794 1078 1822 aut
1098 1784 1282 1822 indirecte
1302 1783 1567 1835 monopolium
1585 1783 1722 1820 habeat
1743 1782 2024 1820 institutionum

182 1859 225 1882 ac
242 1845 525 1882 domiciliorum
543 1845 794 1892 educationis,
817 1858 1029 1895 eorumque
1050 1845 1343 1896 proprietatum,
1370 1843 1449 1880 sive
1468 1841 1756 1880 individualiter
1782 1840 1861 1878 sive
1882 1841 2023 1878 collec-

183 1913 257 1942 tive
274 1913 491 1942 sumantur.

306 1983 453 2018 Erronea,
473 1981 654 2020 perniciosa,
669 1982 746 2019 juris
765 1982 860 2009 divini
881 1988 908 2009 et
927 1980 1121 2009 ecclesiastici
1139 1980 1251 2009 laesim.

238 2061 302 2096 52.
335 2058 596 2109 Obligationes
624 2058 822 2110 speciales,
851 2071 935 2109 quae
958 2057 1137 2095 ordinum
1167 2057 1435 2107 religiosorum
1463 2056 1666 2094 essentiam
1696 2054 1947 2104 constituunt,
1980 2068 2026 2093 ex

183 2118 390 2168 Evangelio
410 2118 603 2168 originem
624 2133 703 2156 non
718 2119 894 2156 trahunt.

309 2195 469 2226 Haeretica.

237 2273 300 2310 53.
333 2273 571 2323 Perpetuitas
591 2281 769 2309 votorum
791 2272 1058 2321 religiosorum
1077 2272 1292 2322 oppugnari
1310 2279 1435 2322 potest
1459 2270 1589 2307 solidis
1613 2267 1825 2306 rationibus
1851 2267 2025 2305 fundatis

181 2330 222 2367 in
239 2339 383 2368 naturae
402 2332 578 2368 humanae
596 2330 867 2378 inconstantia,
895 2330 935 2367 in
956 2330 1140 2368 libertatis
1156 2329 1244 2382 jure
1273 2344 1315 2368 ac
1333 2331 1372 2368 in
1393 2329 1606 2381 prudentiae
1637 2328 1792 2379 regulis.

307 2403 373 2430 Jam
394 2403 534 2431 damnata
548 2402 580 2430 in
598 2402 685 2431 Bulla
703 2404 865 2432 Auctorem
878 2401 963 2441 fidei
985 2401 1087 2440 (prop.
1107 2401 1172 2440 84).

240 2541 302 2577 54.
337 2538 636 2576 Communitates
666 2537 867 2588 religiosae,
898 2551 984 2588 quae
1005 2537 1188 2588 operibus
1212 2536 1466 2574 exterioribus
1500 2535 1693 2574 charitatis
1725 2534 1881 2572 minime
1900 2534 2022 2572 devo-

184 2606 336 2645 ventur,
359 2597 500 2633 nullam
519 2597 730 2634 existentiae
750 2596 959 2647 legitimam
979 2596 1166 2634 rationem
1182 2596 1344 2636 liabent.

313 2668 413 2704 Falsa,
431 2678 570 2707 erronea,
588 2668 759 2707 perniciosa
776 2675 807 2697 et
822 2668 930 2697 haeresi
948 2668 1103 2707 proxima.

241 2749 303 2785 55.
331 2748 446 2782 Juxta
467 2754 569 2782 recta
589 2745 763 2795 politices
783 2745 971 2796 principia
989 2746 1101 2783 statui
1121 2746 1250 2792 debet,
1273 2753 1314 2782 ut
1334 2744 1502 2795 religiosi
1522 2743 1677 2781 ordines
1697 2757 1718 2780 a
1743 2739 1943 2793 guberniis
1964 2753 2033 2778 ca-

186 2804 336 2842 tholicis
353 2818 374 2841 a
393 2803 517 2856 priori
536 2812 718 2853 tanquam
745 2804 910 2855 suspecti
933 2804 1165 2843 habeantur.

272 2922 292 2950 h
314 2881 464 2919 Injuriosa
479 2881 569 2910 statui
585 2879 741 2921 religiosQ
759 2881 918 2910 detrahens
929 2881 1113 2910 institutioni
1129 2881 1166 2910 ab
1191 2881 1320 2910 Ecclesia
1337 2881 1476 2918 probatae
1494 2887 1524 2910 et
1543 2879 1675 2908 fundatae
1690 2879 1722 2907 in
1740 2877 1833 2907 verbo
1846 2875 1915 2911 Dei,
1930 2886 1966 2904 ac
1984 2875 2021 2904 de

295 2932 375 2952 aeresi
395 2929 543 2961 suspecta.

244 3002 309 3038 56.
341 2999 536 3050 Quidquid
553 2999 601 3036 sit
622 2999 668 3037 de
686 2999 820 3036 ultimo
839 2998 1138 3050 uniuscujusque
1163 2999 1327 3037 hominis
1347 3000 1423 3037 fine
1442 2999 1481 3036 in
1501 2999 1619 3036 altera
1644 2997 1738 3044 vita,
1769 2995 1856 3033 finis
1881 3007 2025 3046 supre-

190 3071 288 3105 mus,
312 3059 359 3096 ad
382 3073 496 3109 quem
517 3058 717 3096 societates
737 3057 901 3109 politicae
923 3058 1062 3096 debent
1082 3072 1214 3097 omnes
1234 3059 1336 3108 leges
1353 3071 1562 3108 omnesque
1581 3057 1750 3095 actiones
1775 3053 1954 3105 dirigere,
1967 3059 2021 3090 est

191 3117 342 3155 cultura
355 3126 392 3155 et
410 3117 596 3169 perfectio
616 3117 763 3154 ordinis
777 3115 1003 3156 materialis.

319 3194 431 3233 Impia,
449 3193 664 3224 materialismo
679 3193 790 3230 favens,
808 3203 944 3228 erronea,
965 3192 1080 3222 ordinis
1096 3193 1217 3222 moralis
1239 3204 1273 3222 ac
1289 3193 1409 3223 socialis
1425 3203 1476 3222 eve
1484 3191 1542 3221 rsiv
1553 3202 1582 3221 a.
