2135 3442
163 170 211 206 56
871 167 996 202 BREF
1025 167 1091 201 DE
1121 167 1200 201 PIE
1227 167 1291 201 VI.

162 267 360 315 praestare
381 254 519 313 potuit
545 268 775 306 assensum,
799 264 945 311 utpote
974 252 1028 294 ad
1048 252 1157 294 illius
1182 252 1412 310 profanum
1439 251 1631 308 regimen
1655 251 1930 306 pertinentes,
1959 266 2005 291 ac

163 321 196 362 si
219 336 294 377 per
314 334 392 360 nos
409 335 460 361 eo
480 319 653 362 consilio
673 318 795 359 allata
820 317 945 369 sint¹,
979 329 1026 358 ut
1050 316 1191 358 omnia
1223 315 1277 356 ad
1302 314 1526 373 pristinum
1556 313 1723 355 civilem
1751 324 1906 355 statum
1936 330 2004 355 re-

165 385 472 442 dintegrentur,
491 385 609 440 juxta
632 382 913 441 quorumdam
933 381 1290 424 calumniatorum
1305 380 1518 438 evulgatas
1540 377 1927 436 interpretationes,
1951 379 2006 420 ad

164 447 434 491 conflandam
456 448 649 507 religioni
670 447 873 489 invidiam
897 463 906 488 ε
933 463 1029 489 cum
1056 461 1203 487 revera
1222 446 1326 495 Nos,
1352 460 1512 501 vosque
1538 444 1618 501 ipsi
1648 442 1691 484 id
1720 458 1855 484 unum
1884 458 2004 500 quae-

164 529 320 564 ramus,
342 525 465 570 atque
486 528 728 571 urgeamus,
753 523 799 553 ut
821 527 935 553 sacra
950 513 1045 567 jura
1062 511 1271 561 Ecclesiae,
1292 520 1332 551 et
1352 508 1604 567 Apostolicae
1628 507 1745 549 Sedis
1763 506 1893 548 illaesa
1915 523 2005 549 ser-

165 590 332 621 ventur.
356 580 404 619 In
426 593 553 635 quem
577 594 674 619 sane
700 577 829 618 finem
855 592 968 618 nunc
997 576 1076 618 alia
1106 577 1269 616 ratione
1296 590 1452 615 nomen
1475 573 1581 615 illud
1611 572 1820 613 libertatis
1843 587 2007 629 expen-

168 643 334 694 damus,
367 643 674 700 discrimenque
711 641 1002 699 inspiciamus,
1031 640 1148 697 quod
1174 638 1397 680 intercedit
1427 637 1538 679 inter
1565 636 1760 679 homines
1789 637 1861 693 qui
1891 647 2008 678 extra

168 708 374 766 gremium
393 708 588 749 Ecclesiae
604 722 771 764 semper
787 706 975 757 fuerunt,
998 705 1142 763 quales
1165 715 1262 745 sunt
1281 703 1488 751 infideles,
1512 714 1552 744 et
1575 703 1722 752 Judsci,
1743 712 1869 758 atque
1897 702 2008 742 inter

167 772 261 814 illos
287 773 357 829 qui
384 788 426 813 se
451 771 646 813 Ecclesiae
669 770 746 828 ipsi
777 786 850 828 per
882 781 1123 828 susceptum
1153 769 1351 826 baptismi
1381 779 1690 809 sacramentum
1715 767 2001 822 subjecerunt.

168 837 297 878 Primi
317 838 472 878 etenim
493 836 724 894 constringi
742 836 795 876 ad
813 835 1066 876 catholicam
1091 833 1379 875 obedientiam
1398 832 1683 891 profitendam
1703 847 1791 872 non
1823 830 2003 885 debent3

169 913 314 943 contra
332 917 432 943 vero
457 901 577 943 alteri
598 912 695 942 sunt
713 899 907 958 cogendi.
931 899 976 940 [d
997 899 1170 956 quidem
1187 897 1414 940 discrimen
1434 896 1709 949 solidissimis,
1730 906 1858 954 prout
1880 895 2002 946 solet,

167 965 402 1007 rationibus
425 966 600 1023 exponit
623 967 666 1007 S.
689 966 873 1006 Thomas
895 963 1129 1021 Aquinas²,
1163 979 1210 1004 ae
1240 962 1383 1004 multis
1410 973 1508 1004 ante
1535 962 1693 1004 saeculis
1723 961 2009 1003 Tertullianus

170 1030 360 1087 exposuit
390 1031 430 1071 in
464 1031 574 1071 libro
599 1029 811 1086 Scorpiaci
841 1029 1037 1070 adversus
1067 1026 1332 1077 Gnosticos⁸,
1367 1038 1407 1069 et
1435 1026 1585 1087 paucis*
1601 1038 1697 1067 ante
1724 1027 1845 1067 annis
1874 1027 2009 1067 Bene-

170 1093 303 1135 dictus
327 1096 425 1135 XIV
458 1095 501 1134 in
526 1109 652 1151 opere
676 1093 728 1135 de
750 1094 977 1135 Servorum
1001 1093 1078 1135 Dei
1107 1091 1433 1145 Beatificatione,
1460 1104 1501 1133 et
1523 1094 1750 1133 Beatorum
1772 1091 2008 1132 Canoniza-

168 1157 337 1211 tione⁶3
373 1169 497 1215 atque
522 1169 567 1199 ut
600 1158 734 1216 magis
766 1158 904 1199 adime
944 1158 1067 1213 hujus
1093 1157 1331 1215 argumenti
1363 1168 1504 1214 pateat
1530 1156 1656 1206 ratio,
1690 1154 1883 1196 videndae
1913 1167 2011 1197 sunt

168 1222 259 1263 duae
284 1222 582 1275 celeberrimae,
618 1238 666 1263 ac
688 1222 843 1280 pluries
868 1222 978 1280 typis
1006 1222 1127 1263 editae
1154 1223 1196 1263 S.
1225 1220 1451 1280 Augustini
1484 1221 1685 1279 epistolae,
1710 1236 1793 1262 una
1821 1220 1877 1261 ad
1904 1221 2009 1261 Vin-

168 1288 351 1328 centium
371 1287 742 1337 Cartennensem⁵‚
782 1287 911 1328 altera
941 1286 995 1327 ad
1019 1286 1282 1328 Bonifaeium
1302 1285 1502 1326 comitem
1521 1285 1552 1336 ⁶,
1588 1301 1665 1343 per
1697 1301 1800 1342 quas
1831 1301 1919 1326 non
1945 1301 2012 1327 ve-

168 1360 276 1391 teres
302 1351 455 1402 solum,
481 1352 555 1392 sed
577 1362 619 1392 et
638 1362 826 1393 recentes
848 1350 1032 1392 haeretici
1052 1351 1177 1408 plane
1204 1350 1471 1392 refelluntur.
1492 1352 1632 1403 Quare
1659 1348 1885 1391 manifesto
1907 1365 2009 1407 per-

167 1413 340 1470 spicitur
364 1415 659 1473 aequalitatem,
685 1427 726 1456 et
745 1415 984 1456 libertatem
1009 1432 1031 1456 a
1059 1427 1271 1457 conventu
1296 1415 1375 1456 isto
1401 1416 1602 1470 jactatam
1632 1414 1675 1455 in
1706 1413 1826 1466 illud,
1855 1425 1903 1454 ut
1921 1415 2008 1470 jam

167 1479 452 1535 probavimus,
477 1480 683 1534 recidere,
708 1491 755 1521 ut
794 1480 1000 1521 catholica
1032 1481 1300 1521 subvertatur
1330 1479 1495 1537 religio,
1520 1479 1586 1521 cui
1610 1490 1837 1537 propterea
1869 1479 2010 1520 domi-

167 1549 308 1583 nantis
328 1543 496 1585 titulum
518 1545 562 1585 in
583 1561 726 1602 regno,
747 1561 830 1601 quo
851 1544 984 1602 potita
1003 1560 1170 1603 semper
1188 1556 1266 1597 est,
1287 1544 1554 1586 detrectavit.

227 1607 602 1665 progredientibus
623 1626 735 1650 nunc
758 1609 893 1650 Nobis
914 1609 968 1649 ad
994 1608 1096 1650 alios
1120 1609 1345 1650 nationalis
1366 1611 1610 1650 Conventus
1636 1623 1802 1649 errores
1829 1608 2010 1650 demon-

168 1671 379 1723 strandos,
402 1675 540 1714 statim
574 1684 766 1715 occurret
788 1672 999 1713 Pontificii
1021 1673 1243 1731 primatus,
1278 1676 1448 1731 ejusque
1473 1672 1782 1729 jurisdictionis
1812 1673 2006 1723 abolitio,

167 1751 263 1776 cum
285 1736 503 1779 decretum
524 1738 588 1788 sit,
618 1749 664 1779 ut
689 1754 697 1779 ε
740 1758 756 1772 «
782 1739 924 1778 Novus
953 1738 1187 1796 Episcopus
1209 1755 1297 1780 non
1322 1738 1478 1797 poterit
1510 1739 1563 1779 ad
1591 1739 1751 1796 Papam
1771 1753 2007 1787 recurrere,

171 1822 187 1835 ι(
226 1812 274 1841 ut
303 1802 354 1841 ab
388 1818 436 1843 eo
474 1803 604 1843 ullam
640 1802 1009 1844 confirmationem
1037 1803 1244 1853 obtineat,
1277 1803 1349 1845 sed
1383 1804 1436 1844 ad
1468 1818 1565 1844 eum
1605 1803 1775 1852 scribet,
1811 1802 1923 1844 velut
1957 1802 2008 1844 ad

172 1886 188 1900 «
226 1876 351 1921 caput
379 1867 574 1907 Ecclesia*
596 1866 857 1916 universalis,
879 1866 925 1907 in
952 1868 1243 1909 testimonium
1271 1867 1443 1909 unitatis
1473 1866 1593 1917 fidei,
1620 1878 1661 1908 et
1679 1866 2006 1917 communionis,

171 1949 186 1963 «
222 1945 349 1985 quam
372 1931 496 1972 debet
517 1947 612 1972 cum
642 1947 692 1972 eo
723 1931 919 1972 retinere.
947 1952 963 1966 »
987 1932 1104 1972 Nova
1130 1932 1418 1990 praescribitur
1434 1931 1712 1987 jurisjurandi
1735 1931 1936 1982 formula,
1966 1931 2010 1972 in

167 2010 248 2051 qua
269 1996 450 2038 Romani
469 1995 685 2037 Pontificis
707 2011 863 2036 nomen
883 2012 1155 2053 suppressum
1179 2010 1253 2038 est.
1280 1999 1369 2038 Imo
1390 2013 1485 2038 cum
1507 1997 1663 2038 electus
1683 2012 1734 2038 ex
1755 1998 1895 2052 jurata
1926 1996 2010 2038 fide

168 2072 360 2102 teneatur
394 2060 570 2101 decretis
603 2059 897 2109 nationalibus,
931 2060 973 2100 in
1001 2061 1150 2117 quibus
1176 2061 1406 2103 inhibitum
1435 2073 1512 2113 est,
1538 2077 1592 2103 ne
1624 2077 1646 2102 a
1667 2061 1873 2102 Pontifice
1894 2061 2008 2103 elec-

166 2124 292 2166 tionis
329 2124 592 2167 confirmatio
641 2124 897 2182 postuletur,
937 2141 988 2165 eo
1031 2126 1121 2183 ipso
1162 2127 1300 2167 omnis
1339 2127 1529 2182 ejusdem
1566 2125 1781 2167 Pontificis
1817 2137 2004 2183 potestas

167 2206 338 2247 prorsus
362 2188 617 2240 excluditur3
645 2200 770 2246 atque
804 2189 886 2230 hoc
911 2190 1041 2231 modo
1075 2190 1383 2233 abscinduntur
1409 2208 1432 2232 a
1459 2191 1577 2232 fonte
1603 2190 1696 2241 rivi,
1727 2190 1831 2232 rami
1866 2192 1919 2232 ab
1941 2208 2009 2232 ar-

167 2254 285 2305 bore,
305 2254 484 2311 populus
509 2270 530 2293 a
554 2253 690 2311 primo
710 2254 952 2296 Sacerdote.

227 2320 304 2359 Hic
321 2318 537 2359 vobiscum
558 2334 757 2375 usurpare
778 2319 911 2359 Nobis
935 2319 1073 2369 liceat,
1094 2331 1134 2360 et
1154 2322 1386 2378 exprimere
1408 2321 1543 2361 illatas
1569 2319 1775 2377 dignitati,
1800 2322 2006 2362 autorita—

168 2384 280 2440 tique
312 2395 466 2424 nostra*
498 2384 682 2437 injurias,
708 2384 896 2433 vocibus,
930 2384 1079 2440 quibus
1106 2386 1147 2426 S.
1186 2386 1412 2443 Gregorius
1442 2386 1623 2443 Magnus
1646 2384 1659 2405 ⁷
1687 2385 1868 2426 indoluit
1893 2387 2006 2443 apud

167 2447 487 2488 Constantinam
514 2449 761 2503 Augustam,
787 2448 839 2489 de
862 2449 1038 2499 Joanne,
1065 2451 1136 2505 qui
1160 2466 1267 2490 nova
1287 2466 1541 2507 praesumere
1562 2462 1761 2507 coeperat,
1782 2466 1908 2508 seque
1930 2467 2006 2508 per

218 2572 250 2603 1.
276 2570 370 2600 Dans
392 2569 422 2600 le
439 2567 522 2599 Brcf
539 2567 585 2599 du
607 2570 626 2602 ὃ
646 2567 759 2611 juillet
779 2570 882 2609 1791,
901 2568 1036 2601 adress<—
1052 2581 1095 2601 au
1111 2570 1178 2613 roi,
1193 2578 1279 2603 tom.
1303 2570 1371 2610 III,
1388 2570 1573 2615 Appendir,
1593 2583 1672 2616 par-s
1685 2575 1733 2612 II,
1755 2579 1794 2603 n⁰
1815 2575 1847 2613 1,
1865 2572 1896 2605 16
1910 2572 2004 2618 Pape

169 2615 219 2648 dit
239 2627 246 2649 :
269 2615 480 2660 Imploramus
497 2614 552 2645 lilti
571 2622 729 2659 receptam
748 2627 766 2646 a
782 2623 811 2646 te
824 2616 995 2660 pristinam
1012 2618 1417 2662 potestatem....juraque
1435 2619 1540 2648 omnia
1556 2619 1716 2653 restituta.
1733 2619 1828 2651 Dans
1847 2619 1937 2652 celui
1954 2619 2001 2653 du

170 2665 213 2696 23
233 2663 357 2694 fevrier
378 2665 480 2701 1792,
498 2670 582 2693 toni.
605 2661 674 2701 III,
694 2662 884 2706 Appemlix,
904 2675 984 2707 pars
1002 2667 1050 2704 ll,
1068 2670 1107 2695 11⁰
1127 2666 1160 2704 2,
1183 2664 1206 2695 il
1225 2664 1384 2695 souhaitc
1405 2664 1435 2695 16
1452 2664 1721 2697 1·‹³tablissenient
1740 2665 1783 2698 de
1802 2667 1833 2699 la
1854 2669 2003 2703 rovaute

169 2721 210 2742 en
225 2709 366 2749 France,
385 2713 586 2753 chmlmqm’
604 2707 685 2739 illud
696 2708 838 2752 (Gallice)
854 2708 899 2740 (al
907 2711 1136 2754 pristinajmn
1151 2718 1342 2742 revertatur.
1361 2710 1476 2750 Eufin,
1494 2710 1578 2743 (lans
1597 2712 1683 2744 celui
1701 2711 1749 2744 (lu
1765 2715 1784 2747 8
1799 2714 1880 2746 aofit
1896 2705 1999 2755 1792,

167 2764 254 2788 tom.
277 2756 344 2799 III,
366 2755 552 2799 <·¹l'l’‘’'“l‘³¹⁷
573 2768 651 2799 pars
673 2758 722 2795 ll,
741 2763 780 2786 110
802 2759 835 2792 ἐι,
858 2756 881 2787 il
904 2768 1031 2800 engage
1053 2757 1258 2802 l'cmpereur
1274 2756 1511 2801 d’Assmnagne
1531 2766 1565 2789 11!
1583 2760 1614 2790 in
1628 2772 1717 2791 saum
1737 2761 1862 2806 referat
1879 2769 1999 2793 statum

168 2815 228 2835 non
249 2804 350 2834 minus
368 2803 554 2841 Ecclesiam,
573 2814 666 2847 quam
689 2814 820 2845 regnum
840 2802 964 2834 Galliam
986 2803 1014 2835 11
1034 2803 1105 2836 faut
1123 2804 1288 2837 concilier
1307 2816 1360 2836 ces
1382 2816 1536 2849 passages
1553 2817 1634 2839 avec
1651 2807 1795 2841 celui-ci
1812 2821 1820 2842 :
1841 2808 1999 2840 ,Nolumus

168 2864 205 2881 eo
225 2850 324 2895 accipi
343 2862 497 2883 seusu..‚.
519 2857 552 2879 11!
577 2849 682 2879 omnia
702 2849 747 2880 ad
765 2850 938 2894 pristinum
959 2850 1078 2881 civilem
1096 2859 1214 2882 statum
1235 2850 1507 2894 redintegrentur.
1525 2852 1619 2885 Pour
1638 2854 1730 2887 lever
1749 2854 1782 2887 la
1799 2853 1997 2888 contradic-

169 2896 244 2929 tion
270 2904 470 2941 apparentc,
492 2895 513 2927 il
537 2895 607 2927 faut
632 2894 798 2927 cntendrc
817 2908 883 2939 que
914 2897 944 2928 le
964 2896 1054 2941 Papc
1074 2909 1116 2930 ne
1142 2906 1221 2930 vent
1246 2898 1347 2943 point
1372 2911 1570 2944 provoquer
1600 2901 1631 2933 le
1656 2901 1929 2934 retablissement
1954 2901 1998 2935 de

168 2944 313 2976 l'ancien
333 2943 460 2987 regime
479 2943 710 2987 accompagne
731 2940 775 2974 de
794 2955 843 2975 ses
861 2942 958 2975 abus.

217 2993 249 3024 2.
279 2989 436 3022 Secunda
453 2989 611 3021 secunda:
631 2997 752 3033 quaest.
773 2992 828 3031 10,
848 2998 910 3024 art.
929 2992 961 3023 8.

212 3040 245 3072 3.
273 3037 358 3080 Cap.
376 3049 417 3077 11,
435 3037 550 3070 n015.
806 3036 808 3038 ’

213 3086 248 3116 4.
276 3084 356 3116 Lib.
375 3083 444 3123 III,
466 3095 540 3127 cap.
563 3095 651 3123 xvir,
672 3090 713 3114 n⁰
731 3085 786 3117 13.

215 3134 247 3165 ὃ,
277 3130 388 3175 Epist.
407 3133 466 3171 93,
486 3139 510 3162 t.
530 3130 564 3161 II
578 3142 691 3174 oper„
712 3142 791 3174 pag.
816 3132 898 3171 ⁶237,
922 3129 1005 3164 edit.
1028 3131 1180 3166 Maurin.

214 3180 247 3211 6.
274 3178 384 3222 Epist.
409 3179 486 3219 185,
508 3185 594 3209 tom.
615 3176 712 3218 eod.‚
729 3189 804 3222 pag.
825 3180 906 3212 652.

213 3227 245 3258 7.
272 3225 382 3269 Epist.
406 3227 464 3264 21,
484 3224 542 3256 lib.
569 3224 616 3263 V,
636 3236 715 3269 pag.
737 3226 818 3265 751,
833 3233 917 3259 tom.
935 3225 986 3265 II,
1005 3237 1103 3271 oper.
1118 3225 1202 3259 edit.
1219 3227 1371 3261 Maurin.
