2135 3442
140 173 215 209 540
750 165 914 201 BULLE
944 164 1008 199 DE
1037 162 1311 199 RATIFICATI
1319 160 1380 196 ΟΝ

140 257 346 296 maximam
382 254 606 301 utilitatem,
645 252 937 301 maximumque
968 250 1084 287 decus
1108 248 1325 300 percepisse
1358 254 1395 284 et
1414 246 1489 284 hoc
1508 258 1661 296 quoque
1690 253 1862 296 tempore
1883 260 1985 297 prae-

141 315 286 355 stolari.

193 375 339 424 Quibus
353 374 405 412 ita
426 387 465 411 se
483 371 731 418 habentibus,
755 369 849 406 illud
875 382 954 420 prae
985 366 1161 404 omnibus
1190 365 1440 404 constitutum
1471 373 1541 411 est,
1573 372 1615 401 ut
1639 363 1775 414 religio
1802 364 1989 402 catholica

142 434 355 487 apostolica‘
370 436 545 470 Romana
567 431 691 467 libere
713 430 751 465 in
777 428 900 465 Gallia
927 434 1168 464 exerceatur.
1189 425 1289 462 Illud
1315 423 1429 461 etiam
1457 423 1642 460 sancitum
1663 432 1733 468 est,
1754 432 1795 460 ut
1815 423 1990 475 publicus

143 495 190 532 sit
209 494 309 532 illius
327 492 466 539 cultus,
489 489 620 528 habita
648 498 775 526 tamen
802 487 949 524 ratione
978 484 1280 532 ordinationum,
1304 484 1431 534 quoad
1468 482 1654 534 politiam,
1682 495 1776 532 quas
1804 483 1987 532 regimen,

143 567 213 604 pro
229 551 385 605 publica
410 547 706 599 tranquillitate,
728 546 963 584 necessarias
975 543 1221 582 existimabit.

194 612 357 656 Deinde,
392 623 482 647 cum
502 608 597 645 illud
628 606 795 644 maxime
822 603 1081 642 necessarium
1109 617 1190 640 esse
1211 610 1449 654 compertum
1480 600 1541 647 sit,
1571 609 1613 637 ut
1638 601 1685 637 de
1712 600 1991 652 episcopalibus

143 671 303 708 Sedibus
321 669 421 706 ratio
435 667 658 713 haberetur,
678 666 784 712 hinc,
808 677 893 701 cum
911 662 1151 701 Gallicanum
1172 662 1341 713 regimen
1353 674 1491 698 novam
1510 659 1593 697 {ieri
1610 659 1840 696 Gallicarum
1855 659 1996 698 dioece-

142 730 239 768 sium
269 725 671 777 circumscriptionem
713 737 752 761 se
783 735 924 774 cupere
957 721 1068 758 nobis
1103 720 1397 771 significaverit,
1430 718 1578 757 collatis
1612 732 1698 755 cum
1727 732 1772 756 eo
1800 718 1990 768 consiliis,

141 802 243 826 nova
278 802 299 824 a
335 786 446 823 nobis
489 785 725 823 Gallicarum
764 781 985 818 dioecesium
1026 779 1331 830 circumscriptio
1364 780 1445 826 fiet,
1480 792 1564 828 quae
1603 785 1744 815 mutuae
1787 777 1993 815 voluntatis

140 846 411 900 conjunctione
432 845 485 882 ita
508 843 734 896 perficietur
754 850 795 878 ut
815 839 1079 892 spiritualibus
1102 838 1379 876 catholicorum
1394 836 1683 875 necessitatibus
1699 836 1913 874 consultum
1929 836 1992 873 sit.

195 910 242 944 Et
261 904 460 956 quoniam,
487 911 565 940 tum
597 909 760 953 propter
791 913 933 937 novam
958 899 1059 936 hanc
1083 898 1202 950 ipsam
1232 897 1450 934 dioecesium
1484 896 1894 947 circumscriptionem,
1913 904 1994 933 tum

142 974 302 1018 propter
329 964 419 1001 alias
456 960 700 1013 gravissimus
731 972 879 1006 causas,
915 958 1045 995 onmia
1077 956 1351 1008 impedimenta
1387 957 1620 993 removenda
1647 964 1748 1002 sunt,
1782 969 1867 1006 quae
1888 963 1994 992 tanto

145 1023 255 1076 operi
273 1021 509 1075 perficiendo
531 1017 731 1057 adversari
747 1026 926 1068 possunt,
952 1025 1159 1068 propterea
1180 1029 1249 1053 nos
1275 1016 1385 1063 justae
1415 1014 1654 1066 persuasioni
1678 1014 1799 1051 innixi
1825 1013 1995 1052 Gallica-

143 1097 282 1120 narum
299 1080 556 1119 Ecclesiarum
582 1077 755 1115 titulares
776 1076 987 1129 Episcopos
1012 1075 1063 1112 ita
1081 1075 1209 1112 animo
1237 1088 1318 1112 esse
1345 1082 1586 1125 comparatos
1608 1082 1650 1110 ut
1669 1073 1793 1111 eidem
1820 1072 1996 1123 religioni

144 1141 272 1179 onmia
295 1139 497 1186 sacrificia,
519 1152 562 1175 ac
584 1137 644 1175 vel
668 1136 790 1188 ipsam
822 1149 978 1173 suarum
1000 1135 1154 1173 Sedium
1182 1133 1479 1184 resignationem
1516 1133 1625 1170 litare
1660 1147 1738 1170 non
1770 1133 1844 1170 sint
1866 1133 1996 1170 detre-

146 1201 282 1238 ctaturi
298 1199 415 1249 (quod
430 1196 577 1245 jamdiu
601 1210 718 1246 quam
739 1194 897 1247 plurimi
915 1194 1016 1231 inter
1032 1194 1151 1246 ipsos,
1170 1207 1380 1244 numquam
1400 1193 1488 1230 satis
1508 1192 1821 1229 commendandis
1843 1191 1995 1238 litteris,

149 1261 198 1297 ad
216 1259 429 1296 recolendae
448 1255 644 1294 memoriae
677 1255 1009 1292 Praedecessorem
1040 1261 1212 1290 nostrum
1238 1252 1334 1290 datis
1363 1251 1425 1290 die
1446 1251 1558 1288 tertia
1578 1251 1667 1288 Maii
1695 1251 1783 1288 anni
1805 1249 1997 1289 millesimi

148 1315 474 1369 septingentesimi
500 1312 741 1365 nonagesimi
771 1312 886 1364 primi
915 1312 1019 1349 ultro
1044 1311 1281 1362 obtulerunt)
1309 1311 1512 1362 praedictos
1542 1310 1714 1347 titulares
1746 1322 1817 1361 per
1850 1317 1999 1346 nostras

148 1376 375 1428 apostolicas
391 1376 554 1412 Litteras
581 1371 853 1410 sollicitudinis
878 1372 1011 1423 plenas
1037 1369 1333 1407 adhortabimur
1351 1377 1392 1406 ut
1413 1367 1592 1406 Ecclesiae
1616 1367 1703 1420 paci
1735 1376 1848 1418 atque
1865 1366 2000 1404 unitati

146 1436 361 1482 consulant,
383 1431 761 1484 significabimusque
782 1444 851 1467 nos
875 1430 922 1467 ab
938 1442 1072 1467 eorum
1084 1443 1159 1479 qua
1179 1428 1218 1466 in
1239 1427 1465 1478 religionem
1487 1426 1652 1476 flagrant
1670 1426 1872 1474 charitate,
1890 1426 2002 1462 firma

149 1496 303 1541 fiducia,
325 1507 369 1532 ea
389 1507 474 1543 quae
494 1490 671 1543 superius
689 1489 791 1527 dicta
820 1498 909 1527 sunt
929 1488 1114 1526 sacrificia
1135 1496 1353 1539 expectare,
1377 1500 1424 1524 ne
1447 1486 1528 1538 ipsa
1546 1486 1701 1536 quidem
1726 1486 1879 1523 Sedium
1904 1485 2002 1522 resi-

149 1554 329 1605 gnatione
349 1560 522 1603 excepta,
543 1564 629 1601 quae
645 1548 825 1587 Ecclesiae
842 1549 986 1586 bonum
1010 1549 1188 1599 imperat.
1213 1550 1296 1595 Qua
1318 1546 1537 1583 hortatione
1558 1546 1760 1596 promissa,
1792 1557 2002 1594 eorumque

150 1612 300 1664 cognita
322 1609 590 1663 responsione,
620 1622 735 1659 quam
766 1607 906 1645 nostris
935 1609 1175 1645 conformem
1198 1607 1296 1644 votis
1327 1607 1494 1643 futuram
1524 1619 1607 1642 esse
1638 1605 1740 1642 haud
1768 1605 2000 1650 dubitamus,

149 1681 369 1724 opportuna
393 1669 519 1707 media
552 1668 835 1714 adhibebimus,
870 1667 1009 1717 quibus
1042 1666 1242 1718 religionis
1271 1665 1373 1702 bono
1406 1665 1644 1711 consulatur,
1672 1672 1786 1713 atque
1814 1671 1869 1710 ut,
1904 1675 2003 1699 nova

148 1729 506 1780 circumscriptione
545 1735 700 1778 peracta
717 1756 727 1774 ,
765 1725 951 1764 Gallicani
988 1724 1175 1763 Gubernii
1223 1732 1313 1761 vota
1341 1723 1612 1774 impleantur,
1652 1735 1809 1773 operam
1850 1721 2004 1772 impen-

150 1791 302 1828 demus.

205 1846 528 1898 Archiepiscopos
550 1853 677 1882 autem
689 1853 726 1881 et
736 1844 945 1895 Episcopos
967 1856 1077 1880 novae
1095 1840 1463 1892 circumscriptionis
1479 1839 1708 1876 dioecesibus
1722 1838 2003 1890 praeficiendos,

155 1907 295 1946 Consul
322 1906 470 1957 primus
500 1904 708 1942 Gallicanae
739 1903 977 1954 Reipublicae
1011 1901 1248 1947 nominabit,
1277 1898 1637 1948 nominationesque
1671 1897 1870 1935 exhibebit
1905 1897 2007 1934 intra

158 1976 232 2004 tres
263 1978 412 2002 menses
444 1962 509 2013 qui
538 1962 891 2014 promulgationem
922 1961 1140 2013 apostolica?
1165 1958 1447 1997 constitutionis
1483 1966 1783 2008 consequentur.
1810 1960 1887 1994 Nos
1915 1969 2007 1994 vero

155 2025 291 2062 iisdem
311 2022 518 2061 nominatis
539 2022 820 2059 institutionem
840 2021 1068 2058 canonicam
1087 2019 1261 2056 (labimus
1277 2017 1386 2065 juxta
1407 2018 1549 2054 formas
1567 2017 1685 2055 relate
1705 2018 1753 2053 ad
1767 2016 1909 2054 Gallias
1923 2024 2009 2053 ante

156 2083 351 2134 regiminis
371 2082 712 2120 commutationem
736 2090 909 2118 statutas.
1745 2112 1749 2118 ,

208 2144 350 2180 Eadem
375 2141 475 2179 ratio
506 2139 737 2187 servabitur,
771 2149 846 2177 tam
879 2139 920 2176 in
956 2137 1296 2184 nominationibus,
1332 2150 1446 2186 quam
1482 2135 1520 2172 in
1556 2135 1739 2173 canonica
1772 2134 2010 2172 institutione

156 2216 289 2241 eorum
304 2200 370 2251 qui
389 2200 428 2237 in
444 2209 642 2252 posterum
661 2198 886 2236 vacantibus
904 2197 1066 2236 Sedibus
1088 2196 1380 2234 substituentur.

209 2264 262 2298 Ut
284 2273 375 2298 vero
395 2272 442 2296 ne
467 2258 670 2296 minimum
705 2258 861 2308 quidem
890 2257 1059 2294 dubitari
1088 2255 1209 2308 possit
1229 2256 1274 2293 de
1306 2254 1477 2293 sensibus
1505 2269 1547 2292 ac
1580 2262 1707 2291 mente
1727 2252 2010 2304 Episcoporum

158 2320 394 2372 (quanquam
412 2317 526 2355 etiam
547 2317 627 2355 sine
653 2317 766 2354 ullius
787 2315 1022 2366 obligatione
1051 2314 1273 2363 juramenti,
1302 2315 1409 2362 juxta
1430 2313 1627 2364 Evangelii
1657 2310 1894 2363 praescripta,
1917 2309 2012 2361 quid

159 2380 348 2430 supremis
364 2376 578 2428 praepositis
602 2376 769 2414 debeant
785 2375 930 2426 optime
950 2375 1145 2421 noverint,
1163 2382 1276 2424 atque
1294 2373 1457 2424 implere
1477 2371 1712 2419 teneantur),
1729 2384 1807 2421 quo
1828 2370 2014 2408 certiores

159 2438 235 2476 sint
251 2438 298 2475 de
318 2450 452 2474 eorum
480 2436 553 2473 fide
575 2444 690 2486 atque
714 2434 935 2472 obedientia
961 2432 1198 2484 Reipublicae
1228 2436 1424 2479 Rectores,
1448 2430 1708 2469 consensimus
1743 2439 1785 2467 ut
1815 2427 2011 2480 Episcopi,

160 2505 367 2546 antequam
387 2494 606 2546 episcopale
628 2508 767 2531 munus
789 2493 1000 2543 gerendum
1027 2491 1248 2542 suscipiant,
1278 2505 1406 2529 coram
1428 2490 1554 2542 primo
1575 2489 1739 2527 Consule
1752 2487 2014 2540 juramentum

161 2554 354 2593 fidelitatis
372 2554 547 2591 emittant
567 2554 675 2603 quod
696 2561 779 2590 erat
794 2554 833 2589 in
848 2565 955 2589 more
972 2551 1141 2602 positum
1157 2559 1244 2588 ante
1264 2550 1461 2600 regiminis
1478 2548 1831 2594 commutationem,
1849 2558 2015 2596 sequen-

162 2614 263 2651 tibus
285 2612 412 2650 verbis
433 2625 681 2663 expressum:
713 2629 729 2645 «
761 2614 843 2661 Ego
866 2610 956 2663 juro
980 2619 1018 2648 et
1035 2610 1217 2661 promitto
1247 2610 1294 2646 ad
1317 2618 1445 2646 sancta
1476 2607 1547 2645 Dei
1574 2605 1797 2656 Evangelia,
1829 2602 2017 2641 obedien-

168 2689 186 2706 «
217 2672 307 2709 tiam
330 2680 367 2708 et
380 2670 599 2708 fidelitatem
622 2671 823 2708 Gubernio
847 2684 919 2721 per
939 2668 1251 2707 constitutionem
1273 2667 1478 2706 Gallicanae
1489 2666 1725 2717 Reipublicae
1745 2672 1900 2702 statuto.
1919 2665 2018 2699 Item

171 2748 185 2766 «
218 2730 404 2782 promitto
431 2742 491 2765 me
523 2729 668 2765 nullam
700 2728 1086 2765 communicationem
1117 2726 1358 2778 habiturum,
1392 2726 1497 2762 nullo
1529 2725 1689 2762 consilio
1725 2723 2014 2766 interfuturum,

170 2805 190 2823 α
221 2789 445 2838 nullamque
467 2795 683 2838 suspectam
715 2787 897 2824 unionem
916 2800 1043 2836 neque
1058 2786 1158 2822 intra
1175 2798 1300 2835 neque
1327 2793 1434 2821 extra
1458 2791 1788 2829 conservaturum,
1811 2788 2017 2831 quaetran-

173 2866 190 2882 α
222 2847 402 2898 quillitati
424 2845 594 2898 publica?
614 2854 761 2891 noceat,
784 2854 821 2882 et
838 2846 868 2883 si
893 2855 971 2882 tam
993 2845 1032 2882 in
1062 2844 1213 2882 dioecesi
1239 2858 1338 2891 mea,
1362 2857 1475 2893 quam
1505 2842 1595 2880 alibi
1621 2840 1794 2879 noverim
1819 2838 1963 2888 aliquid
1978 2836 2017 2873 in

175 2924 189 2942 «
224 2910 351 2944 Status
372 2905 557 2942 damnum
577 2904 747 2950 tractari,
769 2905 967 2941 Gubernio
990 2902 1253 2941 manifestabo.
1280 2919 1294 2936 »

226 3025 446 3074 Iisdemque
479 3023 527 3060 de
555 3023 676 3060 causis
708 3022 972 3059 consensimus
1007 3021 1281 3059 ecclesiasticos
1310 3019 1465 3058 secundi
1501 3017 1646 3055 ordinis
1678 3016 1718 3053 in
1744 3016 1878 3053 eadem
1902 3012 2018 3051 rerba

169 3084 302 3132 jurare
320 3097 453 3121 coram
476 3082 766 3120 auctoritatibus
788 3080 963 3118 civilibus
980 3095 1064 3130 quae
1078 3094 1098 3117 a
1111 3080 1338 3118 Rectoribus
1356 3078 1591 3130 Reipublicae
1607 3074 1922 3126 designabuntur.

231 3203 327 3239 Cum
343 3200 579 3239 inscrutabili
599 3199 758 3238 consilio
779 3197 916 3236 divinae
930 3197 1198 3244 Providentiae,
1216 3211 1299 3248 quae
1317 3195 1492 3246 largitate
1511 3195 1698 3232 donorum
1719 3190 1862 3240 ubique
1877 3184 2021 3225 diffun-
