2135 3442
815 265 891 299 XX
920 265 1028 301 MAII
1056 264 1261 302 MDCCCL.

432 497 497 564 S.
548 496 613 562 S.
666 497 975 563 DOMINI
1028 498 1338 565 NOSTRI
1392 496 1513 563 PII
1561 497 1651 563 IX

859 657 1228 709 ALLOCUTIO

519 784 558 808 ix
581 783 849 809 coxsisromo
868 784 1047 810 SECRETO
1072 791 1121 811 20
1146 787 1239 812 man
1271 793 1278 811 ι
1297 782 1373 812 850
1397 785 1566 811 ΗΑΒιΤΑ.

801 898 1077 939 Venerabiles
1094 899 1285 939 Fratres.

186 1006 227 1049 Si
247 1022 410 1065 semper
428 1018 565 1057 antea,
587 1008 859 1049 Venerabiles
873 1009 1054 1059 Fratres,
1078 1009 1368 1051 admirabilem
1387 1010 1463 1051 Dei
1477 1009 1637 1067 Optimi
1656 1011 1830 1052 Maximi
1849 1010 1891 1051 in
1916 1027 1960 1052 1-0

127 1072 334 1112 catholica
365 1071 522 1112 tuenda
547 1072 856 1128 providentiam
884 1072 1067 1114 extitisse
1091 1075 1380 1131 cognovimus,
1413 1074 1635 1131 postremis
1660 1075 1773 1117 hisce
1798 1074 1961 1133 potissi-

127 1151 244 1177 mum
260 1136 380 1177 annis
404 1136 615 1177 coelestem
633 1135 747 1177 illam
776 1136 876 1189 vim,
903 1153 985 1194 qua
1005 1139 1118 1179 Deus
1142 1138 1337 1179 Ecclesiae
1358 1154 1440 1179 sua*
1465 1154 1595 1196 usque
1615 1138 1669 1179 ad
1687 1155 1961 1181 consumma⁴

130 1200 288 1242 tionem
306 1199 443 1241 saeculi
463 1216 551 1241 sese
572 1200 819 1242 adfuturum
836 1202 1046 1258 promisit,
1067 1202 1307 1243 mir-andum
1326 1203 1369 1244 111
1390 1203 1563 1244 modum
1581 1203 1736 1261 fulgere
1751 1203 1964 1262 perspexi-

128 1280 238 1306 mus.
266 1264 468 1306 Universo
499 1265 627 1315 enim,
657 1281 740 1322 qua
767 1266 847 1307 late
873 1277 1003 1324 patet,
1035 1277 1243 1308 terrarum
1273 1267 1366 1308 orbi
1388 1279 1495 1309 nota*
1521 1284 1567 1308 ac
1596 1268 1846 1326 pervulgatae
1869 1279 1964 1310 sunt

130 1329 379 1370 tristissima*
400 1346 541 1371 rerum
561 1330 882 1381 vicissitudines,
906 1332 1058 1389 quibus
1070 1333 1158 1373 Nos
1174 1333 1450 1374 vehementer
1473 1332 1616 1374 afflicti
1640 1334 1693 1373 ab
1712 1335 1791 1374 hac
1810 1333 1964 1388 Nostra

128 1394 236 1435 Sede
260 1394 476 1437 sexdecim
497 1406 538 1436 et
568 1395 747 1453 amplius
774 1412 940 1437 menses
968 1396 1158 1438 exsulare
1183 1397 1317 1439 coacti
1346 1397 1513 1447 fuimus,
1539 1397 1724 1455 itemque
1748 1409 1962 1455 comperta

130 1470 255 1515 atque
285 1460 500 1517 explorata
536 1471 633 1501 sunt
665 1461 957 1512 acerbissima,
991 1473 1031 1503 et
1063 1478 1297 1519 numquam
1333 1463 1432 1504 satis
1462 1463 1723 1520 deploranda
1754 1474 1963 1521 tempora,

131 1524 282 1580 quibus
299 1526 574 1566 tenebrarum
590 1526 788 1584 princeps
806 1542 923 1568 suam
946 1543 1119 1569 omnem
1139 1540 1287 1569 contra
1309 1529 1556 1581 Ecclesiam,
1589 1539 1630 1570 et
1651 1530 1759 1570 hanc
1781 1530 1966 1586 Aposto-

130 1588 255 1630 licam
273 1589 425 1630 Sedem
445 1590 607 1632 rabiem
629 1607 839 1643 evomere,
867 1604 993 1649 atque
1012 1592 1054 1633 in
1073 1594 1152 1634 hac
1176 1593 1264 1651 ipsa
1285 1610 1454 1651 quoque
1473 1595 1603 1645 Urbe,
1627 1594 1842 1635 catholicae
1860 1593 1968 1634 veri-

132 1653 228 1695 tatis
261 1666 424 1707 centro,
459 1671 556 1696 cum
590 1656 826 1698 incredibili
854 1658 1028 1708 Nostro,
1062 1669 1287 1715 vestroque
1319 1670 1360 1700 et
1388 1658 1580 1700 omnium
1611 1660 1825 1700 bonorum
1854 1659 1966 1699 luctu

134 1718 384 1760 debacchari
405 1719 513 1760 visus
533 1731 608 1761 est.
640 1724 781 1777 Atque
805 1737 953 1762 omnes
970 1734 1128 1762 norunt
1151 1723 1368 1778 quomodo
1388 1726 1526 1777 justus
1549 1734 1591 1764 et
1614 1722 1852 1764 misericors
1876 1724 1966 1764 Do-

133 1784 285 1834 minus,
324 1785 395 1841 qui
428 1786 611 1842 percutit
647 1797 688 1826 et
719 1797 851 1839 sanat,
884 1785 1110 1827 mortificat
1145 1798 1186 1827 et
1219 1786 1417 1840 vivificat,
1450 1787 1623 1829 deducit
1659 1787 1713 1828 ad
1738 1788 1896 1829 inferos
1928 1799 1970 1829 et

133 1848 309 1898 reducit,
351 1849 629 1906 praesentibus
661 1851 979 1908 manifestisque
1009 1867 1091 1892 51111
1129 1851 1332 1893 bonitatis
1366 1820 1568 1910 pii‘asidiis
1610 1853 1849 1894 consolatus
1883 1852 1971 1894 Nos

135 1912 288 1953 1110111
278 1930 321 1954 1n
342 1914 613 1955 tribulatione
629 1915 802 1965 Nostra,
825 1926 865 1956 01
886 1916 1061 1957 Νο511115
1083 1933 1135 1974 pi
1138 1932 1231 1958 0005
1256 1916 1534 1974 gemitusque,
1559 1933 1606 1958 ac
1630 1916 1760 1958 totius
1778 1917 1970 1958 Ecclesia

135 1989 231 2018 10111
252 1978 436 2036 propitio
459 1991 501 2020 et
521 1995 668 2020 5010110
689 1949 807 2021 1111111
828 1980 1055 2038 respiciens
1080 1981 1432 2023 luctuosissimam
1454 1981 1569 2023 illam
1599 1993 1725 2039 atque
1752 1983 1804 2022 ab
1827 1981 1971 2023 infeiis

134 2042 357 2083 excitatam
371 2055 665 2101 tempestatem
681 2045 843 2095 sedare,
866 2057 905 2086 et
925 2046 1161 2087 carissimos
1179 2047 1408 2088 Pontifici&¹
1427 2048 1592 2089 Nostra’
1606 2047 1777 2089 ditionis
1791 2047 1972 2105 populos

134 2108 187 2148 ab
205 2108 359 2148 infelici
387 2109 476 2160 illo,
500 2111 542 2150 in
558 2126 642 2166 quo
662 2109 811 2152 misere
829 2112 1043 2165 jacebant,
1068 2123 1177 2153 statu
1202 2112 1379 2170 eripere,
1415 2113 1588 2170 Nosque
1611 2114 1655 2153 in
1684 2113 1792 2153 hanc
1818 2111 1972 2153 almam

134 2173 295 2213 Urbem
317 2172 414 2230 ipsis
437 2175 604 2232 populis
628 2192 711 2233 pra·
731 2176 873 2218 laetitia
889 2176 1181 2234 gestientibus,
1201 2189 1324 2235 atque
1346 2179 1461 2219 omni
1481 2177 1697 2219 Catholico
1716 2177 1820 2218 orbe
1838 2177 1972 2218 exsul-

136 2248 269 2286 tante,
296 2237 500 2280 reducere
524 2241 575 2281 sit
607 2240 818 2297 dignatus.
857 2242 1003 2298 Itaque
1039 2258 1134 2283 cum
1165 2253 1261 2300 post
1291 2243 1493 2284 Nostrum
1531 2242 1573 2283 in
1605 2241 1766 2283 Urbem
1789 2241 1972 2283 reditum

135 2301 345 2343 hodierno
374 2302 441 2344 die
469 2319 540 2344 105
563 2304 748 2362 primum
782 2306 1034 2362 alloquuturi
1060 2306 1204 2357 simus,
1239 2306 1345 2348 nihil
1374 2318 1488 2348 certe
1512 2305 1645 2347 Nobis
1667 2306 1821 2363 potius,
1844 2322 1972 2363 quam

138 2377 184 2406 ut
201 2367 423 2419 maximas,
451 2379 572 2424 atque
597 2370 857 2411 immortales
882 2371 1175 2428 Omnipotenti
1200 2372 1290 2412 Deo
1321 2386 1397 2428 pro
1415 2370 1541 2411 tantis
1562 2369 1778 2411 beneficiis
1801 2376 1973 2429 agamus

137 2430 307 2489 gratias,
333 2447 380 2472 ac
400 2432 559 2472 meritis
582 2433 777 2475 laudibus
796 2451 1101 2491 prosequamur
1129 2436 1306 2492 inclytas
1330 2434 1418 2475 illas
1445 2434 1644 2476 Nationes
1677 2446 1718 2475 et
1741 2436 1969 2493 Principes,

139 2494 211 2552 qui
241 2511 263 2535 a
285 2496 376 2536 Deo
398 2496 488 2553 ipso
510 2497 674 2538 excitati
693 2498 746 2539 de
770 2499 918 2552 Nobis,
948 2499 1083 2555 deque
1103 2501 1182 2540 hac
1202 2498 1447 2556 Apostolica
1479 2499 1585 2540 Sede
1606 2499 1767 2557 optime
1797 2499 1967 2549 mereri,

139 2571 181 2600 et
196 2560 279 2600 suis
310 2560 478 2618 opibus,
515 2562 698 2604 consiliis
716 2575 757 2604 et
784 2564 909 2605 armis
931 2564 1096 2606 civilem
1127 2565 1318 2620 ejusdem
1349 2564 1465 2605 Sedis
1484 2565 1773 2622 principatum
1797 2564 1903 2607 tueri
1926 2580 1973 2606 ac

140 2623 384 2676 defendere,
422 2637 462 2666 et
481 2626 695 2682 publicam
728 2628 913 2684 quietem
946 2639 986 2668 et
1014 2628 1208 2669 ordinem
1242 2627 1339 2669 huic
1362 2627 1467 2667 [rbi
1495 2639 1535 2669 et
1564 2629 1790 2671 Pontificioe
1823 2628 1972 2670 ditioni

138 2689 359 2731 restituere
377 2702 461 2730 tam
482 2690 752 2733 vehementer
771 2691 896 2733 laetati
921 2704 1031 2734 sunt.

198 2795 339 2851 Atque
369 2795 592 2851 gratissimi
627 2796 768 2837 Nostri
804 2797 932 2838 animi
971 2813 1130 2847 sensus,
1172 2809 1212 2838 et
1245 2798 1491 2839 Nostrarum
1522 2799 1696 2840 laudum
1715 2799 1971 2857 pra‘conium

141 2860 292 2900 merito
334 2859 411 2900 sibi
456 2860 644 2901 vindicat
678 2861 921 2902 Carissimus
956 2863 999 2902 in
1038 2863 1200 2903 Christo
1240 2863 1369 2904 Filius
1401 2865 1553 2906 Noster
1584 2864 1876 2905 Ferdinandus
1910 2864 1966 2913 II,

141 2923 355 2981 utriusque
377 2925 524 2966 Sicilia*
550 2927 641 2966 Rex
664 2925 847 2966 illustris.
883 2928 976 2983 Ipse
1004 2927 1118 2968 enim
1142 2943 1220 2984 pro
1250 2927 1401 2969 eximia
1425 2944 1500 2970 sua
1526 2929 1748 2986 religione,
1771 2929 1839 2969 vix
1869 2927 1970 2968 dum

143 2989 194 3030 de
229 2990 388 3030 Nostro
424 2992 607 3045 Cajetam
643 2990 824 3031 adventu
860 2992 1012 3031 certior
1044 2990 1191 3041 factus,
1231 2992 1343 3032 nulla
1375 2994 1620 3051 interposita
1640 3009 1777 3043 mora,
1799 2992 1854 3033 ad
1882 2992 1970 3032 Nos

143 3054 344 3095 advolans
364 3071 445 3096 una
486 3071 580 3096 cum
606 3056 793 3112 Augusta
815 3071 885 3095 sua
911 3057 1099 3112 Conjuge
1120 3056 1254 3097 Maria
1275 3057 1472 3099 Theresia
1487 3073 1632 3099 omnes
1653 3056 1874 3114 singularis
1889 3070 1970 3095 sua¹

144 3120 322 3174 pietatis,
351 3136 399 3161 ac
414 3119 548 3160 filialis
568 3135 740 3178 prorsus
758 3119 996 3160 devotionis
1011 3131 1051 3161 et
1069 3120 1262 3176 obsequii
1279 3120 1600 3179 significationes
1617 3119 1768 3162 Christi
1788 3120 1831 3159 in
1851 3118 1970 3159 terris

144 3183 307 3225 Vicario
329 3185 528 3227 exhibere
547 3185 816 3227 vehementer
839 3184 1040 3242 gaudens,
1066 3186 1154 3227 Nos
1171 3186 1370 3228 munifico
1398 3187 1582 3244 hospitio
1601 3184 1780 3242 excepit,
1812 3199 1858 3225 ac
1879 3193 1969 3224 toto
