<?xml version="1.0" encoding="UTF-8"?>
<!DOCTYPE html PUBLIC "-//W3C//DTD XHTML 1.0 Transitional//EN"
    "http://www.w3.org/TR/xhtml1/DTD/xhtml1-transitional.dtd">
<html xmlns="http://www.w3.org/1999/xhtml" xml:lang="en" lang="en">
 <head>
  <title>
</title>
<meta http-equiv="Content-Type" content="text/html;charset=utf-8" />
  <meta name='ocr-system' content='tesseract 3.04.00' />
  <meta name='ocr-capabilities' content='ocr_page ocr_carea ocr_par ocr_line ocrx_word'/>
</head>
<body>
  <div class='ocr_page' id='page_1' title='image "./recueildesallocu00cath_0110.png"; bbox 0 0 2135 3442; ppageno 0'>
   <div class='ocr_carea' id='block_1_1' title="bbox 223 140 1355 179">
    <p class='ocr_par' dir='ltr' id='par_1_1' title="bbox 223 140 1355 179">
     <span class='ocr_line' id='line_1_1' title="bbox 223 140 1355 179; baseline -0.003 0"><span class='ocrx_word' id='word_1_1' title='bbox 223 143 272 179; x_wconf 78' lang='lat'>98</span> <span class='ocrx_word' id='word_1_2' title='bbox 934 140 1059 175; x_wconf 88' lang='lat' dir='ltr'>BREF</span> <span class='ocrx_word' id='word_1_3' title='bbox 1087 140 1153 175; x_wconf 92' lang='lat' dir='ltr'>DE</span> <span class='ocrx_word' id='word_1_4' title='bbox 1183 140 1262 176; x_wconf 89' lang='lat' dir='ltr'>PIE</span> <span class='ocrx_word' id='word_1_5' title='bbox 1289 140 1355 176; x_wconf 92' lang='lat' dir='ltr'>VI.</span> 
     </span>
    </p>
   </div>
   <div class='ocr_carea' id='block_1_2' title="bbox 222 225 2074 2018">
    <p class='ocr_par' dir='ltr' id='par_1_2' title="bbox 222 225 2074 2018">
     <span class='ocr_line' id='line_1_2' title="bbox 224 225 2068 286; baseline -0.001 -15"><span class='ocrx_word' id='word_1_6' title='bbox 224 229 360 272; x_wconf 89' lang='lat' dir='ltr'>verbis</span> <span class='ocrx_word' id='word_1_7' title='bbox 391 228 661 286; x_wconf 79' lang='lat' dir='ltr'>exscriptum,</span> <span class='ocrx_word' id='word_1_8' title='bbox 691 227 864 279; x_wconf 86' lang='lat' dir='ltr'>fecerat,</span> <span class='ocrx_word' id='word_1_9' title='bbox 894 242 970 285; x_wconf 90' lang='lat' dir='ltr'>per</span> <span class='ocrx_word' id='word_1_10' title='bbox 988 227 1105 284; x_wconf 90' lang='lat' dir='ltr'>quod</span> <span class='ocrx_word' id='word_1_11' title='bbox 1128 227 1322 268; x_wconf 79' lang='lat' dir='ltr'>Ecclesiae</span> <span class='ocrx_word' id='word_1_12' title='bbox 1344 225 1588 283; x_wconf 82' lang='lat' dir='ltr'>Anglicanae</span> <span class='ocrx_word' id='word_1_13' title='bbox 1612 225 1853 267; x_wconf 86' lang='lat' dir='ltr'>libertatem</span> <span class='ocrx_word' id='word_1_14' title='bbox 1875 227 2068 283; x_wconf 88' lang='lat' dir='ltr'>abolens,</span> 
     </span>
     <span class='ocr_line' id='line_1_3' title="bbox 223 289 2072 352; baseline 0 -17"><span class='ocrx_word' id='word_1_15' title='bbox 223 295 429 352; x_wconf 80' lang='lat' dir='ltr'>primatus</span> <span class='ocrx_word' id='word_1_16' title='bbox 452 292 531 334; x_wconf 88' lang='lat' dir='ltr'>sibi</span> <span class='ocrx_word' id='word_1_17' title='bbox 543 294 639 349; x_wconf 87' lang='lat' dir='ltr'>jura</span> <span class='ocrx_word' id='word_1_18' title='bbox 663 291 824 334; x_wconf 87' lang='lat' dir='ltr'>ibidem</span> <span class='ocrx_word' id='word_1_19' title='bbox 843 291 1084 350; x_wconf 73' lang='lat' dir='ltr'>arrogabat.</span> <span class='ocrx_word' id='word_1_20' title='bbox 1103 293 1248 349; x_wconf 91' lang='lat' dir='ltr'>Ipsum</span> <span class='ocrx_word' id='word_1_21' title='bbox 1266 289 1484 349; x_wconf 86' lang='lat' dir='ltr'>Episcopis</span> <span class='ocrx_word' id='word_1_22' title='bbox 1500 305 1745 347; x_wconf 89' lang='lat' dir='ltr'>proponens</span> <span class='ocrx_word' id='word_1_23' title='bbox 1766 289 2004 348; x_wconf 87' lang='lat' dir='ltr'>imperavit,</span> <span class='ocrx_word' id='word_1_24' title='bbox 2024 303 2072 335; x_wconf 86' lang='lat' dir='ltr'>ut</span> 
     </span>
     <span class='ocr_line' id='line_1_4' title="bbox 224 354 2070 414; baseline -0.002 -14"><span class='ocrx_word' id='word_1_25' title='bbox 224 361 268 400; x_wconf 90' lang='lat' dir='ltr'>in</span> <span class='ocrx_word' id='word_1_26' title='bbox 286 359 374 414; x_wconf 86' lang='lat' dir='ltr'>ejus</span> <span class='ocrx_word' id='word_1_27' title='bbox 395 358 554 399; x_wconf 81' lang='lat' dir='ltr'>decreti</span> <span class='ocrx_word' id='word_1_28' title='bbox 574 358 702 398; x_wconf 79' lang='lat' dir='ltr'>verba</span> <span class='ocrx_word' id='word_1_29' title='bbox 716 358 922 413; x_wconf 76' lang='lat' dir='ltr'>jurarent,</span> <span class='ocrx_word' id='word_1_30' title='bbox 946 357 990 396; x_wconf 86' lang='lat' dir='ltr'>in</span> <span class='ocrx_word' id='word_1_31' title='bbox 1010 362 1149 397; x_wconf 76' lang='lat' dir='ltr'>avitas</span> <span class='ocrx_word' id='word_1_32' title='bbox 1166 355 1337 406; x_wconf 82' lang='lat' dir='ltr'>scilicet,</span> <span class='ocrx_word' id='word_1_33' title='bbox 1365 366 1412 396; x_wconf 89' lang='lat' dir='ltr'>ut</span> <span class='ocrx_word' id='word_1_34' title='bbox 1432 354 1687 412; x_wconf 84' lang='lat' dir='ltr'>appellabat,</span> <span class='ocrx_word' id='word_1_35' title='bbox 1710 359 1832 411; x_wconf 82' lang='lat' dir='ltr'>regni</span> <span class='ocrx_word' id='word_1_36' title='bbox 1849 365 2070 398; x_wconf 77' lang='lat' dir='ltr'>consuetu-</span> 
     </span>
     <span class='ocr_line' id='line_1_5' title="bbox 224 418 2070 480; baseline -0.001 -15"><span class='ocrx_word' id='word_1_37' title='bbox 224 424 362 465; x_wconf 79' lang='lat' dir='ltr'>dines.</span> <span class='ocrx_word' id='word_1_38' title='bbox 384 423 449 464; x_wconf 90' lang='lat' dir='ltr'>Illi</span> <span class='ocrx_word' id='word_1_39' title='bbox 472 439 567 464; x_wconf 86' lang='lat' dir='ltr'>cum</span> <span class='ocrx_word' id='word_1_40' title='bbox 588 433 802 480; x_wconf 86' lang='lat' dir='ltr'>parerent,</span> <span class='ocrx_word' id='word_1_41' title='bbox 832 423 873 462; x_wconf 88' lang='lat' dir='ltr'>iu</span> <span class='ocrx_word' id='word_1_42' title='bbox 889 421 1074 478; x_wconf 87' lang='lat' dir='ltr'>jurando</span> <span class='ocrx_word' id='word_1_43' title='bbox 1102 433 1244 463; x_wconf 88' lang='lat' dir='ltr'>tamen</span> <span class='ocrx_word' id='word_1_44' title='bbox 1265 423 1376 462; x_wconf 86' lang='lat' dir='ltr'>hanc</span> <span class='ocrx_word' id='word_1_45' title='bbox 1407 420 1662 475; x_wconf 84' lang='lat' dir='ltr'>adjiciebant</span> <span class='ocrx_word' id='word_1_46' title='bbox 1683 418 1928 473; x_wconf 80' lang='lat' dir='ltr'>clausulam,</span> <span class='ocrx_word' id='word_1_47' title='bbox 1951 421 2070 463; x_wconf 79' lang='lat' dir='ltr'>salvo</span> 
     </span>
     <span class='ocr_line' id='line_1_6' title="bbox 224 484 2073 544; baseline -0.001 -15"><span class='ocrx_word' id='word_1_48' title='bbox 224 489 374 529; x_wconf 79' lang='lat' dir='ltr'>ordine</span> <span class='ocrx_word' id='word_1_49' title='bbox 394 504 498 540; x_wconf 79' lang='lat' dir='ltr'>sno,·</span> <span class='ocrx_word' id='word_1_50' title='bbox 521 487 595 529; x_wconf 85' lang='lat' dir='ltr'>sed</span> <span class='ocrx_word' id='word_1_51' title='bbox 615 488 706 529; x_wconf 79' lang='lat' dir='ltr'>hacc</span> <span class='ocrx_word' id='word_1_52' title='bbox 729 486 912 529; x_wconf 82' lang='lat' dir='ltr'>clausula</span> <span class='ocrx_word' id='word_1_53' title='bbox 936 485 1023 544; x_wconf 82' lang='lat' dir='ltr'>regi</span> <span class='ocrx_word' id='word_1_54' title='bbox 1046 501 1134 527; x_wconf 89' lang='lat' dir='ltr'>non</span> <span class='ocrx_word' id='word_1_55' title='bbox 1148 485 1361 544; x_wconf 79' lang='lat' dir='ltr'>placebat,</span> <span class='ocrx_word' id='word_1_56' title='bbox 1383 500 1479 526; x_wconf 92' lang='lat' dir='ltr'>cum</span> <span class='ocrx_word' id='word_1_57' title='bbox 1499 484 1684 525; x_wconf 86' lang='lat' dir='ltr'>diceret:</span> <span class='ocrx_word' id='word_1_58' title='bbox 1707 484 1848 525; x_wconf 80' lang='lat' dir='ltr'>Verbo</span> <span class='ocrx_word' id='word_1_59' title='bbox 1869 484 1941 525; x_wconf 75' lang='lat' dir='ltr'><em>illi</em></span> <span class='ocrx_word' id='word_1_60' title='bbox 1955 501 2073 527; x_wconf 76' lang='lat' dir='ltr'>vene-</span> 
     </span>
     <span class='ocr_line' id='line_1_7' title="bbox 226 549 2074 610; baseline -0.002 -15"><span class='ocrx_word' id='word_1_61' title='bbox 226 570 323 595; x_wconf 76' lang='lat' dir='ltr'>num</span> <span class='ocrx_word' id='word_1_62' title='bbox 345 560 494 606; x_wconf 82' lang='lat' dir='ltr'>inesse,</span> <span class='ocrx_word' id='word_1_63' title='bbox 526 563 566 594; x_wconf 77' lang='lat' dir='ltr'>et</span> <span class='ocrx_word' id='word_1_64' title='bbox 584 559 814 610; x_wconf 71' lang='lat' dir='ltr'>captiosum</span> <span class='ocrx_word' id='word_1_65' title='bbox 842 568 929 593; x_wconf 77' lang='lat' dir='ltr'>esse</span> <span class='ocrx_word' id='word_1_66' title='bbox 946 551 1060 591; x_wconf 66' lang='lat' dir='ltr'><em>illud</em></span> <span class='ocrx_word' id='word_1_67' title='bbox 1070 567 1082 591; x_wconf 92' lang='lat'><em>:</em></span> <span class='ocrx_word' id='word_1_68' title='bbox 1104 551 1222 592; x_wconf 75' lang='lat' dir='ltr'>salvo</span> <span class='ocrx_word' id='word_1_69' title='bbox 1243 551 1392 592; x_wconf 78' lang='lat' dir='ltr'>ordine</span> <span class='ocrx_word' id='word_1_70' title='bbox 1411 566 1502 590; x_wconf 77' lang='grc' dir='ltr'>Ιςιιο.</span> <span class='ocrx_word' id='word_1_71' title='bbox 1525 550 1544 590; x_wconf 86' lang='lat' dir='ltr'><strong>J</strong></span> <span class='ocrx_word' id='word_1_72' title='bbox 1551 549 1806 605; x_wconf 82' lang='lat' dir='ltr'>ubebatque,</span> <span class='ocrx_word' id='word_1_73' title='bbox 1823 560 1870 590; x_wconf 93' lang='lat' dir='ltr'>ut</span> <span class='ocrx_word' id='word_1_74' title='bbox 1885 549 2074 592; x_wconf 80' lang='lat' dir='ltr'>absolute</span> 
     </span>
     <span class='ocr_line' id='line_1_8' title="bbox 226 614 2070 676; baseline -0.002 -16"><span class='ocrx_word' id='word_1_75' title='bbox 226 628 268 660; x_wconf 84' lang='lat' dir='ltr'>et</span> <span class='ocrx_word' id='word_1_76' title='bbox 286 619 440 676; x_wconf 77' lang='lat' dir='ltr'>absque</span> <span class='ocrx_word' id='word_1_77' title='bbox 469 618 702 674; x_wconf 74' lang='lat' dir='ltr'>adjectione</span> <span class='ocrx_word' id='word_1_78' title='bbox 727 622 874 674; x_wconf 75' lang='lat' dir='ltr'>regias</span> <span class='ocrx_word' id='word_1_79' title='bbox 903 615 1225 656; x_wconf 74' lang='lat' dir='ltr'>consuetudines</span> <span class='ocrx_word' id='word_1_80' title='bbox 1249 615 1538 656; x_wconf 70' lang='lat' dir='ltr'>observaturos</span> <span class='ocrx_word' id='word_1_81' title='bbox 1560 619 1872 670; x_wconf 80' lang='lat' dir='ltr'>promitterent.</span> <span class='ocrx_word' id='word_1_82' title='bbox 1902 614 1992 655; x_wconf 88' lang='lat' dir='ltr'>Etsi</span> <span class='ocrx_word' id='word_1_83' title='bbox 2018 629 2070 656; x_wconf 89' lang='lat' dir='ltr'>eo</span> 
     </span>
     <span class='ocr_line' id='line_1_9' title="bbox 225 677 2073 741; baseline -0.002 -16"><span class='ocrx_word' id='word_1_84' title='bbox 225 699 426 741; x_wconf 86' lang='lat' dir='ltr'>responso</span> <span class='ocrx_word' id='word_1_85' title='bbox 448 682 642 740; x_wconf 79' lang='lat' dir='ltr'>perculsi,</span> <span class='ocrx_word' id='word_1_86' title='bbox 665 693 864 739; x_wconf 88' lang='lat' dir='ltr'>metuque</span> <span class='ocrx_word' id='word_1_87' title='bbox 888 681 1143 722; x_wconf 88' lang='lat' dir='ltr'>consternati</span> <span class='ocrx_word' id='word_1_88' title='bbox 1163 691 1303 721; x_wconf 87' lang='lat' dir='ltr'>essent</span> <span class='ocrx_word' id='word_1_89' title='bbox 1320 680 1529 737; x_wconf 87' lang='lat' dir='ltr'>Episcopi,</span> <span class='ocrx_word' id='word_1_90' title='bbox 1554 690 1698 720; x_wconf 87' lang='lat' dir='ltr'>tamen</span> <span class='ocrx_word' id='word_1_91' title='bbox 1719 677 1772 719; x_wconf 90' lang='lat' dir='ltr'>ad</span> <span class='ocrx_word' id='word_1_92' title='bbox 1789 677 2073 722; x_wconf 86' lang='lat' dir='ltr'>resistendum</span> 
     </span>
     <span class='ocr_line' id='line_1_10' title="bbox 227 743 2069 803; baseline -0.002 -13"><span class='ocrx_word' id='word_1_93' title='bbox 227 748 520 790; x_wconf 76' lang='lat' dir='ltr'>excitabantur</span> <span class='ocrx_word' id='word_1_94' title='bbox 547 747 600 787; x_wconf 89' lang='lat' dir='ltr'>ab</span> <span class='ocrx_word' id='word_1_95' title='bbox 626 745 956 803; x_wconf 85' lang='lat' dir='ltr'>Archiepiscopo</span> <span class='ocrx_word' id='word_1_96' title='bbox 981 743 1285 794; x_wconf 86' lang='lat' dir='ltr'>Cantuariensi‚</span> <span class='ocrx_word' id='word_1_97' title='bbox 1311 755 1457 802; x_wconf 89' lang='lat' dir='ltr'>postea</span> <span class='ocrx_word' id='word_1_98' title='bbox 1487 755 1687 801; x_wconf 84' lang='lat' dir='ltr'>martyre,</span> <span class='ocrx_word' id='word_1_99' title='bbox 1714 754 1859 784; x_wconf 90' lang='lat' dir='ltr'>sancto</span> <span class='ocrx_word' id='word_1_100' title='bbox 1886 744 2069 786; x_wconf 86' lang='lat' dir='ltr'>Thoma.</span> 
     </span>
     <span class='ocr_line' id='line_1_11' title="bbox 226 808 2074 870; baseline -0.002 -16"><span class='ocrx_word' id='word_1_101' title='bbox 226 815 365 870; x_wconf 87' lang='lat' dir='ltr'>Atque</span> <span class='ocrx_word' id='word_1_102' title='bbox 385 829 458 854; x_wconf 92' lang='lat' dir='ltr'>eos</span> <span class='ocrx_word' id='word_1_103' title='bbox 479 812 747 854; x_wconf 88' lang='lat' dir='ltr'>confortabat</span> <span class='ocrx_word' id='word_1_104' title='bbox 768 811 979 860; x_wconf 82' lang='lat' dir='ltr'>Pontifex,</span> <span class='ocrx_word' id='word_1_105' title='bbox 1006 822 1049 851; x_wconf 91' lang='lat' dir='ltr'>et</span> <span class='ocrx_word' id='word_1_106' title='bbox 1071 809 1125 850; x_wconf 91' lang='lat' dir='ltr'>ad</span> <span class='ocrx_word' id='word_1_107' title='bbox 1142 809 1421 851; x_wconf 85' lang='lat' dir='ltr'>constantiam</span> <span class='ocrx_word' id='word_1_108' title='bbox 1443 809 1486 850; x_wconf 87' lang='lat' dir='ltr'>iu</span> <span class='ocrx_word' id='word_1_109' title='bbox 1510 824 1683 850; x_wconf 87' lang='lat' dir='ltr'>munere</span> <span class='ocrx_word' id='word_1_110' title='bbox 1703 808 1903 866; x_wconf 83' lang='lat' dir='ltr'>pastorali</span> <span class='ocrx_word' id='word_1_111' title='bbox 1921 808 2074 850; x_wconf 88' lang='lat' dir='ltr'>cohor-</span> 
     </span>
     <span class='ocr_line' id='line_1_12' title="bbox 226 873 2072 934; baseline -0.002 -14"><span class='ocrx_word' id='word_1_112' title='bbox 226 879 411 920; x_wconf 87' lang='lat' dir='ltr'>tabatur.</span> <span class='ocrx_word' id='word_1_113' title='bbox 443 900 459 914; x_wconf 88' lang='lat'>«</span> <span class='ocrx_word' id='word_1_114' title='bbox 487 878 568 919; x_wconf 85' lang='lat' dir='ltr'>Sed</span> <span class='ocrx_word' id='word_1_115' title='bbox 594 879 637 918; x_wconf 89' lang='lat' dir='ltr'>in</span> <span class='ocrx_word' id='word_1_116' title='bbox 657 877 744 918; x_wconf 87' lang='lat' dir='ltr'>dies</span> <span class='ocrx_word' id='word_1_117' title='bbox 767 875 1018 934; x_wconf 83' lang='lat' dir='ltr'>gravissimis</span> <span class='ocrx_word' id='word_1_118' title='bbox 1038 875 1398 917; x_wconf 88' lang='lat' dir='ltr'>crebrescentibus</span> <span class='ocrx_word' id='word_1_119' title='bbox 1421 875 1714 915; x_wconf 82' lang='lat' dir='ltr'>vexationibus</span> <span class='ocrx_word' id='word_1_120' title='bbox 1733 884 1775 914; x_wconf 92' lang='lat' dir='ltr'>et</span> <span class='ocrx_word' id='word_1_121' title='bbox 1798 874 1929 924; x_wconf 89' lang='lat' dir='ltr'>malis,</span> <span class='ocrx_word' id='word_1_122' title='bbox 1947 873 2072 931; x_wconf 85' lang='lat' dir='ltr'>Epis·</span> 
     </span>
     <span class='ocr_line' id='line_1_13' title="bbox 231 938 2074 1001; baseline -0.003 -16"><span class='ocrx_word' id='word_1_123' title='bbox 231 965 249 980; x_wconf 92' lang='lat'>«</span> <span class='ocrx_word' id='word_1_124' title='bbox 286 945 381 1001; x_wconf 92' lang='lat' dir='ltr'>copi</span> <span class='ocrx_word' id='word_1_125' title='bbox 405 944 530 1001; x_wconf 84' lang='lat' dir='ltr'>aliqui</span> <span class='ocrx_word' id='word_1_126' title='bbox 556 943 787 983; x_wconf 84' lang='lat' dir='ltr'>exorabant</span> <span class='ocrx_word' id='word_1_127' title='bbox 802 941 1193 998; x_wconf 87' lang='lat' dir='ltr'>Archiepiscopum,</span> <span class='ocrx_word' id='word_1_128' title='bbox 1222 951 1268 981; x_wconf 86' lang='lat' dir='ltr'>ut</span> <span class='ocrx_word' id='word_1_129' title='bbox 1291 941 1354 981; x_wconf 90' lang='lat' dir='ltr'>sui</span> <span class='ocrx_word' id='word_1_130' title='bbox 1376 941 1658 991; x_wconf 81' lang='lat' dir='ltr'>misereretur,</span> <span class='ocrx_word' id='word_1_131' title='bbox 1688 950 1730 980; x_wconf 90' lang='lat' dir='ltr'>et</span> <span class='ocrx_word' id='word_1_132' title='bbox 1747 938 1862 989; x_wconf 87' lang='lat' dir='ltr'>cleri,</span> <span class='ocrx_word' id='word_1_133' title='bbox 1893 949 1934 980; x_wconf 90' lang='lat' dir='ltr'>et</span> <span class='ocrx_word' id='word_1_134' title='bbox 1956 938 2074 996; x_wconf 86' lang='lat' dir='ltr'>quod</span> 
     </span>
     <span class='ocr_line' id='line_1_14' title="bbox 232 1004 2068 1066; baseline -0.002 -17"><span class='ocrx_word' id='word_1_135' title='bbox 232 1029 248 1046; x_wconf 89' lang='lat'>«</span> <span class='ocrx_word' id='word_1_136' title='bbox 286 1008 562 1066; x_wconf 83' lang='lat' dir='ltr'>pertinaciam</span> <span class='ocrx_word' id='word_1_137' title='bbox 586 1008 806 1059; x_wconf 78' lang='lat' dir='ltr'>relaxaret,</span> <span class='ocrx_word' id='word_1_138' title='bbox 832 1022 885 1047; x_wconf 88' lang='lat' dir='ltr'>ne</span> <span class='ocrx_word' id='word_1_139' title='bbox 913 1005 1002 1063; x_wconf 90' lang='lat' dir='ltr'>ipse</span> <span class='ocrx_word' id='word_1_140' title='bbox 1032 1021 1262 1056; x_wconf 88' lang='lat' dir='ltr'>carcerem,</span> <span class='ocrx_word' id='word_1_141' title='bbox 1287 1016 1328 1046; x_wconf 90' lang='lat' dir='ltr'>et</span> <span class='ocrx_word' id='word_1_142' title='bbox 1355 1005 1490 1046; x_wconf 89' lang='lat' dir='ltr'>clerus</span> <span class='ocrx_word' id='word_1_143' title='bbox 1520 1004 1815 1046; x_wconf 83' lang='lat' dir='ltr'>exterminium</span> <span class='ocrx_word' id='word_1_144' title='bbox 1840 1014 2068 1062; x_wconf 86' lang='lat' dir='ltr'>pateretur.</span> 
     </span>
     <span class='ocr_line' id='line_1_15' title="bbox 232 1068 2073 1128; baseline -0.001 -17"><span class='ocrx_word' id='word_1_145' title='bbox 232 1092 249 1111; x_wconf 74' lang='grc' dir='ltr'>ιι</span> <span class='ocrx_word' id='word_1_146' title='bbox 278 1073 526 1113; x_wconf 72' lang='lat' dir='ltr'>Virinvictze</span> <span class='ocrx_word' id='word_1_147' title='bbox 541 1072 801 1121; x_wconf 80' lang='lat' dir='ltr'>constantiae,</span> <span class='ocrx_word' id='word_1_148' title='bbox 820 1082 860 1111; x_wconf 89' lang='lat' dir='ltr'>et</span> <span class='ocrx_word' id='word_1_149' title='bbox 874 1071 917 1110; x_wconf 91' lang='lat' dir='ltr'>in</span> <span class='ocrx_word' id='word_1_150' title='bbox 927 1082 1044 1128; x_wconf 87' lang='lat' dir='ltr'>petra</span> <span class='ocrx_word' id='word_1_151' title='bbox 1055 1071 1209 1111; x_wconf 87' lang='lat' dir='ltr'>Christi</span> <span class='ocrx_word' id='word_1_152' title='bbox 1219 1069 1437 1122; x_wconf 86' lang='lat' dir='ltr'>fundatus,</span> <span class='ocrx_word' id='word_1_153' title='bbox 1452 1081 1493 1111; x_wconf 89' lang='lat' dir='ltr'>et</span> <span class='ocrx_word' id='word_1_154' title='bbox 1504 1085 1635 1127; x_wconf 84' lang='lat' dir='ltr'>usque</span> <span class='ocrx_word' id='word_1_155' title='bbox 1648 1081 1754 1121; x_wconf 79' lang='lat' dir='ltr'>tum,</span> <span class='ocrx_word' id='word_1_156' title='bbox 1767 1084 1845 1110; x_wconf 88' lang='lat' dir='ltr'>nec</span> <span class='ocrx_word' id='word_1_157' title='bbox 1855 1068 2073 1110; x_wconf 86' lang='lat' dir='ltr'>blanditiis</span> 
     </span>
     <span class='ocr_line' id='line_1_16' title="bbox 230 1134 2074 1193; baseline -0.001 -14"><span class='ocrx_word' id='word_1_158' title='bbox 230 1158 246 1174; x_wconf 72' lang='grc' dir='ltr'>κ</span> <span class='ocrx_word' id='word_1_159' title='bbox 284 1138 515 1186; x_wconf 88' lang='lat' dir='ltr'>emollitus,</span> <span class='ocrx_word' id='word_1_160' title='bbox 533 1153 610 1178; x_wconf 89' lang='lat' dir='ltr'>uec</span> <span class='ocrx_word' id='word_1_161' title='bbox 627 1136 857 1177; x_wconf 84' lang='lat' dir='ltr'>terroribus</span> <span class='ocrx_word' id='word_1_162' title='bbox 874 1151 1109 1185; x_wconf 88' lang='lat' dir='ltr'>concussus,</span> <span class='ocrx_word' id='word_1_163' title='bbox 1136 1134 1459 1193; x_wconf 86' lang='lat' dir='ltr'>tandempotius</span> <span class='ocrx_word' id='word_1_164' title='bbox 1471 1151 1597 1193; x_wconf 86' lang='lat' dir='ltr'>super</span> <span class='ocrx_word' id='word_1_165' title='bbox 1611 1135 1784 1186; x_wconf 85' lang='lat' dir='ltr'>clerum,</span> <span class='ocrx_word' id='word_1_166' title='bbox 1798 1149 1926 1192; x_wconf 87' lang='lat' dir='ltr'>quam</span> <span class='ocrx_word' id='word_1_167' title='bbox 1950 1150 2074 1192; x_wconf 86' lang='lat' dir='ltr'>super</span> 
     </span>
     <span class='ocr_line' id='line_1_17' title="bbox 227 1200 2074 1258; baseline -0.002 -14"><span class='ocrx_word' id='word_1_168' title='bbox 227 1223 244 1239; x_wconf 80' lang='grc' dir='ltr'><strong><em>κ</em></strong></span> <span class='ocrx_word' id='word_1_169' title='bbox 283 1219 326 1244; x_wconf 89' lang='lat' dir='ltr'>se</span> <span class='ocrx_word' id='word_1_170' title='bbox 350 1203 615 1243; x_wconf 84' lang='lat' dir='ltr'>miseratione</span> <span class='ocrx_word' id='word_1_171' title='bbox 639 1213 796 1254; x_wconf 84' lang='lat' dir='ltr'>motus,</span> <span class='ocrx_word' id='word_1_172' title='bbox 829 1217 852 1242; x_wconf 86' lang='lat' dir='ltr'>a</span> <span class='ocrx_word' id='word_1_173' title='bbox 881 1201 1043 1258; x_wconf 80' lang='lat' dir='ltr'>gremio</span> <span class='ocrx_word' id='word_1_174' title='bbox 1061 1201 1261 1251; x_wconf 83' lang='lat' dir='ltr'>veritatis,</span> <span class='ocrx_word' id='word_1_175' title='bbox 1288 1216 1335 1241; x_wconf 87' lang='lat' dir='ltr'>ac</span> <span class='ocrx_word' id='word_1_176' title='bbox 1361 1216 1384 1241; x_wconf 90' lang='lat' dir='ltr'>a</span> <span class='ocrx_word' id='word_1_177' title='bbox 1409 1201 1501 1241; x_wconf 87' lang='lat' dir='ltr'>sinu</span> <span class='ocrx_word' id='word_1_178' title='bbox 1524 1200 1671 1241; x_wconf 79' lang='lat' dir='ltr'>Matris</span> <span class='ocrx_word' id='word_1_179' title='bbox 1695 1200 1903 1241; x_wconf 85' lang='lat' dir='ltr'>avellitur.</span> <span class='ocrx_word' id='word_1_180' title='bbox 1935 1220 1950 1236; x_wconf 90' lang='lat'>»</span> <span class='ocrx_word' id='word_1_181' title='bbox 1973 1200 2074 1240; x_wconf 90' lang='lat' dir='ltr'>Post</span> 
     </span>
     <span class='ocr_line' id='line_1_18' title="bbox 224 1264 2070 1324; baseline -0.002 -16"><span class='ocrx_word' id='word_1_182' title='bbox 224 1283 320 1308; x_wconf 89' lang='lat' dir='ltr'>eum</span> <span class='ocrx_word' id='word_1_183' title='bbox 345 1267 414 1308; x_wconf 89' lang='lat' dir='ltr'>alii</span> <span class='ocrx_word' id='word_1_184' title='bbox 426 1268 620 1323; x_wconf 85' lang='lat' dir='ltr'>jurarunt</span> <span class='ocrx_word' id='word_1_185' title='bbox 636 1267 830 1324; x_wconf 85' lang='lat' dir='ltr'>Episcopi</span> <span class='ocrx_word' id='word_1_186' title='bbox 847 1280 857 1319; x_wconf 74' lang='lat'>3</span> <span class='ocrx_word' id='word_1_187' title='bbox 883 1266 958 1307; x_wconf 87' lang='lat' dir='ltr'>sed</span> <span class='ocrx_word' id='word_1_188' title='bbox 976 1266 1329 1324; x_wconf 87' lang='lat' dir='ltr'>Archiepiscopus</span> <span class='ocrx_word' id='word_1_189' title='bbox 1352 1281 1448 1306; x_wconf 89' lang='lat' dir='ltr'>cum</span> <span class='ocrx_word' id='word_1_190' title='bbox 1467 1264 1703 1324; x_wconf 80' lang='lat' dir='ltr'>agnovisset</span> <span class='ocrx_word' id='word_1_191' title='bbox 1724 1280 1915 1306; x_wconf 86' lang='lat' dir='ltr'>errorem</span> <span class='ocrx_word' id='word_1_192' title='bbox 1932 1279 2070 1316; x_wconf 91' lang='lat' dir='ltr'>suum,</span> 
     </span>
     <span class='ocr_line' id='line_1_19' title="bbox 222 1329 2073 1388; baseline -0.002 -15"><span class='ocrx_word' id='word_1_193' title='bbox 222 1333 408 1373; x_wconf 84' lang='lat' dir='ltr'>maximo</span> <span class='ocrx_word' id='word_1_194' title='bbox 433 1347 655 1388; x_wconf 86' lang='lat' dir='ltr'>oppressus</span> <span class='ocrx_word' id='word_1_195' title='bbox 675 1331 822 1372; x_wconf 90' lang='lat' dir='ltr'>dolore</span> <span class='ocrx_word' id='word_1_196' title='bbox 850 1331 1070 1388; x_wconf 84' lang='lat' dir='ltr'>ingemuit,</span> <span class='ocrx_word' id='word_1_197' title='bbox 1109 1343 1151 1372; x_wconf 89' lang='lat' dir='ltr'>et</span> <span class='ocrx_word' id='word_1_198' title='bbox 1182 1329 1394 1388; x_wconf 87' lang='lat' dir='ltr'>suspirans</span> <span class='ocrx_word' id='word_1_199' title='bbox 1425 1330 1481 1371; x_wconf 90' lang='lat' dir='ltr'>ait</span> <span class='ocrx_word' id='word_1_200' title='bbox 1507 1348 1515 1371; x_wconf 93' lang='lat'><strong>:</strong></span> <span class='ocrx_word' id='word_1_201' title='bbox 1549 1351 1567 1366; x_wconf 88' lang='lat'>«</span> <span class='ocrx_word' id='word_1_202' title='bbox 1592 1330 1787 1380; x_wconf 87' lang='lat' dir='ltr'>Poenitet,</span> <span class='ocrx_word' id='word_1_203' title='bbox 1818 1340 1861 1369; x_wconf 89' lang='lat' dir='ltr'>et</span> <span class='ocrx_word' id='word_1_204' title='bbox 1894 1330 2073 1386; x_wconf 87' lang='lat' dir='ltr'>graviter</span> 
     </span>
     <span class='ocr_line' id='line_1_20' title="bbox 225 1394 2069 1454; baseline -0.002 -16"><span class='ocrx_word' id='word_1_205' title='bbox 225 1417 243 1433; x_wconf 89' lang='lat'>«</span> <span class='ocrx_word' id='word_1_206' title='bbox 279 1398 602 1454; x_wconf 82' lang='lat' dir='ltr'>perhorrescens</span> <span class='ocrx_word' id='word_1_207' title='bbox 620 1412 854 1443; x_wconf 78' lang='lat' dir='ltr'>excessum,</span> <span class='ocrx_word' id='word_1_208' title='bbox 872 1411 940 1437; x_wconf 90' lang='lat' dir='ltr'>me</span> <span class='ocrx_word' id='word_1_209' title='bbox 960 1397 1099 1453; x_wconf 87' lang='lat' dir='ltr'>ipsum</span> <span class='ocrx_word' id='word_1_210' title='bbox 1117 1395 1496 1454; x_wconf 83' lang='lat' dir='ltr'>indignumjudico</span> <span class='ocrx_word' id='word_1_211' title='bbox 1518 1395 1570 1437; x_wconf 89' lang='lat' dir='ltr'>de</span> <span class='ocrx_word' id='word_1_212' title='bbox 1592 1406 1743 1436; x_wconf 83' lang='lat' dir='ltr'>caetero</span> <span class='ocrx_word' id='word_1_213' title='bbox 1759 1394 1814 1435; x_wconf 89' lang='lat' dir='ltr'>ad</span> <span class='ocrx_word' id='word_1_214' title='bbox 1831 1409 1928 1435; x_wconf 86' lang='lat' dir='ltr'>eum</span> <span class='ocrx_word' id='word_1_215' title='bbox 1948 1409 2069 1435; x_wconf 88' lang='lat' dir='ltr'>acce-</span> 
     </span>
     <span class='ocr_line' id='line_1_21' title="bbox 225 1459 2069 1516; baseline -0.002 -14"><span class='ocrx_word' id='word_1_216' title='bbox 225 1482 242 1496; x_wconf 89' lang='lat'><strong><em>«</em></strong></span> <span class='ocrx_word' id='word_1_217' title='bbox 281 1461 380 1502; x_wconf 89' lang='lat' dir='ltr'>dere</span> <span class='ocrx_word' id='word_1_218' title='bbox 402 1463 446 1502; x_wconf 89' lang='lat' dir='ltr'>in</span> <span class='ocrx_word' id='word_1_219' title='bbox 465 1461 717 1510; x_wconf 89' lang='lat' dir='ltr'>sacerdotio,</span> <span class='ocrx_word' id='word_1_220' title='bbox 739 1460 791 1502; x_wconf 86' lang='lat' dir='ltr'>de</span> <span class='ocrx_word' id='word_1_221' title='bbox 813 1462 929 1516; x_wconf 88' lang='lat' dir='ltr'>cujus</span> <span class='ocrx_word' id='word_1_222' title='bbox 951 1461 1137 1502; x_wconf 88' lang='lat' dir='ltr'>Ecclesia</span> <span class='ocrx_word' id='word_1_223' title='bbox 1156 1460 1352 1503; x_wconf 79' lang='lat' dir='ltr'>contraxi</span> <span class='ocrx_word' id='word_1_224' title='bbox 1373 1471 1461 1501; x_wconf 90' lang='lat' dir='ltr'>tam</span> <span class='ocrx_word' id='word_1_225' title='bbox 1482 1460 1564 1501; x_wconf 91' lang='lat' dir='ltr'>vile</span> <span class='ocrx_word' id='word_1_226' title='bbox 1588 1460 1914 1501; x_wconf 88' lang='lat' dir='ltr'>commercium:</span> <span class='ocrx_word' id='word_1_227' title='bbox 1936 1459 2069 1500; x_wconf 91' lang='lat' dir='ltr'>silebo</span> 
     </span>
     <span class='ocr_line' id='line_1_22' title="bbox 224 1524 2070 1583; baseline -0.001 -17"><span class='ocrx_word' id='word_1_228' title='bbox 224 1546 241 1562; x_wconf 88' lang='lat'><strong><em>«</em></strong></span> <span class='ocrx_word' id='word_1_229' title='bbox 288 1527 430 1583; x_wconf 87' lang='lat' dir='ltr'>itaque</span> <span class='ocrx_word' id='word_1_230' title='bbox 451 1525 601 1566; x_wconf 87' lang='lat' dir='ltr'>sedens</span> <span class='ocrx_word' id='word_1_231' title='bbox 623 1525 663 1565; x_wconf 89' lang='lat' dir='ltr'>in</span> <span class='ocrx_word' id='word_1_232' title='bbox 682 1541 880 1578; x_wconf 81' lang='lat' dir='ltr'>moerore,</span> <span class='ocrx_word' id='word_1_233' title='bbox 908 1525 1044 1566; x_wconf 88' lang='lat' dir='ltr'>donec</span> <span class='ocrx_word' id='word_1_234' title='bbox 1072 1525 1299 1566; x_wconf 65' lang='lat' dir='ltr'>visitaverit</span> <span class='ocrx_word' id='word_1_235' title='bbox 1316 1541 1383 1566; x_wconf 89' lang='lat' dir='ltr'>me</span> <span class='ocrx_word' id='word_1_236' title='bbox 1405 1526 1545 1566; x_wconf 88' lang='lat' dir='ltr'>oriens</span> <span class='ocrx_word' id='word_1_237' title='bbox 1568 1541 1617 1566; x_wconf 87' lang='lat' dir='ltr'>ex</span> <span class='ocrx_word' id='word_1_238' title='bbox 1641 1525 1743 1579; x_wconf 84' lang='lat' dir='ltr'>alto,</span> <span class='ocrx_word' id='word_1_239' title='bbox 1770 1535 1811 1565; x_wconf 86' lang='lat' dir='ltr'>et</span> <span class='ocrx_word' id='word_1_240' title='bbox 1834 1539 1909 1581; x_wconf 89' lang='lat' dir='ltr'>per</span> <span class='ocrx_word' id='word_1_241' title='bbox 1930 1524 2070 1581; x_wconf 89' lang='lat' dir='ltr'>ipsum</span> 
     </span>
     <span class='ocr_line' id='line_1_23' title="bbox 228 1588 2064 1647; baseline -0.001 -16"><span class='ocrx_word' id='word_1_242' title='bbox 228 1610 246 1626; x_wconf 91' lang='lat'>«</span> <span class='ocrx_word' id='word_1_243' title='bbox 280 1591 435 1642; x_wconf 86' lang='lat' dir='ltr'>Deum,</span> <span class='ocrx_word' id='word_1_244' title='bbox 460 1601 500 1631; x_wconf 86' lang='lat' dir='ltr'>et</span> <span class='ocrx_word' id='word_1_245' title='bbox 525 1590 746 1631; x_wconf 90' lang='lat' dir='ltr'>dominum</span> <span class='ocrx_word' id='word_1_246' title='bbox 769 1591 930 1647; x_wconf 89' lang='lat' dir='ltr'>Papam</span> <span class='ocrx_word' id='word_1_247' title='bbox 951 1605 1116 1631; x_wconf 87' lang='lat' dir='ltr'>merear</span> <span class='ocrx_word' id='word_1_248' title='bbox 1139 1591 1317 1631; x_wconf 84' lang='lat' dir='ltr'>absolvi:</span> <span class='ocrx_word' id='word_1_249' title='bbox 1344 1590 1487 1631; x_wconf 79' lang='lat' dir='ltr'>videre</span> <span class='ocrx_word' id='word_1_250' title='bbox 1519 1592 1633 1631; x_wconf 91' lang='lat' dir='ltr'>enim</span> <span class='ocrx_word' id='word_1_251' title='bbox 1656 1592 1746 1646; x_wconf 81' lang='lat' dir='ltr'>jam</span> <span class='ocrx_word' id='word_1_252' title='bbox 1768 1588 1874 1630; x_wconf 83' lang='lat' dir='ltr'>mihi</span> <span class='ocrx_word' id='word_1_253' title='bbox 1902 1588 2064 1639; x_wconf 84' lang='lat' dir='ltr'>videor,</span> 
     </span>
     <span class='ocr_line' id='line_1_24' title="bbox 222 1653 2070 1712; baseline -0.001 -17"><span class='ocrx_word' id='word_1_254' title='bbox 222 1674 240 1690; x_wconf 75' lang='grc' dir='ltr'>κ</span> <span class='ocrx_word' id='word_1_255' title='bbox 278 1655 393 1711; x_wconf 85' lang='lat' dir='ltr'>quod</span> <span class='ocrx_word' id='word_1_256' title='bbox 424 1655 528 1695; x_wconf 88' lang='lat' dir='ltr'>meis</span> <span class='ocrx_word' id='word_1_257' title='bbox 557 1656 740 1711; x_wconf 83' lang='lat' dir='ltr'>peccatis</span> <span class='ocrx_word' id='word_1_258' title='bbox 765 1654 1043 1712; x_wconf 82' lang='lat' dir='ltr'>exigentibus,</span> <span class='ocrx_word' id='word_1_259' title='bbox 1073 1655 1229 1696; x_wconf 88' lang='lat' dir='ltr'>debeat</span> <span class='ocrx_word' id='word_1_260' title='bbox 1257 1654 1443 1695; x_wconf 88' lang='lat' dir='ltr'>ancillari</span> <span class='ocrx_word' id='word_1_261' title='bbox 1466 1655 1697 1711; x_wconf 75' lang='lat' dir='ltr'>Anglicana</span> <span class='ocrx_word' id='word_1_262' title='bbox 1714 1653 1916 1705; x_wconf 87' lang='lat' dir='ltr'>Ecclesia,</span> <span class='ocrx_word' id='word_1_263' title='bbox 1941 1669 2070 1710; x_wconf 86' lang='lat' dir='ltr'>quam</span> 
     </span>
     <span class='ocr_line' id='line_1_25' title="bbox 223 1718 2069 1776; baseline 0 -17"><span class='ocrx_word' id='word_1_264' title='bbox 223 1739 241 1755; x_wconf 93' lang='lat'>«</span> <span class='ocrx_word' id='word_1_265' title='bbox 278 1720 361 1760; x_wconf 90' lang='lat' dir='ltr'>mei</span> <span class='ocrx_word' id='word_1_266' title='bbox 388 1718 719 1776; x_wconf 68' lang='lat' dir='ltr'>praedecessores</span> <span class='ocrx_word' id='word_1_267' title='bbox 744 1718 850 1759; x_wconf 88' lang='lat' dir='ltr'>inter</span> <span class='ocrx_word' id='word_1_268' title='bbox 872 1730 934 1759; x_wconf 90' lang='lat' dir='ltr'>tot</span> <span class='ocrx_word' id='word_1_269' title='bbox 959 1730 999 1759; x_wconf 91' lang='lat' dir='ltr'>et</span> <span class='ocrx_word' id='word_1_270' title='bbox 1022 1730 1138 1760; x_wconf 88' lang='lat' dir='ltr'>tanta</span> <span class='ocrx_word' id='word_1_271' title='bbox 1168 1735 1259 1776; x_wconf 87' lang='lat' dir='ltr'>quae</span> <span class='ocrx_word' id='word_1_272' title='bbox 1283 1718 1466 1759; x_wconf 88' lang='lat' dir='ltr'>muudus</span> <span class='ocrx_word' id='word_1_273' title='bbox 1497 1718 1614 1758; x_wconf 89' lang='lat' dir='ltr'>novit</span> <span class='ocrx_word' id='word_1_274' title='bbox 1635 1718 1841 1776; x_wconf 87' lang='lat' dir='ltr'>pericula,</span> <span class='ocrx_word' id='word_1_275' title='bbox 1868 1729 2069 1759; x_wconf 84' lang='lat' dir='ltr'>rexerunt</span> 
     </span>
     <span class='ocr_line' id='line_1_26' title="bbox 224 1783 2067 1840; baseline -0.001 -16"><span class='ocrx_word' id='word_1_276' title='bbox 224 1804 241 1820; x_wconf 89' lang='lat'>«</span> <span class='ocrx_word' id='word_1_277' title='bbox 277 1794 364 1824; x_wconf 86' lang='lat' dir='ltr'>tam</span> <span class='ocrx_word' id='word_1_278' title='bbox 384 1783 629 1840; x_wconf 84' lang='lat' dir='ltr'>prudenter,</span> <span class='ocrx_word' id='word_1_279' title='bbox 654 1799 733 1840; x_wconf 92' lang='lat' dir='ltr'>pro</span> <span class='ocrx_word' id='word_1_280' title='bbox 755 1798 837 1839; x_wconf 86' lang='lat' dir='ltr'>qua</span> <span class='ocrx_word' id='word_1_281' title='bbox 856 1783 965 1824; x_wconf 88' lang='lat' dir='ltr'>inter</span> <span class='ocrx_word' id='word_1_282' title='bbox 979 1783 1120 1824; x_wconf 86' lang='lat' dir='ltr'>hostes</span> <span class='ocrx_word' id='word_1_283' title='bbox 1137 1785 1225 1838; x_wconf 84' lang='lat' dir='ltr'>ejus</span> <span class='ocrx_word' id='word_1_284' title='bbox 1243 1783 1530 1823; x_wconf 74' lang='lat' dir='ltr'>militaverunt</span> <span class='ocrx_word' id='word_1_285' title='bbox 1548 1793 1636 1822; x_wconf 89' lang='lat' dir='ltr'>tam</span> <span class='ocrx_word' id='word_1_286' title='bbox 1655 1783 1834 1833; x_wconf 87' lang='lat' dir='ltr'>fortiter,</span> <span class='ocrx_word' id='word_1_287' title='bbox 1855 1793 1898 1823; x_wconf 86' lang='lat' dir='ltr'>et</span> <span class='ocrx_word' id='word_1_288' title='bbox 1913 1784 2067 1823; x_wconf 88' lang='lat' dir='ltr'>trium-</span> 
     </span>
     <span class='ocr_line' id='line_1_27' title="bbox 224 1846 2070 1905; baseline 0.003 -21"><span class='ocrx_word' id='word_1_289' title='bbox 224 1869 241 1884; x_wconf 73' lang='lat'>«</span> <span class='ocrx_word' id='word_1_290' title='bbox 277 1849 514 1905; x_wconf 83' lang='lat' dir='ltr'>phaverunt</span> <span class='ocrx_word' id='word_1_291' title='bbox 540 1858 626 1887; x_wconf 90' lang='lat' dir='ltr'>tam</span> <span class='ocrx_word' id='word_1_292' title='bbox 646 1858 861 1904; x_wconf 56' lang='lat' dir='ltr'>potenter,</span> <span class='ocrx_word' id='word_1_293' title='bbox 889 1847 1044 1888; x_wconf 87' lang='lat' dir='ltr'>scilicet</span> <span class='ocrx_word' id='word_1_294' title='bbox 1059 1864 1152 1904; x_wconf 82' lang='lat' dir='ltr'>quae</span> <span class='ocrx_word' id='word_1_295' title='bbox 1175 1858 1271 1888; x_wconf 90' lang='lat' dir='ltr'>ante</span> <span class='ocrx_word' id='word_1_296' title='bbox 1293 1862 1360 1886; x_wconf 91' lang='lat' dir='ltr'>mc</span> <span class='ocrx_word' id='word_1_297' title='bbox 1381 1846 1517 1886; x_wconf 79' lang='lat' dir='ltr'>extitit</span> <span class='ocrx_word' id='word_1_298' title='bbox 1538 1846 1725 1897; x_wconf 87' lang='lat' dir='ltr'>domina,</span> <span class='ocrx_word' id='word_1_299' title='bbox 1753 1862 1830 1904; x_wconf 87' lang='lat' dir='ltr'>per</span> <span class='ocrx_word' id='word_1_300' title='bbox 1850 1863 1918 1888; x_wconf 91' lang='lat' dir='ltr'>me</span> <span class='ocrx_word' id='word_1_301' title='bbox 1938 1849 2070 1889; x_wconf 88' lang='lat' dir='ltr'>mise-</span> 
     </span>
     <span class='ocr_line' id='line_1_28' title="bbox 223 1912 2071 1969; baseline 0.002 -18"><span class='ocrx_word' id='word_1_302' title='bbox 223 1933 240 1949; x_wconf 78' lang='lat'>«</span> <span class='ocrx_word' id='word_1_303' title='bbox 277 1928 372 1953; x_wconf 90' lang='lat' dir='ltr'>rum</span> <span class='ocrx_word' id='word_1_304' title='bbox 408 1912 574 1952; x_wconf 87' lang='lat' dir='ltr'>videtur</span> <span class='ocrx_word' id='word_1_305' title='bbox 611 1912 850 1953; x_wconf 88' lang='lat' dir='ltr'>ancillanda</span> <span class='ocrx_word' id='word_1_306' title='bbox 864 1944 873 1962; x_wconf 96' lang='lat'>,</span> <span class='ocrx_word' id='word_1_307' title='bbox 914 1913 985 1969; x_wconf 88' lang='lat' dir='ltr'>qui</span> <span class='ocrx_word' id='word_1_308' title='bbox 1023 1914 1186 1953; x_wconf 89' lang='lat' dir='ltr'>utinam</span> <span class='ocrx_word' id='word_1_309' title='bbox 1222 1922 1494 1968; x_wconf 86' lang='lat' dir='ltr'>consumptus</span> <span class='ocrx_word' id='word_1_310' title='bbox 1529 1926 1686 1962; x_wconf 87' lang='lat' dir='ltr'>essem,</span> <span class='ocrx_word' id='word_1_311' title='bbox 1724 1928 1777 1953; x_wconf 89' lang='lat' dir='ltr'>ne</span> <span class='ocrx_word' id='word_1_312' title='bbox 1822 1912 1969 1953; x_wconf 90' lang='lat' dir='ltr'>oculus</span> <span class='ocrx_word' id='word_1_313' title='bbox 2001 1928 2071 1954; x_wconf 83' lang='lat' dir='ltr'>me</span> 
     </span>
     <span class='ocr_line' id='line_1_29' title="bbox 224 1976 502 2018; baseline -0.007 0"><span class='ocrx_word' id='word_1_314' title='bbox 224 1996 241 2012; x_wconf 90' lang='lat'>«</span> <span class='ocrx_word' id='word_1_315' title='bbox 278 1976 461 2018; x_wconf 86' lang='lat' dir='ltr'>videret!</span> <span class='ocrx_word' id='word_1_316' title='bbox 486 1997 502 2011; x_wconf 88' lang='lat'>»</span> 
     </span>
    </p>
   </div>
   <div class='ocr_carea' id='block_1_3' title="bbox 218 2273 2067 2976">
    <p class='ocr_par' dir='ltr' id='par_1_3' title="bbox 218 2273 2067 2976">
     <span class='ocr_line' id='line_1_30' title="bbox 278 2273 2066 2330; baseline 0.001 -14"><span class='ocrx_word' id='word_1_317' title='bbox 278 2277 542 2317; x_wconf 86' lang='lat' dir='ltr'>Festinanter</span> <span class='ocrx_word' id='word_1_318' title='bbox 561 2275 675 2316; x_wconf 84' lang='lat' dir='ltr'>misit</span> <span class='ocrx_word' id='word_1_319' title='bbox 693 2275 878 2315; x_wconf 86' lang='lat' dir='ltr'>Thomas</span> <span class='ocrx_word' id='word_1_320' title='bbox 902 2274 1062 2315; x_wconf 87' lang='lat' dir='ltr'>litteras</span> <span class='ocrx_word' id='word_1_321' title='bbox 1081 2273 1135 2314; x_wconf 90' lang='lat' dir='ltr'>ad</span> <span class='ocrx_word' id='word_1_322' title='bbox 1152 2273 1420 2326; x_wconf 84' lang='lat' dir='ltr'>Pontificem,</span> <span class='ocrx_word' id='word_1_323' title='bbox 1447 2274 1567 2330; x_wconf 85' lang='lat' dir='ltr'>eique</span> <span class='ocrx_word' id='word_1_324' title='bbox 1584 2273 1736 2314; x_wconf 87' lang='lat' dir='ltr'>vulnus</span> <span class='ocrx_word' id='word_1_325' title='bbox 1761 2273 1946 2329; x_wconf 81' lang='lat' dir='ltr'>detexit3</span> <span class='ocrx_word' id='word_1_326' title='bbox 1971 2291 2066 2318; x_wconf 88' lang='lat' dir='ltr'>me—</span> 
     </span>
     <span class='ocr_line' id='line_1_31' title="bbox 222 2338 2062 2396; baseline 0.001 -15"><span class='ocrx_word' id='word_1_327' title='bbox 222 2340 406 2382; x_wconf 89' lang='lat' dir='ltr'>dicinam</span> <span class='ocrx_word' id='word_1_328' title='bbox 439 2356 627 2396; x_wconf 76' lang='lat' dir='ltr'>quaerens</span> <span class='ocrx_word' id='word_1_329' title='bbox 660 2338 974 2380; x_wconf 87' lang='lat' dir='ltr'>absolutionem</span> <span class='ocrx_word' id='word_1_330' title='bbox 1005 2338 1257 2396; x_wconf 76' lang='lat' dir='ltr'>postulavitz,</span> <span class='ocrx_word' id='word_1_331' title='bbox 1293 2350 1333 2380; x_wconf 89' lang='lat' dir='ltr'>et</span> <span class='ocrx_word' id='word_1_332' title='bbox 1356 2338 1554 2380; x_wconf 83' lang='lat' dir='ltr'>Pontifex</span> <span class='ocrx_word' id='word_1_333' title='bbox 1580 2353 1810 2395; x_wconf 84' lang='lat' dir='ltr'>agnoscens</span> <span class='ocrx_word' id='word_1_334' title='bbox 1836 2340 2062 2393; x_wconf 63' lang='lat' dir='ltr'>Thomna,</span> 
     </span>
     <span class='ocr_line' id='line_1_32' title="bbox 220 2402 2061 2461; baseline 0 -15"><span class='ocrx_word' id='word_1_335' title='bbox 220 2421 307 2446; x_wconf 89' lang='lat' dir='ltr'>non</span> <span class='ocrx_word' id='word_1_336' title='bbox 349 2421 401 2446; x_wconf 83' lang='lat' dir='ltr'>ex</span> <span class='ocrx_word' id='word_1_337' title='bbox 429 2404 599 2461; x_wconf 88' lang='lat' dir='ltr'>propria</span> <span class='ocrx_word' id='word_1_338' title='bbox 629 2404 859 2453; x_wconf 78' lang='lat' dir='ltr'>voluntate,</span> <span class='ocrx_word' id='word_1_339' title='bbox 898 2403 972 2444; x_wconf 89' lang='lat' dir='ltr'>sed</span> <span class='ocrx_word' id='word_1_340' title='bbox 1003 2419 1052 2444; x_wconf 82' lang='lat' dir='ltr'>ex</span> <span class='ocrx_word' id='word_1_341' title='bbox 1086 2402 1325 2460; x_wconf 76' lang='lat' dir='ltr'>improvida</span> <span class='ocrx_word' id='word_1_342' title='bbox 1360 2404 1517 2461; x_wconf 86' lang='lat' dir='ltr'>pietate</span> <span class='ocrx_word' id='word_1_343' title='bbox 1544 2404 1832 2457; x_wconf 88' lang='lat' dir='ltr'>juramentum</span> <span class='ocrx_word' id='word_1_344' title='bbox 1859 2405 2061 2458; x_wconf 81' lang='lat' dir='ltr'>emisisse,</span> 
     </span>
     <span class='ocr_line' id='line_1_33' title="bbox 218 2466 2067 2526; baseline 0.002 -17"><span class='ocrx_word' id='word_1_345' title='bbox 218 2470 327 2524; x_wconf 83' lang='lat' dir='ltr'>justa</span> <span class='ocrx_word' id='word_1_346' title='bbox 345 2480 583 2511; x_wconf 86' lang='lat' dir='ltr'>commotus</span> <span class='ocrx_word' id='word_1_347' title='bbox 600 2469 884 2519; x_wconf 86' lang='lat' dir='ltr'>miseratione,</span> <span class='ocrx_word' id='word_1_348' title='bbox 908 2466 1137 2524; x_wconf 86' lang='lat' dir='ltr'>apostolica</span> <span class='ocrx_word' id='word_1_349' title='bbox 1157 2466 1335 2508; x_wconf 85' lang='lat' dir='ltr'>absolvit</span> <span class='ocrx_word' id='word_1_350' title='bbox 1359 2466 1621 2508; x_wconf 84' lang='lat' dir='ltr'>auctoritate.</span> <span class='ocrx_word' id='word_1_351' title='bbox 1642 2468 1820 2509; x_wconf 87' lang='lat' dir='ltr'>Litteras</span> <span class='ocrx_word' id='word_1_352' title='bbox 1833 2468 2067 2526; x_wconf 87' lang='lat' dir='ltr'>pontificias</span> 
     </span>
     <span class='ocr_line' id='line_1_34' title="bbox 220 2531 2063 2590; baseline 0.001 -15"><span class='ocrx_word' id='word_1_353' title='bbox 220 2545 425 2590; x_wconf 86' lang='lat' dir='ltr'>tanquam</span> <span class='ocrx_word' id='word_1_354' title='bbox 449 2533 608 2573; x_wconf 77' lang='lat' dir='ltr'>coelitus</span> <span class='ocrx_word' id='word_1_355' title='bbox 632 2531 709 2572; x_wconf 85' lang='lat' dir='ltr'>sibi</span> <span class='ocrx_word' id='word_1_356' title='bbox 733 2531 878 2572; x_wconf 86' lang='lat' dir='ltr'>missas</span> <span class='ocrx_word' id='word_1_357' title='bbox 900 2531 1085 2572; x_wconf 88' lang='lat' dir='ltr'>Thomas</span> <span class='ocrx_word' id='word_1_358' title='bbox 1108 2531 1303 2589; x_wconf 89' lang='lat' dir='ltr'>suscepit,</span> <span class='ocrx_word' id='word_1_359' title='bbox 1331 2547 1407 2572; x_wconf 85' lang='lat' dir='ltr'>nec</span> <span class='ocrx_word' id='word_1_360' title='bbox 1435 2531 1594 2572; x_wconf 84' lang='lat' dir='ltr'>destitit</span> <span class='ocrx_word' id='word_1_361' title='bbox 1611 2547 1754 2588; x_wconf 86' lang='lat' dir='ltr'>regem</span> <span class='ocrx_word' id='word_1_362' title='bbox 1777 2534 1958 2576; x_wconf 86' lang='lat' dir='ltr'>suaviter</span> <span class='ocrx_word' id='word_1_363' title='bbox 1973 2535 2063 2576; x_wconf 91' lang='lat' dir='ltr'>for—</span> 
     </span>
     <span class='ocr_line' id='line_1_35' title="bbox 221 2595 2064 2656; baseline 0.001 -17"><span class='ocrx_word' id='word_1_364' title='bbox 221 2598 402 2655; x_wconf 89' lang='lat' dir='ltr'>titerque</span> <span class='ocrx_word' id='word_1_365' title='bbox 418 2613 608 2648; x_wconf 87' lang='lat' dir='ltr'>monere,</span> <span class='ocrx_word' id='word_1_366' title='bbox 632 2613 681 2637; x_wconf 91' lang='lat' dir='ltr'>ea</span> <span class='ocrx_word' id='word_1_367' title='bbox 700 2596 914 2654; x_wconf 81' lang='lat' dir='ltr'>ingerens,</span> <span class='ocrx_word' id='word_1_368' title='bbox 938 2612 1030 2652; x_wconf 80' lang='lat' dir='ltr'>quae</span> <span class='ocrx_word' id='word_1_369' title='bbox 1054 2595 1108 2636; x_wconf 88' lang='lat' dir='ltr'>ad</span> <span class='ocrx_word' id='word_1_370' title='bbox 1127 2596 1325 2638; x_wconf 80' lang='lat' dir='ltr'>Ecclesiae</span> <span class='ocrx_word' id='word_1_371' title='bbox 1344 2596 1560 2637; x_wconf 77' lang='lat' dir='ltr'>laesionem</span> <span class='ocrx_word' id='word_1_372' title='bbox 1581 2608 1818 2638; x_wconf 89' lang='lat' dir='ltr'>currentem</span> <span class='ocrx_word' id='word_1_373' title='bbox 1833 2597 2064 2656; x_wconf 88' lang='lat' dir='ltr'>principem</span> 
     </span>
     <span class='ocr_line' id='line_1_36' title="bbox 221 2661 2063 2717; baseline 0.001 -13"><span class='ocrx_word' id='word_1_374' title='bbox 221 2664 376 2704; x_wconf 89' lang='lat' dir='ltr'>merito</span> <span class='ocrx_word' id='word_1_375' title='bbox 396 2662 608 2704; x_wconf 84' lang='lat' dir='ltr'>retardare</span> <span class='ocrx_word' id='word_1_376' title='bbox 633 2662 892 2703; x_wconf 87' lang='lat' dir='ltr'>debuissent.</span> <span class='ocrx_word' id='word_1_377' title='bbox 919 2662 1094 2701; x_wconf 89' lang='lat' dir='ltr'>Interim</span> <span class='ocrx_word' id='word_1_378' title='bbox 1118 2677 1192 2702; x_wconf 84' lang='lat' dir='ltr'>rex</span> <span class='ocrx_word' id='word_1_379' title='bbox 1214 2661 1368 2702; x_wconf 84' lang='lat' dir='ltr'>certior</span> <span class='ocrx_word' id='word_1_380' title='bbox 1391 2661 1523 2701; x_wconf 86' lang='lat' dir='ltr'>factus</span> <span class='ocrx_word' id='word_1_381' title='bbox 1543 2661 1658 2717; x_wconf 85' lang='lat' dir='ltr'>quod</span> <span class='ocrx_word' id='word_1_382' title='bbox 1680 2663 1865 2704; x_wconf 84' lang='lat' dir='ltr'>Thomas</span> <span class='ocrx_word' id='word_1_383' title='bbox 1887 2663 1941 2704; x_wconf 89' lang='lat' dir='ltr'>ab</span> <span class='ocrx_word' id='word_1_384' title='bbox 1961 2663 2063 2705; x_wconf 88' lang='lat' dir='ltr'>inita</span> 
     </span>
     <span class='ocr_line' id='line_1_37' title="bbox 221 2725 2064 2786; baseline 0.001 -18"><span class='ocrx_word' id='word_1_385' title='bbox 221 2728 498 2786; x_wconf 77' lang='lat' dir='ltr'>promissione</span> <span class='ocrx_word' id='word_1_386' title='bbox 525 2727 769 2775; x_wconf 85' lang='lat' dir='ltr'>desciverat,</span> <span class='ocrx_word' id='word_1_387' title='bbox 791 2725 902 2766; x_wconf 87' lang='lat' dir='ltr'>misit</span> <span class='ocrx_word' id='word_1_388' title='bbox 925 2726 1082 2766; x_wconf 84' lang='lat' dir='ltr'>litteras</span> <span class='ocrx_word' id='word_1_389' title='bbox 1112 2726 1166 2767; x_wconf 88' lang='lat' dir='ltr'>ad</span> <span class='ocrx_word' id='word_1_390' title='bbox 1189 2726 1453 2775; x_wconf 75' lang='lat' dir='ltr'>Pontificem,</span> <span class='ocrx_word' id='word_1_391' title='bbox 1480 2727 1631 2783; x_wconf 80' lang='lat' dir='ltr'>quibus</span> <span class='ocrx_word' id='word_1_392' title='bbox 1661 2726 1746 2768; x_wconf 91' lang='lat' dir='ltr'>duo</span> <span class='ocrx_word' id='word_1_393' title='bbox 1776 2728 1857 2769; x_wconf 89' lang='lat' dir='ltr'>sibi</span> <span class='ocrx_word' id='word_1_394' title='bbox 1888 2728 2064 2770; x_wconf 85' lang='lat' dir='ltr'>concedi</span> 
     </span>
     <span class='ocr_line' id='line_1_38' title="bbox 221 2789 2062 2851; baseline 0.001 -18"><span class='ocrx_word' id='word_1_395' title='bbox 221 2792 463 2851; x_wconf 84' lang='lat' dir='ltr'>postulavit.</span> <span class='ocrx_word' id='word_1_396' title='bbox 494 2791 698 2841; x_wconf 83' lang='lat' dir='ltr'>Primum,</span> <span class='ocrx_word' id='word_1_397' title='bbox 724 2801 768 2831; x_wconf 89' lang='lat' dir='ltr'>ut</span> <span class='ocrx_word' id='word_1_398' title='bbox 804 2789 1129 2831; x_wconf 85' lang='lat' dir='ltr'>consuetudines</span> <span class='ocrx_word' id='word_1_399' title='bbox 1161 2791 1287 2848; x_wconf 69' lang='lat' dir='ltr'>regiae</span> <span class='ocrx_word' id='word_1_400' title='bbox 1317 2792 1465 2831; x_wconf 72' lang='lat' dir='ltr'>Romre</span> <span class='ocrx_word' id='word_1_401' title='bbox 1490 2793 1792 2848; x_wconf 80' lang='lat' dir='ltr'>probarentur3</span> <span class='ocrx_word' id='word_1_402' title='bbox 1819 2793 1995 2835; x_wconf 87' lang='lat' dir='ltr'>alterum</span> <span class='ocrx_word' id='word_1_403' title='bbox 2017 2804 2062 2835; x_wconf 88' lang='lat' dir='ltr'>ut</span> 
     </span>
     <span class='ocr_line' id='line_1_39' title="bbox 222 2855 2061 2914; baseline 0.001 -16"><span class='ocrx_word' id='word_1_404' title='bbox 222 2856 462 2914; x_wconf 55' lang='lat' dir='ltr'>apostolica)</span> <span class='ocrx_word' id='word_1_405' title='bbox 498 2855 717 2913; x_wconf 77' lang='lat' dir='ltr'>legationis</span> <span class='ocrx_word' id='word_1_406' title='bbox 750 2855 1026 2912; x_wconf 81' lang='lat' dir='ltr'>praerogativa</span> <span class='ocrx_word' id='word_1_407' title='bbox 1059 2870 1082 2894; x_wconf 93' lang='lat' dir='ltr'>a</span> <span class='ocrx_word' id='word_1_408' title='bbox 1123 2855 1410 2896; x_wconf 85' lang='lat' dir='ltr'>Cantuariensi</span> <span class='ocrx_word' id='word_1_409' title='bbox 1447 2856 1631 2897; x_wconf 83' lang='lat' dir='ltr'>Ecclesia</span> <span class='ocrx_word' id='word_1_410' title='bbox 1663 2858 1717 2898; x_wconf 88' lang='lat' dir='ltr'>ad</span> <span class='ocrx_word' id='word_1_411' title='bbox 1752 2858 2061 2899; x_wconf 87' lang='lat' dir='ltr'>Eboracensem</span> 
     </span>
     <span class='ocr_line' id='line_1_40' title="bbox 221 2917 2060 2976; baseline 0.001 -14"><span class='ocrx_word' id='word_1_412' title='bbox 221 2921 534 2962; x_wconf 85' lang='lat' dir='ltr'>transferretur.</span> <span class='ocrx_word' id='word_1_413' title='bbox 559 2920 744 2960; x_wconf 87' lang='lat' dir='ltr'>Primam</span> <span class='ocrx_word' id='word_1_414' title='bbox 776 2917 1026 2976; x_wconf 84' lang='lat' dir='ltr'>petitionem</span> <span class='ocrx_word' id='word_1_415' title='bbox 1048 2917 1248 2960; x_wconf 72' lang='lat' dir='ltr'>Pontifex</span> <span class='ocrx_word' id='word_1_416' title='bbox 1274 2922 1431 2974; x_wconf 85' lang='lat' dir='ltr'>rejecit,</span> <span class='ocrx_word' id='word_1_417' title='bbox 1457 2932 1503 2961; x_wconf 83' lang='lat' dir='ltr'>ut</span> <span class='ocrx_word' id='word_1_418' title='bbox 1529 2937 1579 2962; x_wconf 84' lang='lat' dir='ltr'>ex</span> <span class='ocrx_word' id='word_1_419' title='bbox 1607 2922 1754 2964; x_wconf 85' lang='lat' dir='ltr'>litteris</span> <span class='ocrx_word' id='word_1_420' title='bbox 1785 2923 1959 2963; x_wconf 81' lang='lat' dir='ltr'>Thomae</span> <span class='ocrx_word' id='word_1_421' title='bbox 1992 2922 2060 2964; x_wconf 90' lang='lat' dir='ltr'>di·—</span> 
     </span>
    </p>
   </div>
   <div class='ocr_carea' id='block_1_4' title="bbox 220 2983 2062 3100">
    <p class='ocr_par' dir='ltr' id='par_1_4' title="bbox 220 2983 2062 3100">
     <span class='ocr_line' id='line_1_41' title="bbox 220 2983 2062 3044; baseline 0 -16"><span class='ocrx_word' id='word_1_422' title='bbox 220 2988 365 3028; x_wconf 88' lang='lat' dir='ltr'>rectis:</span> <span class='ocrx_word' id='word_1_423' title='bbox 393 2986 566 3026; x_wconf 85' lang='lat' dir='ltr'>alteram</span> <span class='ocrx_word' id='word_1_424' title='bbox 585 2983 768 3036; x_wconf 87' lang='lat' dir='ltr'>admisit,</span> <span class='ocrx_word' id='word_1_425' title='bbox 794 2983 905 3024; x_wconf 86' lang='lat' dir='ltr'>salva</span> <span class='ocrx_word' id='word_1_426' title='bbox 923 2984 1144 3024; x_wconf 86' lang='lat' dir='ltr'>honestate</span> <span class='ocrx_word' id='word_1_427' title='bbox 1165 2983 1428 3025; x_wconf 84' lang='lat' dir='ltr'>ecclesiastici</span> <span class='ocrx_word' id='word_1_428' title='bbox 1456 2985 1631 3038; x_wconf 85' lang='lat' dir='ltr'>ordinis,</span> <span class='ocrx_word' id='word_1_429' title='bbox 1658 2998 1699 3028; x_wconf 86' lang='lat' dir='ltr'>et</span> <span class='ocrx_word' id='word_1_430' title='bbox 1718 3002 1792 3044; x_wconf 89' lang='lat' dir='ltr'>per</span> <span class='ocrx_word' id='word_1_431' title='bbox 1811 2986 1912 3027; x_wconf 89' lang='lat' dir='ltr'>alias</span> <span class='ocrx_word' id='word_1_432' title='bbox 1935 3002 2062 3044; x_wconf 88' lang='lat' dir='ltr'>apos-</span> 
     </span>
     <span class='ocr_line' id='line_1_42' title="bbox 220 3042 2059 3100; baseline -0.001 -13"><span class='ocrx_word' id='word_1_433' title='bbox 220 3046 365 3087; x_wconf 85' lang='lat' dir='ltr'>tolicas</span> <span class='ocrx_word' id='word_1_434' title='bbox 379 3046 557 3085; x_wconf 85' lang='lat' dir='ltr'>Litteras</span> <span class='ocrx_word' id='word_1_435' title='bbox 580 3045 752 3100; x_wconf 87' lang='lat' dir='ltr'>scriptas</span> <span class='ocrx_word' id='word_1_436' title='bbox 763 3043 971 3099; x_wconf 86' lang='lat' dir='ltr'>Episcopo</span> <span class='ocrx_word' id='word_1_437' title='bbox 986 3042 1242 3083; x_wconf 85' lang='lat' dir='ltr'>Eboracensi</span> <span class='ocrx_word' id='word_1_438' title='bbox 1261 3044 1494 3095; x_wconf 69' lang='lat' dir='ltr'>mandavit,</span> <span class='ocrx_word' id='word_1_439' title='bbox 1511 3056 1556 3085; x_wconf 90' lang='lat' dir='ltr'>ut</span> <span class='ocrx_word' id='word_1_440' title='bbox 1579 3061 1620 3086; x_wconf 90' lang='lat' dir='ltr'>se</span> <span class='ocrx_word' id='word_1_441' title='bbox 1637 3046 1865 3086; x_wconf 89' lang='lat' dir='ltr'>abstineret</span> <span class='ocrx_word' id='word_1_442' title='bbox 1881 3045 1934 3086; x_wconf 91' lang='lat' dir='ltr'>ab</span> <span class='ocrx_word' id='word_1_443' title='bbox 1959 3045 2059 3086; x_wconf 89' lang='lat' dir='ltr'>actis</span> 
     </span>
    </p>
   </div>
   <div class='ocr_carea' id='block_1_5' title="bbox 219 3106 2059 3230">
    <p class='ocr_par' dir='ltr' id='par_1_5' title="bbox 219 3106 2059 3230">
     <span class='ocr_line' id='line_1_43' title="bbox 219 3106 2059 3166; baseline -0.001 -15"><span class='ocrx_word' id='word_1_444' title='bbox 219 3109 523 3166; x_wconf 85' lang='lat' dir='ltr'>jurisdictionis</span> <span class='ocrx_word' id='word_1_445' title='bbox 545 3106 587 3147; x_wconf 90' lang='lat' dir='ltr'>in</span> <span class='ocrx_word' id='word_1_446' title='bbox 619 3107 834 3165; x_wconf 88' lang='lat' dir='ltr'>provincia</span> <span class='ocrx_word' id='word_1_447' title='bbox 859 3107 1161 3154; x_wconf 76' lang='lat' dir='ltr'>Caum-ariensi,</span> <span class='ocrx_word' id='word_1_448' title='bbox 1184 3123 1289 3149; x_wconf 78' lang='lat' dir='ltr'>neve</span> <span class='ocrx_word' id='word_1_449' title='bbox 1321 3109 1364 3149; x_wconf 90' lang='lat' dir='ltr'>in</span> <span class='ocrx_word' id='word_1_450' title='bbox 1390 3108 1505 3150; x_wconf 85' lang='lat' dir='ltr'>illam</span> <span class='ocrx_word' id='word_1_451' title='bbox 1527 3125 1693 3151; x_wconf 85' lang='lat' dir='ltr'>crucem</span> <span class='ocrx_word' id='word_1_452' title='bbox 1717 3108 1914 3151; x_wconf 85' lang='lat' dir='ltr'>deferret.</span> <span class='ocrx_word' id='word_1_453' title='bbox 1939 3109 2059 3150; x_wconf 86' lang='lat' dir='ltr'>Post-</span> 
     </span>
     <span class='ocr_line' id='line_1_44' title="bbox 219 3170 2059 3230; baseline -0.001 -13"><span class='ocrx_word' id='word_1_454' title='bbox 219 3174 395 3217; x_wconf 88' lang='lat' dir='ltr'>modum</span> <span class='ocrx_word' id='word_1_455' title='bbox 413 3175 599 3215; x_wconf 85' lang='lat' dir='ltr'>Thomas</span> <span class='ocrx_word' id='word_1_456' title='bbox 617 3172 777 3230; x_wconf 85' lang='lat' dir='ltr'>aufugit</span> <span class='ocrx_word' id='word_1_457' title='bbox 795 3172 838 3212; x_wconf 88' lang='lat' dir='ltr'>in</span> <span class='ocrx_word' id='word_1_458' title='bbox 851 3170 1025 3221; x_wconf 87' lang='lat' dir='ltr'>Gallias,</span> <span class='ocrx_word' id='word_1_459' title='bbox 1050 3182 1092 3213; x_wconf 92' lang='lat' dir='ltr'>et</span> <span class='ocrx_word' id='word_1_460' title='bbox 1113 3171 1266 3214; x_wconf 88' lang='lat' dir='ltr'>deinde</span> <span class='ocrx_word' id='word_1_461' title='bbox 1280 3174 1479 3227; x_wconf 81' lang='lat' dir='ltr'>Romam,</span> <span class='ocrx_word' id='word_1_462' title='bbox 1499 3185 1541 3216; x_wconf 90' lang='lat' dir='ltr'>et</span> <span class='ocrx_word' id='word_1_463' title='bbox 1557 3191 1581 3216; x_wconf 88' lang='lat' dir='ltr'>a</span> <span class='ocrx_word' id='word_1_464' title='bbox 1598 3173 1804 3216; x_wconf 86' lang='lat' dir='ltr'>Pontifice</span> <span class='ocrx_word' id='word_1_465' title='bbox 1817 3175 2059 3216; x_wconf 89' lang='lat' dir='ltr'>humaniter</span> 
     </span>
    </p>
   </div>
  </div>
 </body>
</html>
