2135 3442
649 294 732 329 DIE
760 292 836 327 XX
865 288 1147 325 NOVEMBRIS
1176 282 1476 320 MDCCCXLVI.

455 460 522 526 S.
572 457 638 524 S.
690 453 999 520 DOMINI
1047 446 1356 516 NOSTRI
1406 443 1526 510 PII
1574 443 1663 509 IX

677 579 979 633 LITTERAE
1018 571 1448 628 APOSTOLIGAE

280 699 425 733 omncs
464 696 681 724 INDICITUR
720 693 925 720 JUBILAEL'M
964 687 1214 715 L'NIVERSALE
1247 686 1300 712 AD
1335 683 1638 711 IMPLORANDUM
1673 682 1850 708 DIVJNIJM

950 747 1170 774 AL'XILIUM.

223 856 437 898 Universis
473 848 834 905 Clu-Istifidelibus
863 853 1090 903 proesentes
1128 842 1311 882 Litteras
1355 844 1606 896 inspecturis
1645 838 1835 879 Salutem
1875 848 1914 879 et

727 905 1015 963 Apostolicczm
1045 901 1398 942 Beneclictionem.

220 1028 396 1071 Arcano
422 1022 587 1067 divinae
624 1016 933 1064 Providentiae
967 1013 1164 1060 consilio
1200 1012 1259 1058 ad
1292 1010 1568 1074 Apostolicae
1591 1009 1722 1055 Sedis
1749 1009 1981 1071 fastigium

151 1091 214 1136 nil
239 1089 329 1136 tale
351 1096 581 1133 merentes
600 1083 763 1139 evecti,
786 1080 935 1145 probe
962 1079 1180 1124 novimus
1203 1077 1249 1122 in
1276 1085 1474 1138 quantas
1499 1074 1801 1120 inciderimus
1824 1090 1978 1120 rerum

150 1172 203 1202 ac
229 1165 497 1216 temporum
521 1147 833 1205 difficultates,
855 1155 905 1191 ut
932 1144 1095 1190 divino
1114 1141 1327 1188 subsidio
1348 1140 1667 1202 maximopere
1688 1139 1982 1200 indigeamus

150 1220 209 1265 ad
237 1217 457 1265 arcendas
493 1230 518 1259 a
542 1212 783 1259 dominico
823 1226 958 1272 grege
994 1207 1169 1270 ubique
1192 1206 1388 1252 latentes
1416 1204 1625 1263 insidias,
1653 1204 1712 1250 ad
1737 1204 1983 1250 Catholicae

153 1284 364 1329 Ecclesiae
385 1298 456 1326 res
476 1295 562 1342 pro
579 1276 734 1323 Nostri
755 1274 961 1320 muneris
979 1272 1135 1319 officio
1159 1270 1450 1327 relevandas,
1466 1269 1839 1332 componendas.
1859 1271 1984 1325 Qua-

150 1357 343 1411 propter
361 1344 558 1392 assiduis
580 1342 676 1387 huc
698 1355 846 1402 usque
872 1338 1091 1402 precibus
1118 1353 1216 1381 non
1241 1336 1502 1381 destitimus
1521 1334 1768 1380 obsecrare
1791 1334 1984 1379 Miseri-

151 1412 420 1458 cordiarum
456 1412 657 1463 Patrem,
688 1415 739 1450 ut
761 1403 972 1449 infirmas
996 1405 1184 1447 Nostras
1207 1402 1327 1446 vires
1351 1417 1433 1446 sua
1464 1400 1633 1444 virtute
1665 1397 1910 1453 roborare,
1940 1408 1986 1444 et

150 1477 326 1522 lumine
361 1472 598 1536 sapientia}
631 1486 723 1515 suae
747 1478 955 1514 mentem
988 1469 1203 1511 Nostram
1230 1465 1461 1510 illustrare
1486 1464 1611 1520 velit,
1639 1480 1735 1525 quo
1760 1463 1982 1509 commis-

151 1558 255 1586 sum
283 1539 427 1586 Nobis
446 1534 758 1599 apostolicum
783 1531 1094 1577 Ministerium
1123 1530 1189 1575 rei
1222 1529 1492 1575 Christianae
1517 1529 1742 1573 universae
1784 1527 1903 1572 bene
1931 1543 1984 1573 ac

154 1604 346 1650 feliciter
365 1602 565 1655 eveniat,
590 1609 635 1645 et
663 1597 934 1660 compositis
964 1594 1155 1640 tandem
1184 1593 1406 1639 fluctibus
1429 1593 1643 1638 Ecclesiae
1672 1593 1804 1639 navis
1826 1608 1854 1638 a
1877 1592 1983 1637 diu-

153 1679 292 1715 turna
321 1665 608 1729 tempestatis
634 1663 884 1724 jactatione
916 1659 1233 1721 conquiescat.
1268 1658 1507 1714 Quoniam
1541 1674 1674 1716 vero,
1705 1657 1831 1718 qnod
1851 1673 1983 1703 com-

155 1750 297 1779 mune
319 1733 500 1777 bonum
525 1738 609 1785 est,
641 1727 688 1772 id
713 1724 1048 1771 communibus
1080 1724 1218 1768 etiam
1246 1724 1365 1768 votis
1390 1721 1743 1785 postulandum,
1771 1724 1985 1767 omnium

154 1795 540 1844 Christifidelium
565 1792 763 1837 excitare
785 1790 1004 1853 pietatem
1028 1787 1338 1843 decrevimus,
1369 1796 1418 1832 ut
1440 1786 1703 1848 conjunctis
1728 1786 1986 1832 Nobiscum

155 1862 370 1925 precibus
422 1855 769 1920 Omnipotentis
819 1853 1018 1899 dexterae
1076 1852 1300 1897 auxilium
1352 1851 1610 1914 impensius
1656 1851 1981 1914 imploremus.

154 1928 287 1989 Atqui
318 1925 612 1989 exploratum
639 1919 754 1965 illud
781 1928 865 1975 est,
908 1917 1132 1978 gratiores
1165 1920 1266 1962 Deo
1303 1917 1480 1961 suturas
1514 1915 1766 1960 hominum
1803 1932 1966 1978 preces

155 1992 192 2036 si
221 1990 402 2036 mundo
439 1986 598 2041 corde,
631 1984 724 2029 hoc
760 1992 829 2028 est
855 1983 1022 2027 animis
1055 1981 1114 2026 ab
1148 1982 1279 2026 omni
1305 1980 1478 2027 scelere
1509 1981 1700 2041 integris
1726 1979 1786 2026 ad
1834 1953 1989 2044 ipsuni

155 2056 397 2112 accedant,
424 2052 598 2096 idcirco
623 2048 768 2094 secuti
792 2047 932 2092 etiam
964 2045 1230 2108 exemplum
1264 2045 1663 2091 Praedecessorum
1687 2048 1986 2102 Nostrorum,

157 2120 302 2182 quiin
321 2115 619 2165 pontificatus
639 2111 911 2176 primordiis
934 2110 1138 2173 idipsum
1161 2112 1487 2173 praestiterunt,
1504 2110 1713 2155 coelestes
1735 2109 1987 2171 Indulgen-

159 2185 327 2229 tiarum
364 2182 608 2227 thesauros
643 2176 978 2240 dispensationi
1003 2179 1178 2220 Nostrae
1214 2176 1489 2220 commissos
1519 2174 1785 2237 Apostolica
1823 2174 1989 2220 libera-

160 2248 287 2294 litate
344 2241 732 2293 christifidelibus
786 2256 991 2286 reserare
1050 2240 1406 2297 constituimus,
1462 2250 1513 2286 ut
1561 2239 1670 2284 inde
1722 2238 1782 2284 ad
1830 2256 1989 2286 veram

163 2313 378 2375 pietatem
427 2307 746 2355 vehementius
790 2305 989 2362 incensi,
1026 2313 1070 2350 et
1117 2322 1201 2367 per
1238 2305 1525 2351 Poenitentiae
1572 2307 1926 2350 Sacramentum
1963 2320 1990 2350 a

163 2387 467 2449 peccatorum
516 2371 707 2418 maculis
747 2369 916 2432 expiati
959 2368 1019 2414 ad
1063 2368 1307 2416 Thronutn
1348 2370 1435 2415 Dei
1478 2368 1698 2414 fidentius
1737 2369 1986 2426 accedant,

163 2457 356 2504 ejusque
387 2435 752 2485 misericordiam
778 2442 1141 2495 consequantur,
1181 2444 1226 2480 et
1251 2435 1445 2497 gratiam
1474 2434 1715 2479 inveniant
1738 2435 1785 2478 in
1816 2434 1990 2480 auxilio

161 2516 452 2571 opportuno.

231 2576 332 2617 Hoc
367 2572 460 2614 Nos
497 2564 693 2612 consilio
734 2562 1080 2624 Indulgentiam
1118 2562 1178 2608 ad
1214 2563 1357 2609 instar
1390 2561 1569 2608 Juhilaei
1599 2561 1716 2607 Orbi
1748 2563 1990 2608 Catholico

167 2635 524 2685 denunciamus.
576 2626 899 2686 Quamobrem
935 2626 992 2671 de
1038 2628 1384 2690 Omnipotentis
1430 2628 1517 2673 Dei
1562 2627 1879 2673 misericordia
1937 2644 1992 2674 ac

167 2703 415 2748 beatorum
449 2695 585 2750 Petri,
614 2703 659 2738 et
689 2691 817 2736 Pauli
844 2691 1176 2753 Apostolorum
1199 2693 1297 2754 ejus
1317 2693 1592 2738 auctoritate
1617 2691 1800 2751 confisi,
1836 2665 1898 2738 ex,
1914 2692 1992 2738 illa

168 2764 342 2829 ligandi
365 2779 418 2808 ac
442 2757 652 2805 solvendi
676 2765 919 2818 potestate,
943 2771 1085 2817 quam
1106 2756 1250 2801 Nobis
1273 2758 1504 2802 Dominus
1528 2756 1634 2802 licet
1657 2757 1862 2818 indignis
1883 2773 1994 2802 con-

170 2831 299 2888 tulit,
332 2825 559 2872 uliix‘eisis
596 2838 648 2867 ac
674 2819 864 2880 singulis
901 2820 1142 2881 utriusque
1176 2836 1310 2866 sexus
1341 2820 1753 2878 christifidelibus,
1787 2822 1835 2866 in
1871 2821 1994 2867 alma

171 2895 296 2941 Urbe
322 2896 486 2937 Nostra
509 2884 802 2948 degentibus,
825 2883 897 2928 vel
922 2884 981 2929 ad
999 2900 1101 2929 eam
1125 2885 1499 2943 advenientibus,
1524 2887 1604 2948 qui
1624 2886 1779 2932 Sancti
1800 2886 1993 2931 Joannis

169 2962 216 3006 in
236 2963 483 3011 Laterano,
510 2950 734 3012 Principis
754 2947 1102 3010 Apostolorum,
1123 2960 1165 2993 et
1187 2952 1365 2995 Sanctae
1383 2952 1535 2996 Mariae
1556 2951 1742 3012 Majoris
1763 2950 1973 2995 Basilicas

170 3024 242 3070 vel
263 3037 424 3068 earum
452 3019 655 3079 aliquam
681 3030 707 3059 a
726 3011 932 3057 secunda
951 3013 1198 3058 Dominica
1223 3014 1457 3062 Adventus
1477 3016 1702 3060 nimirum
1720 3031 1745 3060 a
1770 3014 1844 3059 die
1866 2985 1993 3060 sextgi

171 3085 443 3134 Decembris
480 3080 719 3128 inclusive,
752 3092 901 3138 usque
937 3076 996 3122 ad
1036 3077 1161 3121 diem
1200 3079 1467 3126 vicesimam
1501 3081 1747 3142 septimam
1783 3078 1993 3140 ejusdem

172 3152 345 3199 mensis
379 3148 552 3213 pariter
581 3142 822 3198 inclusive,
860 3156 961 3200 quae
998 3151 1063 3186 est
1093 3141 1191 3186 dies
1232 3143 1344 3188 festa
1376 3146 1530 3189 Sancti
1558 3145 1750 3189 „Ioannis
1783 3142 1994 3206 Apostoli

170 3217 239 3263 bis
278 3212 562 3262 visitaverint
587 3210 709 3254 intra
738 3216 828 3252 tres
858 3204 957 3251 illas
983 3205 1321 3268 hebdomadas,
1358 3207 1516 3258 ibique
1548 3225 1632 3272 per
1656 3207 1848 3270 aliquod
1875 3217 1993 3253 tem·
