2135 3442
108 173 184 209 214
721 172 1033 211 ALLOCUTION
1062 177 1128 212 DE
1155 177 1232 213 PIE
1261 178 1329 215 IX.

104 258 402 300 Consultorum
429 257 591 311 judicio
616 259 779 316 subjici,
814 259 971 302 idcirco
1007 278 1058 304 eo
1076 262 1167 320 ipso
1189 263 1272 313 die,
1301 279 1385 321 quo
1417 263 1486 305 illa
1509 264 1649 307 Status
1677 267 1942 312 Consultatio

104 323 352 381 inaugurata
379 321 471 372 fuit,
498 323 612 365 haud
643 325 860 371 omisimus
892 328 1156 370 turbulentos
1182 328 1389 385 quosdam
1422 328 1633 380 homines,
1655 330 1726 387 qui
1758 332 1939 375 Consul-

106 398 218 428 tores
247 386 569 438 comitabantur,
603 392 797 447 gravibus
829 395 1065 451 severisque
1091 394 1227 435 verbis
1261 392 1368 435 serio
1404 409 1593 444 monere,
1627 395 1767 453 eisque
1798 413 1943 440 verum

105 453 227 507 hujus
260 451 532 494 institutionis
563 453 687 496 finem
718 458 827 499 clare
860 469 1087 517 aperteque
1116 458 1398 500 manifestare.
1437 459 1597 500 Verum
1627 462 1944 517 perturbatores

105 532 338 574 numquam
366 517 615 559 desinebant
639 519 861 580 deceptam
890 523 1037 581 populi
1060 533 1223 579 partem
1250 525 1411 579 majore
1445 539 1575 580 usque
1603 524 1761 582 impetu
1793 526 1946 568 sollici-

105 592 209 629 tare,
236 592 277 623 et
298 598 382 639 quo
406 582 566 624 facilius
597 585 843 629 asseclarum
864 603 1089 629 numerum
1107 587 1279 638 habere,
1309 599 1350 630 et
1383 604 1535 646 augere
1567 601 1752 648 possent,
1788 601 1880 632 tum
1901 591 1944 632 in

105 645 327 688 Pontificia
347 647 497 688 Nostra
521 647 694 700 ditione,
718 662 807 693 tum
828 653 940 711 apud
962 664 1124 693 exteras
1148 668 1314 710 quoque
1339 664 1481 711 gentes
1505 653 1655 713 insigni
1678 671 1848 713 prorsus
1868 655 1947 698 im-

105 711 309 768 pudentia
334 723 457 769 atque
483 713 657 756 audacia
684 717 953 776 evulgabant,
980 733 1126 759 eorum
1157 717 1427 775 opinionibus
1447 729 1488 759 et
1511 719 1690 761 consiliis
1709 721 1798 762 Nos
1823 720 1946 778 plane

106 777 323 818 assentire.
342 777 635 832 Memineritis,
656 781 693 819 V
697 783 931 825 enerabiles
956 784 1135 833 Fratres,
1162 782 1314 840 quibus
1335 784 1475 825 verbis
1496 782 1537 824 in
1558 785 1712 826 Nostra
1732 785 1948 826 Consisto-

105 840 196 881 riali
220 841 503 893 Allocutione‚
533 843 601 885 die
629 848 651 886 4
674 847 832 889 mensis
852 847 1046 890 Octobris
1067 864 1179 889 anno
1208 851 1335 897 1847,
1365 848 1419 890 ad
1447 864 1521 889 vos
1545 849 1704 899 habita,
1733 849 1949 891 universos

104 906 286 964 populos
309 909 417 949 serio
438 924 727 962 commonere,
754 924 794 954 et
823 912 1036 954 exhortari
1063 912 1178 953 haud
1201 913 1477 963 omiserimus,
1504 924 1550 954 ut
1570 914 1622 954 ab
1647 913 1855 970 ejusmodi
1876 929 1947 955 ve-

106 980 341 1013 teratorum
374 973 521 1015 fraude
542 975 843 1019 studiosissime
867 990 1079 1019 caverent.
1106 979 1281 1019 Interim
1303 993 1404 1019 vero
1428 979 1668 1036 pervicaces
1699 978 1949 1020 insidiarum

107 1046 149 1076 et
179 1037 456 1095 agitationum
483 1050 689 1089 auctores,
717 1052 763 1081 ut
792 1042 935 1083 turbas
962 1053 1181 1099 metusque
1209 1042 1475 1084 continenter
1505 1043 1682 1094 alerent,
1711 1054 1754 1085 et
1791 1043 1952 1085 excita-

106 1111 215 1151 rent,
243 1116 386 1143 mense
409 1103 608 1143 Januario
633 1105 861 1162 superioris
892 1107 991 1147 anni
1020 1106 1288 1148 incautorum
1319 1108 1481 1148 animos
1514 1107 1631 1149 inani
1660 1108 1823 1150 externi
1849 1109 1950 1150 belli

105 1179 277 1208 rumore
300 1167 565 1217 territabant,
595 1180 720 1227 atque
743 1170 784 1211 in
808 1172 956 1230 vulgus
979 1173 1250 1230 spargebant,
1271 1172 1430 1213 bellum
1451 1173 1567 1214 idem
1593 1174 1766 1215 internis
1784 1175 1952 1231 conspi-

106 1229 342 1272 rationibus
362 1243 401 1272 et
423 1232 632 1274 malitiosa
652 1235 985 1292 gubernantium
1007 1236 1159 1278 inertia
1180 1236 1312 1278 foveri
1329 1253 1376 1278 ac
1401 1248 1678 1279 sustentatum
1699 1238 1765 1279 iri.
1786 1238 1877 1280 Nos
1898 1237 1951 1279 ad

108 1295 442 1350 tranquillandos
483 1298 668 1349 animos,
706 1312 747 1341 et
788 1301 1081 1343 insidiantium
1117 1301 1300 1342 fallacias
1339 1301 1588 1344 refellendas
1621 1302 1738 1343 nulla
1780 1301 1953 1358 quidem

105 1358 349 1416 interposita
368 1376 501 1412 mora,
519 1362 585 1404 die
614 1371 664 1406 10
682 1367 901 1408 Februarii
919 1368 1046 1426 ipsius
1060 1368 1174 1418 anni,
1195 1382 1317 1408 voces
1335 1367 1541 1423 ejusmodi
1564 1367 1740 1408 omnino
1752 1366 1890 1412 falsas,
1913 1376 1954 1408 et

105 1423 307 1466 absurdas
324 1441 410 1467 esse
432 1426 737 1472 declaravimus
760 1431 839 1472 illis
861 1432 1029 1474 Nostris
1048 1432 1200 1483 verbis,
1226 1448 1318 1490 quae
1345 1448 1494 1474 01111105
1515 1434 1652 1490 probe
1673 1442 1951 1490 cognoscunt.

105 1489 243 1545 Atque
263 1490 307 1530 in
327 1506 378 1531 eo
400 1502 591 1550 tempore
610 1495 834 1537 carissimis
856 1497 1009 1539 nostris
1034 1497 1226 1550 subditis,
1251 1497 1367 1554 quod
1396 1513 1509 1538 nunc
1532 1498 1622 1539 Deo
1645 1498 1755 1538 bene
1779 1497 1952 1552 juvante

108 1554 286 1605 eveniet,
307 1557 694 1613 praenuntiavimus,
720 1561 908 1603 futurum
929 1562 1099 1612 scilicet,
1126 1573 1173 1603 ut
1192 1561 1524 1603 innumerabiles
1546 1561 1620 1603 filii
1638 1561 1693 1603 ad
1713 1560 1952 1603 communis

108 1620 299 1661 omnium
322 1621 514 1662 fidelium
536 1623 672 1665 Patris
699 1625 892 1677 domum,
917 1626 970 1668 ad
998 1627 1192 1668 Ecclesiae
1223 1642 1376 1685 nempe
1400 1628 1566 1668 Statum
1592 1625 1952 1684 propugnandum

108 1684 398 1733 convolarent,
421 1685 453 1727 si
473 1687 700 1730 arctissima
722 1691 791 1731 illa
809 1692 915 1749 grati
937 1692 1067 1732 animi
1089 1691 1272 1742 vincula,
1301 1693 1456 1748 quibus
1479 1691 1607 1733 Italia*
1623 1692 1854 1748 Principes,
1871 1706 1951 1748 po-

108 1748 279 1805 pulique
302 1750 449 1791 intime
472 1751 583 1793 inter
614 1769 656 1794 se
687 1755 893 1814 obstringi
918 1755 1149 1807 debebant,
1182 1756 1381 1798 dissoluta
1405 1756 1598 1809 fuissent,
1622 1771 1669 1797 ac
1699 1755 1847 1814 populi
1875 1755 1953 1812 ipsi

108 1828 278 1855 suorum
306 1815 551 1874 Principum
588 1819 852 1876 sapientiam,
880 1837 1110 1878 eorumque
1131 1822 1288 1877 jurium
1318 1822 1578 1864 sanctitatem
1604 1820 1754 1873 vereri,
1781 1836 1829 1862 ac
1857 1821 1954 1861 totis

109 1878 265 1920 viribus
283 1880 406 1931 tueri,
431 1892 472 1922 et
489 1881 718 1925 defendere
736 1885 1034 1943 neglexissent.

166 1944 253 1985 Etsi
274 1960 374 1986 vero
394 1945 547 1988 Nostra
569 1947 639 1990 illa
662 1950 791 1991 verba
815 1967 949 2009 nuper
973 1962 1305 1993 commemorata
1335 1951 1684 2008 tranquillitatem
1710 1949 1828 1992 brevi
1857 1951 1952 2007 qui-

110 2008 207 2050 dem
230 2012 430 2068 temporis
454 2013 588 2070 spatio
610 2013 657 2055 iis
682 2016 879 2057 omnibus
893 2016 1088 2067 attulere,
1111 2032 1292 2074 quorum
1310 2016 1505 2058 voluntas
1524 2016 1734 2057 continuae
1757 2013 1953 2056 adversa-

109 2074 233 2114 batur
264 2076 585 2132 perturbationi,
634 2080 737 2120 nihil
775 2091 918 2122 tamen
960 2081 1127 2123 valuere
1173 2081 1287 2139 apud
1328 2080 1630 2123 infensissimos
1664 2079 1880 2131 Ecclesiae,
1913 2090 1954 2122 et

108 2139 304 2179 humanae
334 2141 540 2182 societatis
581 2143 735 2194 hostes,
768 2146 839 2202 qui
869 2161 997 2187 novas
1024 2148 1108 2201 jam
1131 2146 1289 2197 turbas,
1317 2161 1450 2188 novos
1478 2147 1681 2188 tumultus
1711 2145 1944 2187 00110113νοι

109 2214 220 2244 rant.
250 2202 467 2261 Siquidem
489 2207 706 2250 calumniis
731 2210 982 2262 insistentes,
1007 2227 1097 2268 quae
1130 2211 1184 2251 ab
1206 2212 1326 2269 ipsis,
1356 2227 1555 2253 eorumve
1578 2210 1782 2252 similibus
1806 2220 1954 2251 contra

110 2268 343 2326 Religiosos
366 2271 475 2312 viros
501 2271 644 2314 divino
664 2274 896 2316 ministerio
918 2275 1124 2329 addictos,
1151 2287 1192 2317 et
1215 2276 1323 2317 bene
1348 2276 1400 2317 de
1419 2275 1604 2318 Ecclesia
1621 2274 1798 2316 meritos
1821 2273 1954 2316 disse-

110 2334 279 2374 minatae
302 2334 482 2386 fuerant,
509 2338 732 2395 populares
766 2340 846 2381 iras
879 2341 995 2381 omni
1023 2342 1184 2399 impetu
1214 2340 1412 2382 adversus
1435 2341 1526 2382 illos
1550 2340 1799 2392 excitarunt,
1827 2349 1952 2396 atque

112 2396 442 2442 inflammarunt.
483 2402 629 2459 Neque
660 2403 874 2462 ignoratis,
913 2406 1187 2448 venerabiles
1228 2407 1407 2459 Fratres,
1442 2405 1548 2446 nihil
1589 2403 1762 2445 valuisse
1799 2403 1954 2445 Nostra

110 2463 240 2503 verba
268 2463 321 2504 ad
348 2465 555 2523 populum
584 2467 650 2508 (lie
685 2474 735 2509 10
757 2470 901 2510 Martii
935 2470 1159 2528 superioris
1200 2470 1298 2511 anni
1326 2469 1485 2519 habita,
1526 2469 1679 2526 quibus
1715 2467 1954 2526 religiosam

111 2526 227 2569 illam
246 2529 447 2571 familiam
471 2532 523 2572 ab
547 2533 687 2588 exilio,
712 2545 753 2576 et
771 2535 1028 2592 dispersione
1047 2537 1207 2594 eripere
1224 2550 1480 2593 magnopere
1504 2533 1792 2575 studebamus.

171 2593 279 2634 Cum
306 2595 414 2636 inter
445 2597 533 2637 haec
565 2599 790 2640 notissimae
816 2599 894 2641 illae
918 2616 1060 2642 rerum
1096 2600 1359 2658 publicarum
1381 2599 1674 2640 conversiones
1702 2600 1746 2639 in
1769 2597 1888 2639 Italia
1911 2609 1954 2640 et

112 2657 283 2716 Europa
312 2660 541 2711 evenirent,
576 2663 662 2704 Nos
699 2665 852 2706 iterum
879 2665 1166 2722 Apostolicam
1196 2665 1394 2706 Nostram
1431 2664 1668 2705 attollentes
1703 2679 1851 2705 vocem
1884 2662 1952 2705 die

114 2725 170 2764 30
193 2723 334 2764 Martii
359 2726 547 2781 ejusdem
580 2728 677 2768 anni
711 2729 826 2770 haud
855 2729 1069 2770 omisimus
1091 2730 1304 2770 universos
1327 2728 1505 2786 populos
1531 2730 1657 2770 etiam
1679 2741 1802 2787 atque
1824 2729 1952 2770 etiam

113 2802 288 2830 monere
299 2801 340 2830 et
358 2791 534 2843 hortari,
550 2803 594 2833 ut
606 2803 647 2832 et
669 2793 882 2834 catholicae
896 2793 1091 2835 Ecclesiae
1110 2793 1348 2834 libertatem
1360 2793 1513 2843 vereri,
1527 2805 1567 2834 et
1583 2793 1717 2836 civilis
1737 2791 1950 2836 societatis

113 2851 309 2894 ordinem
331 2865 486 2914 tegere,
513 2867 554 2898 et
578 2857 768 2898 omnium
790 2859 885 2913 jura
910 2858 1032 2908 tueri,
1063 2869 1104 2899 et
1131 2857 1396 2899 sanctissimae
1424 2869 1573 2900 nostrae
1600 2858 1833 2917 Religionis
1850 2872 1950 2915 pre-

114 2929 233 2975 cepta
266 2921 431 2978 exequi,
472 2932 513 2962 et
550 2921 593 2962 in
613 2921 758 2980 primis
784 2922 1052 2964 christianam
1081 2922 1125 2963 in
1156 2938 1302 2964 omnes
1328 2922 1543 2965 caritatem
1563 2939 1756 2965 exercere
1774 2920 1950 2964 omnino

115 2982 348 3039 studerent,
376 2986 722 3044 quandoquidem
744 2987 778 3028 si
800 2988 889 3027 haec
916 2987 993 3044 ipsi
1017 3003 1141 3045 agere
1166 2987 1458 3045 neglexissent,
1485 3004 1560 3047 pro
1591 3000 1705 3031 certo
1724 2987 1946 3041 haberent,

116 3047 231 3103 quod
254 3051 368 3092 Deus
389 3051 644 3103 ostenderet,
669 3067 710 3093 se
727 3051 982 3109 populorum
1003 3051 1314 3094 dominatorem
1337 3068 1442 3095 esse.

178 3116 267 3157 Jam
290 3132 391 3158 vero
411 3116 588 3175 quisque
604 3127 787 3158 vestrum
810 3116 933 3175 plane
950 3116 1084 3158 noscit
1102 3116 1318 3174 quomodo
1340 3117 1383 3158 in
1402 3119 1567 3161 ltaliam
1585 3113 1947 3185 Constitutionarii

114 3180 328 3239 regiminis
350 3181 487 3224 forma
514 3180 639 3224 fuerit
661 3181 840 3235 invecta,
878 3192 918 3223 et
949 3181 1164 3239 quomodo
1194 3182 1384 3224 Satutum
1417 3199 1439 3224 a
1468 3183 1602 3225 Nobis
1635 3183 1703 3224 die
1730 3185 1782 3224 ,14
1805 3181 1946 3222 Martn

114 3245 337 3303 superioris
356 3247 455 3289 anni
475 3246 638 3290 Nostris
657 3245 833 3289 subditis
856 3262 1098 3289 concessum
1116 3246 1159 3288 in
1178 3246 1311 3289 lucem
1337 3248 1554 3306 prodierit.
1577 3249 1682 3290 Cum
1703 3257 1843 3288 autem
1862 3245 1945 3286 im-
