2135 3442
192 182 268 218 532

192 277 274 306 erat
292 267 330 305 in
352 280 457 305 more
479 275 565 303 ante
586 265 782 317 regiminis
801 265 1074 303 commutatio-

192 341 295 375 nem,
314 326 561 376 sequentibus
582 326 709 363 verbis
727 338 952 376 expressum
972 339 982 363 ι

250 461 265 479 α
288 446 368 494 Ego
394 443 483 490 juro
506 452 541 480 et
563 443 763 494 promitto,
786 442 833 479 ad
855 450 985 478 sancta
1006 440 1078 478 Dei

194 520 210 536 α
238 503 466 553 Evangelia,
490 503 748 539 obedientiam
786 510 823 538 et
853 501 1075 537 fidelitatem

196 580 212 594 «
236 562 433 600 Gubernio
452 575 523 613 per
536 561 854 600 Constitutionem
876 559 1081 597 Gallicanae

194 638 211 655 ‹<
236 620 471 672 Reipublicae
497 629 653 658 statuto.
675 624 783 666 Item,
807 618 992 670 promitto
1018 632 1079 656 me

197 680 379 716 «nullam
413 678 797 716 communicationem
838 677 1076 723 habiturum,

196 754 210 772 (ι
235 738 329 775 nulli
358 736 517 774 consilio
542 737 831 783 interfuturum,
855 736 1079 786 nullamque

193 813 207 830 α
236 805 449 848 suspectam
470 796 649 833 unionem
671 809 795 846 neque
818 795 934 843 intra,
955 809 1079 845 neque

194 873 211 889 α
235 864 344 892 extra
359 863 691 901 conservaturum,
708 868 794 904 quae
812 853 1079 904 tranquillitati

193 931 211 948 κ
235 914 397 965 publicae
422 922 577 960 noceat3
610 922 647 950 et
680 913 724 963 si,
761 922 834 950 tam
863 914 902 950 in
923 913 1079 950 dioecesi

196 986 321 1010 «mea
355 986 470 1023 quam
505 971 610 1019 alibi,
645 971 822 1009 noverim
857 972 1004 1022 aliquid
1039 971 1079 1009 in

195 1052 210 1068 a·
235 1036 359 1071 Status
378 1034 560 1070 damnum
579 1031 750 1080 tractari,
774 1031 972 1069 Gubernio
993 1045 1078 1068 ma-

194 1112 212 1130 ιι
234 1094 439 1133 nifestabo.
460 1111 477 1127 n

243 1215 328 1249 VII.
360 1210 613 1249 Ecclesiastici
633 1209 789 1247 secundi
810 1208 957 1247 ordinis
974 1209 1075 1247 idem

186 1275 446 1320 juramentum
477 1272 651 1310 emittent
682 1284 809 1308 coram
831 1272 1077 1309 auctoritati-

190 1333 260 1370 bus
293 1333 465 1370 cix‘ilibus
488 1346 509 1369 a
539 1331 736 1369 Gallicano
755 1330 953 1368 Gubernio
979 1330 1079 1368 desi-

190 1391 326 1441 gnatis.

241 1452 346 1490 VIII.
378 1453 468 1488 Post
496 1448 627 1486 divina
655 1448 795 1496 officia,
827 1448 866 1485 in
899 1449 1078 1487 omnibus

188 1510 383 1548 catholicis
404 1510 533 1549 Galliae
554 1509 720 1561 templis,
745 1510 797 1546 sic
821 1508 994 1547 orabitur
1011 1525 1019 1548 z

240 1692 412 1733 Domine,
433 1690 571 1723 salvam
595 1688 661 1735 fac
679 1686 959 1735 Rempublicam
971 1702 983 1731 ,-

242 1750 413 1790 Domine,
432 1748 550 1781 salvos
570 1746 635 1793 fac
657 1747 847 1782 Consules.

241 1871 313 1907 IX.
335 1867 532 1919 Episcopi,
554 1867 594 1904 in
621 1882 687 1904 sua
714 1868 876 1918 quisque
904 1867 1073 1915 dioecesi,

188 1940 308 1964 novas
328 1925 511 1976 paroecias
531 1925 865 1973 circumscribent5
895 1940 980 1976 quae
1005 1926 1079 1963 cir-

187 1985 434 2036 cumscriptio
455 1999 565 2022 suum
585 1999 663 2022 non
680 1987 861 2023 sortietur
882 1985 1074 2032 effectum,

187 2047 260 2083 nisi
285 2054 489 2097 postquam
510 2044 699 2083 Gubernii
719 2058 925 2083 consensus
951 2058 1078 2083 acces-

189 2113 296 2142 sent.

240 2166 292 2200 X.
323 2163 443 2200 Iidem
464 2162 641 2214 Episcopi
666 2164 713 2200 ad
733 2163 917 2214 paroecias
942 2163 1075 2200 nomi-

186 2223 359 2270 nabunt3
409 2236 478 2260 nec
528 2236 713 2274 personas
764 2222 926 2273 seligent
945 2254 954 2271 ,
1004 2222 1076 2260 nisi

190 2282 386 2320 Gubernio
406 2291 597 2334 acceptas.

242 2401 313 2437 XI.
350 2402 536 2437 Poterunt
570 2398 892 2451 iidem'Episcopi
927 2399 1073 2437 habere

192 2471 309 2495 unum
339 2459 546 2510 capitulum
581 2459 621 2496 in
656 2459 864 2496 cathedrali
893 2458 1076 2506 Ecclesia,

192 2526 306 2567 atque
336 2531 456 2554 unum
485 2518 730 2555 seminarium
759 2518 799 2554 in
823 2531 890 2554 sua
919 2517 1079 2567 quisque

187 2575 364 2623 dioecesi,
405 2576 485 2613 sine
520 2577 724 2614 dotationis
760 2575 990 2626 obligatione
1027 2590 1075 2614 ex

188 2643 298 2685 parte
319 2635 521 2672 Gubernii.

242 2695 332 2730 XII.
356 2692 491 2729 Omnia
514 2695 653 2745 templa
676 2695 987 2746 metropolitana,
1009 2708 1077 2731 ca-

190 2752 390 2799 thedralia,
406 2753 656 2803 parochialia,
674 2763 786 2804 atque
804 2754 877 2791 alia
893 2767 978 2804 quae
993 2767 1071 2790 non

188 2812 353 2849 alienata
381 2820 481 2858 sunt,
507 2811 625 2849 cultui
655 2813 883 2860 necessaria,
907 2811 1077 2863 Episco-

189 2885 329 2922 porum
349 2870 590 2921 dispositioni
614 2871 827 2911 tradentur.

242 2933 351 2968 XIII.
378 2929 564 2967 Sanctitas
581 2943 663 2977 sua,
680 2944 750 2980 pro
770 2931 875 2981 pacis
893 2932 995 2969 bono
1015 2931 1077 2968 fe-

189 2989 328 3040 licique
369 2988 564 3039 religionis
601 2988 863 3035 restitutione,
902 2990 1076 3027 declarat

190 3062 255 3085 eos
276 3049 341 3099 qui
359 3047 462 3086 bona
483 3047 663 3086 Ecclesiae
679 3047 843 3084 alienata
860 3048 1074 3098 acquisive-

163 3131 167 3135 -
191 3117 295 3155 runt,
320 3109 533 3146 molestiam
555 3108 697 3145 nullam
719 3107 929 3153 habituros,
949 3121 1074 3157 neque

191 3181 211 3203 a
239 3181 293 3215 se,
313 3181 436 3218 neque
461 3183 481 3205 a
507 3167 688 3205 Romanis
707 3165 955 3204 Pontificibus
985 3179 1074 3202 sue-

192 3225 404 3263 cessoribus
424 3226 514 3274 suis,
536 3239 578 3263 ac
598 3233 876 3276 consequenter
892 3223 1073 3276 proprie-

596 179 889 216 CONCORDAT
916 178 1081 213 ENTRE
1109 178 1168 215 SA
1196 169 1433 216 SAINTETE
1463 181 1540 216 PIE
1569 181 1638 216 VII

1149 265 1196 302 de
1224 266 1366 303 fidente
1397 266 1462 316 qui
1500 266 1591 304 etait
1628 281 1675 305 cn
1713 282 1829 320 usage
1860 280 1976 309 avant
2006 273 2042 310 le

1150 325 1407 376 changement
1433 327 1480 363 de
1511 337 1838 376 gouvernement,
1870 331 2042 382 exprime

1150 383 1244 421 dans
1266 385 1319 422 les
1342 393 1483 422 termes
1506 386 1701 424 suivants:

1207 458 1225 480 α
1245 446 1287 481 Je
1313 444 1399 491 jure
1431 453 1467 482 et
1493 453 1667 495 promets
1701 446 1723 481 ἐι
1748 445 1872 492 Dieu‚
1898 461 1962 484 sur
1989 448 2043 486 les

1154 518 1171 535 α
1192 502 1307 540 saints
1328 504 1546 553 Evangiles,
1577 504 1624 541 de
1653 504 1791 553 garder
1823 505 2044 545 obeissance

1156 579 1171 597 «
1197 570 1234 599 et
1259 562 1400 599 lidelite
1425 576 1472 598 au
1497 564 1811 601 Gouvernement
1836 565 1951 602 etabli
1972 580 2044 617 par

1155 637 1173 655 α
1195 620 1231 657 la
1252 621 1508 659 Constitution
1535 623 1582 659 de
1604 623 1639 659 la
1665 623 1908 674 Republique
1935 624 2044 661 fran-

1157 696 1171 714 ι(
1196 680 1311 729 caise.
1333 683 1375 718 Je
1405 691 1575 732 promets
1604 680 1704 718 aussi
1731 681 1777 719 de
1802 682 1954 720 n'avoir
1972 697 2045 720 au-

1157 756 1171 773 «
1197 753 1293 776 cune
1314 739 1574 790 intelligcnce,
1597 740 1644 777 de
1665 739 1861 778 n’assister
1877 743 1897 778 ὲ
1919 755 2042 779 aucun

1157 815 1173 831 (ε
1197 798 1360 845 conseil,
1387 799 1434 836 de
1463 798 1715 836 n‘entretenir
1752 812 1900 837 aucune
1924 799 2041 849 ligne,

1157 873 1170 890 «
1196 857 1268 894 soit
1290 871 1338 894 au
1364 859 1509 895 dedans
1540 857 1613 895 soit
1639 871 1687 894 au
1709 858 1863 905 dehors,
1886 857 1952 908 qui
1972 858 2046 897 soit

1155 932 1173 948 α
1197 916 1389 953 contraire
1419 917 1441 952 ἓι
1460 917 1496 953 la
1518 916 1751 966 tranquillite
1774 915 1982 966 publique3
2008 925 2046 954 et

1158 990 1171 1008 α
1195 974 1240 1021 si,
1260 974 1355 1012 dans
1379 988 1470 1012 mon
1498 975 1652 1013 diocese
1683 989 1732 1012 0u
1753 974 1922 1022 ailleurs,
1938 975 2044 1026 j'ap-

1155 1050 1170 1068 «
1196 1033 1338 1084 prends
1355 1033 1451 1084 qu’il
1472 1048 1512 1072 se
1530 1043 1650 1072 trame
1670 1034 1836 1084 quelque
1857 1033 1974 1072 chose
1993 1047 2043 1071 au

1158 1108 1172 1127 α
1197 1092 1394 1143 prejudice
1412 1093 1458 1130 de
1479 1083 1607 1139 sistat,
1624 1093 1662 1140 je
1680 1093 1715 1130 le
1736 1092 1830 1130 ferai
1848 1092 1976 1130 savoir
1995 1107 2044 1130 au

1159 1166 1174 1184 «
1196 1151 1522 1189 Gouvernement.
1548 1167 1562 1185 »

1207 1211 1292 1247 VII.
1324 1213 1394 1247 Les
1415 1209 1719 1260 ecclesiastiques
1739 1211 1791 1247 du
1814 1212 1955 1248 second
1973 1225 2040 1248 or-

1153 1269 1221 1306 dre
1245 1270 1445 1319 preteront
1472 1269 1507 1306 le
1527 1272 1650 1306 meme
1672 1278 1841 1306 serment
1862 1279 1967 1307 entre
1987 1270 2041 1307 les

1151 1327 1274 1365 mains
1294 1329 1360 1365 des
1387 1328 1570 1365 autorites
1597 1327 1729 1364 civiles
1754 1328 1951 1379 designees
1970 1342 2041 1380 par

1151 1387 1185 1424 le
1203 1388 1516 1424 Gouvernement
1541 1387 1720 1436 francais.

1204 1448 1309 1482 VIII.
1340 1449 1394 1483 La
1429 1446 1594 1483 formule
1628 1446 1674 1483 de
1710 1446 1838 1496 priere
1870 1446 2041 1484 suivante

1151 1518 1235 1542 sera
1250 1504 1390 1541 recitee
1411 1506 1432 1541 ἱι
1455 1505 1490 1541 la
1514 1505 1566 1541 fin
1588 1503 1634 1541 de
1652 1504 1791 1542 l’office
1809 1504 1928 1552 divin,
1946 1505 2041 1542 dans

1152 1572 1275 1601 toutes
1293 1563 1347 1600 les
1374 1563 1512 1613 ‹Fglises
1534 1562 1772 1614 catholiques
1797 1563 1844 1601 de
1866 1567 2010 1602 France
2029 1577 2038 1602 :

1204 1681 1405 1732 Seigneur,
1424 1694 1560 1718 sauvez
1582 1681 1618 1717 la
1634 1680 1900 1731 Republique3

1203 1739 1403 1790 Seigne‘ur,
1426 1752 1562 1776 sauvez
1579 1738 1633 1775 les
1650 1739 1822 1776 Consuls.

1202 1866 1275 1903 IX.
1304 1867 1376 1901 Les
1407 1867 1576 1913 &eques
1603 1864 1729 1901 feront
1756 1877 1832 1901 une
1862 1865 2040 1903 nouvelle

1148 1923 1466 1973 circonscription
1481 1924 1547 1959 des
1564 1924 1755 1974 paroisses
1774 1923 1820 1960 de
1837 1923 1940 1961 leurs
1957 1923 2041 1962 dio-

1148 1982 1265 2029 ceses,
1298 1982 1365 2032 qui
1392 1982 1525 2018 n'aura
1556 1981 1688 2019 d⁷effet
1719 1995 1793 2032 que
1820 1982 1971 2034 d'apres
2005 1984 2039 2021 le

1148 2050 1436 2079 consentement
1455 2043 1507 2078 du
1528 2043 1858 2079 Gouvernement.

1203 2163 1255 2199 X.
1268 2164 1340 2198 Les
1356 2164 1531 2211 Eveques
1551 2169 1796 2198 nommeront
1815 2174 1890 2197 aux
1909 2174 2035 2199 cures.

1149 2224 1252 2258 Leur
1285 2220 1400 2257 choix
1432 2234 1479 2258 ne
1512 2233 1658 2271 pourra
1692 2220 1843 2257 tomber
1870 2234 1946 2270 que
1973 2234 2038 2258 sur

1149 2279 1216 2316 des
1243 2292 1454 2330 personnes
1476 2279 1631 2329 agreees
1654 2292 1723 2329 par
1749 2278 1783 2315 le
1807 2279 2038 2316 Gouverne-

1151 2347 1270 2377 ment.

1202 2400 1276 2435 XI.
1309 2401 1381 2436 Les
1407 2400 1582 2447 Eveques
1615 2406 1806 2447 pourront
1837 2397 1946 2435 avoir
1985 2411 2038 2435 un

1149 2457 1323 2508 chapitre
1349 2457 1442 2494 dans
1467 2458 1554 2494 leur
1577 2456 1813 2504 cathedrale,
1835 2464 1873 2493 et
1897 2470 1949 2494 un
1975 2457 2038 2494 se-

1151 2515 1311 2553 minaire
1343 2529 1441 2566 pom·
1472 2516 1556 2552 leur
1584 2515 1752 2564 diocese,
1785 2527 1870 2552 sans
1898 2529 1973 2566 que
2001 2516 2037 2552 le

1148 2577 1459 2612 Gouvernement
1483 2572 1640 2623 s’oblige
1659 2575 1681 2610 a
1698 2573 1752 2610 les
1774 2574 1901 2611 doter.

1201 2695 1292 2732 XII.
1312 2698 1450 2731 Toutes
1465 2693 1519 2730 les
1539 2692 1674 2743 eglises
1691 2691 2033 2742 metropolitaineS,

1148 2752 1398 2801 cathedrales,
1420 2753 1611 2804 paroisses
1633 2760 1670 2789 et
1690 2760 1817 2788 autres
1838 2764 1915 2788 non
1940 2751 2036 2788 alie-

1147 2812 1251 2859 nees‚
1270 2811 1502 2849 necessaires
1523 2825 1571 2848 au
1591 2810 1708 2857 culte,
1732 2818 1862 2847 seront
1881 2809 1994 2847 mises
2013 2810 2034 2846 a

1147 2870 1183 2906 la
1202 2870 1428 2921 disposition
1447 2871 1513 2907 des
1537 2873 1726 2920 Eveques.

1201 2932 1310 2970 XIII.
1345 2933 1393 2968 Sa
1418 2929 1598 2975 Saintete,
1622 2941 1724 2980 pour
1749 2928 1784 2964 le
1804 2927 1893 2965 bien
1921 2929 1968 2965 de
1993 2927 2029 2964 la

1146 2989 1237 3040 paix
1254 2997 1289 3025 et
1311 2988 1512 3025 l'heureux
1529 2987 1836 3024 retablissement
1851 2986 1899 3022 de
1917 2984 1954 3021 la
1967 2997 2032 3021 re-

1146 3047 1265 3097 ligion
1289 3047 1528 3097 catholique,
1550 3047 1705 3083 declare
1733 3058 1809 3096 que
1834 3043 1874 3081 ni
1898 3043 1969 3081 elle
1992 3042 2033 3078 ni

1146 3120 1204 3143 ses
1225 3119 1462 3144 successeurs
1483 3119 1531 3142 ne
1549 3104 1794 3142 troubleront
1815 3117 1864 3140 en
1882 3113 2029 3139 aucune

1146 3166 1316 3202 maniere
1347 3165 1401 3202 les
1430 3164 1662 3214 acque1·eurs
1687 3164 1754 3200 des
1779 3161 1887 3199 biens
1906 3158 2030 3197 eccle-

1146 3223 1343 3273 siastiques
1375 3222 1529 3270 alienes,
1561 3230 1598 3258 et
1628 3221 1741 3271 qu'en
1768 3219 2029 3269 consequence
