2135 3442
170 160 245 196 240
668 157 854 192 LETTRE
882 154 1188 201 ENCYCLIQUE
1215 155 1280 189 DE
1309 153 1385 188 PIE
1412 153 1483 190 IX.

230 359 346 398 Inter
365 354 614 413 multiplices
638 353 820 405 fraudes,
843 353 994 410 quibus
1014 353 1203 410 praedicti
1223 351 1417 393 Ecclesiae
1445 352 1586 391 hostes
1609 349 1669 390 uti
1690 363 1993 393 consueverunt

174 422 227 464 ad
242 421 445 462 Italorum
464 420 624 461 animos
642 435 664 459 a
682 418 762 460 fide
789 418 993 459 catholica
1019 417 1336 466 abalienandos,
1370 430 1548 456 asserere
1572 414 1714 464 etiam,
1741 424 1782 455 et
1805 430 1990 472 quaqua-

172 501 316 529 versus
342 485 555 526 clamitare
585 499 670 524 non
686 483 948 531 erubescunt,
971 481 1223 522 catholicam
1247 480 1493 538 religionem
1520 478 1648 519 Italiae
1673 478 1808 536 gentis
1833 479 1989 537 gloriae,

174 549 470 609 magnitudini,
494 560 536 591 et
557 546 824 605 prosperitati
853 545 1077 597 adversari,
1113 562 1160 587 ac
1178 556 1398 604 propterea
1423 560 1527 602 opus
1559 559 1662 593 esse,
1692 554 1738 584 ut
1768 543 1876 585 illius
1901 544 1994 586 loco

174 614 501 658 Protestantium
529 611 705 670 placita,
738 623 779 652 et
803 609 1091 652 conventicula
1125 610 1398 658 inducantur,
1423 608 1732 650 constituantur
1763 619 1804 649 et
1837 624 1993 667 propa-

176 691 340 739 gentur,
367 695 447 736 qua
485 676 603 718 Italia
637 675 861 733 pristinum
891 685 1081 716 veterum
1104 686 1361 732 temporum,
1397 674 1440 715 id
1469 684 1530 715 est
1549 673 1830 722 ethnicorum,
1853 673 1994 731 splen-

178 746 324 787 dorem
353 743 504 784 iterum
538 740 752 797 acquirere
778 739 923 797 possit.
958 741 1006 779 In
1035 755 1118 796 quo
1144 755 1241 780 sane
1268 739 1437 780 illorum
1464 749 1705 780 commento
1733 737 1850 779 haud
1879 738 1998 781 facile

177 809 269 867 quis
291 805 607 857 existimaverit,
632 821 733 846 num
765 804 1011 847 detestanda
1036 803 1170 862 inagis
1205 803 1255 845 sit
1278 819 1439 846 vesanae
1470 803 1697 861 impietatis
1725 802 1908 857 malitia,
1933 804 1999 846 vel

178 872 439 931 impudentia
459 869 702 913 mentientis
720 867 1030 927 improbitatis?

236 1001 404 1043 Etenim
430 1000 642 1058 spirituale
672 998 1004 1039 emolumentum
1031 1008 1077 1038 ut
1100 997 1152 1038 de
1173 1008 1378 1054 potestate
1400 998 1671 1039 tenebrarum
1695 996 1737 1037 in
1759 996 1836 1038 Dei
1859 996 2002 1038 lumen

177 1065 390 1115 translati,
432 1075 473 1106 et
500 1062 712 1119 justificati
756 1061 887 1120 gratia
927 1061 1079 1103 Christi
1119 1061 1296 1103 heredes
1325 1061 1451 1103 simus
1487 1061 1716 1103 secundum
1751 1077 1868 1120 spem
1908 1060 2003 1102 vitae

179 1143 357 1180 aeternae,
385 1130 465 1170 hoc
496 1128 652 1170 scilicet
678 1127 916 1168 animarum
939 1126 1289 1170 emolumentum,
1313 1141 1336 1166 a
1366 1125 1580 1167 catholicae
1608 1125 1822 1184 religionis
1848 1125 2001 1167 sancti-

178 1207 262 1237 tate
284 1195 522 1243 dimanans,
549 1195 637 1247 ejus
657 1191 848 1249 profecto
872 1201 932 1232 est
954 1190 1093 1248 pretii,
1130 1202 1175 1232 ut
1194 1206 1464 1248 quaecumque
1485 1193 1606 1247 hujus
1634 1191 1782 1232 mundi
1811 1191 1945 1249 gloria
1966 1202 2007 1232 et

179 1259 364 1301 faustitas
390 1257 433 1298 in
460 1256 777 1315 comparatione
808 1255 917 1297 illius
948 1255 1074 1313 plane
1106 1255 1150 1295 in
1173 1255 1352 1295 nihilum
1382 1266 1487 1296 esset
1518 1255 1821 1313 computanda.
1850 1277 1867 1292 «
1892 1254 2007 1308 Quid

180 1323 293 1365 enim
326 1321 500 1380 prodest
529 1321 692 1363 homini
740 1320 772 1362 si
818 1321 1027 1362 mundum
1065 1320 1304 1361 universum
1344 1319 1542 1371 lucretur,
1580 1320 1733 1362 animae
1769 1335 1868 1361 vero
1925 1336 2008 1361 suae

180 1388 481 1430 detrimentum
511 1386 723 1444 patiatur?
758 1396 830 1426 aut
859 1401 985 1442 quam
1025 1384 1142 1426 dabit
1178 1386 1306 1426 homo
1337 1385 1717 1427 commutationem
1753 1401 1831 1443 pro
1868 1384 2008 1426 anima

181 1453 278 1494 sua?
301 1474 317 1489 »
347 1454 404 1494 At
422 1467 524 1493 vero
545 1462 711 1492 tantum
743 1466 873 1507 porro
905 1452 1040 1500 abest,
1081 1461 1127 1490 ut
1160 1450 1407 1507 temporalia
1431 1450 1503 1491 illa
1526 1449 1781 1491 detrimenta
1807 1449 2010 1490 Italorum

183 1517 296 1576 genti
330 1517 384 1558 ad
410 1532 516 1557 verse
551 1515 646 1557 fidei
675 1515 982 1572 professionem
1016 1514 1259 1562 acciderint,
1286 1526 1332 1555 ut
1355 1515 1486 1556 immo
1511 1514 1705 1573 religioni
1729 1513 1943 1556 catholicae
1968 1513 2011 1555 in

184 1584 364 1639 acceptis
389 1582 545 1623 referre
574 1580 643 1620 illa
669 1580 822 1621 debeat
849 1579 898 1632 si,
924 1581 1117 1620 Romano
1138 1579 1306 1620 labante
1327 1579 1523 1636 imperio,
1547 1595 1635 1620 non
1665 1581 1709 1620 in
1738 1595 1832 1621 eam
1866 1578 2014 1620 condi-

184 1647 346 1688 tionem
369 1644 643 1696 deciderit,in
665 1660 792 1700 quam
809 1643 985 1701 Assyrii,
1005 1655 1045 1685 et
1065 1642 1267 1693 Chaldaei,
1281 1644 1414 1695 Medi,
1437 1645 1671 1700 Persaeque,
1693 1655 1736 1685 et
1754 1643 2012 1686 Macedones

183 1711 344 1770 populi,
373 1711 528 1751 multos
561 1720 683 1749 antea
713 1708 920 1749 dominati
954 1723 1030 1765 per
1064 1723 1212 1759 annOS,
1246 1712 1502 1749 commutata
1537 1707 1735 1765 deinceps
1772 1719 2013 1765 temporum

185 1776 291 1829 vice,
319 1774 468 1831 dilapsi
488 1773 669 1814 fuerant.
692 1771 862 1813 Etenim
882 1787 1007 1813 nemo
1031 1771 1216 1828 prudens
1237 1771 1418 1829 ignorat,
1442 1787 1516 1829 per
1538 1771 1842 1813 sanctissimam
1859 1771 2012 1812 Christi

187 1840 436 1897 religionem
459 1837 656 1879 effectum
685 1853 788 1888 esse,
813 1848 858 1877 ut
883 1836 1002 1878 Italia
1023 1852 1110 1877 non
1133 1836 1271 1876 solum
1300 1852 1323 1876 a
1348 1847 1412 1877 tot
1442 1852 1489 1877 ac
1512 1836 1654 1887 tantis,
1683 1838 1837 1893 quibus
1855 1837 2013 1877 obrue-

188 1907 327 1956 batur,
361 1919 552 1944 errorum
583 1901 767 1943 tenebris
805 1901 929 1942 fuerit
959 1911 1125 1958 erepta,
1159 1916 1303 1941 verum
1335 1900 1463 1941 etiam
1495 1912 1541 1941 ut
1568 1900 1678 1941 inter
1711 1900 1872 1958 antiqui
1904 1900 2016 1942 illius

189 1967 352 2027 imperii
375 1967 532 2017 ruinas,
561 1978 602 2007 et
628 1968 907 2007 harbarorum
936 1977 1024 2006 tota
1053 1966 1222 2022 Europa
1246 1965 1523 2023 grassantium
1546 1965 1820 2020 incursiones,
1848 1965 1902 2006 ad
1923 1980 2016 2006 eam

189 2032 461 2074 nihilominus
479 2030 657 2088 gloriam
681 2042 722 2072 et
741 2029 1077 2088 magnitudinem
1098 2046 1182 2088 prae
1211 2029 1361 2071 ceteris
1384 2029 1511 2071 totius
1536 2030 1685 2071 mundi
1709 2030 1954 2071 nationibus
1973 2045 2016 2071 se

190 2108 429 2155 provectam
449 2095 725 2153 conspiceret,
748 2106 794 2135 ut
809 2110 884 2152 per
901 2110 1063 2136 sacram
1078 2094 1190 2136 Petri
1211 2094 1467 2136 Cathedram
1484 2094 1685 2152 singulari
1710 2095 1788 2137 Dei
1808 2092 2016 2136 beneficio

192 2161 236 2202 in
268 2162 358 2218 ipsa
389 2159 637 2201 collocatam
672 2159 793 2200 latius
826 2171 950 2215 atque
984 2159 1159 2201 solidius
1183 2159 1424 2217 praesideret
1452 2159 1656 2218 religione
1690 2158 1856 2212 divina,
1889 2175 2017 2216 quam

194 2226 415 2284 praesuerat
433 2224 536 2265 olim
552 2223 842 2265 dominatione
863 2234 1044 2265 terrena.

255 2316 393 2371 Atque
416 2328 466 2353 ex
497 2312 586 2370 ipso
618 2314 700 2353 hoc
734 2312 983 2369 Apostolicae
1014 2312 1220 2354 habendae
1253 2286 1373 2354 Sed‘is
1401 2311 1601 2370 singulari
1629 2308 1866 2370 privilegio,
1897 2323 1939 2355 et
1966 2329 2018 2355 ex

195 2378 398 2436 religione
428 2377 631 2418 catholica
660 2376 866 2418 firmiores
895 2376 1048 2418 exinde
1078 2376 1121 2417 in
1154 2376 1280 2417 Italiae
1313 2376 1477 2434 populis
1511 2375 1670 2417 radices
1694 2376 1913 2419 obtinente
1939 2377 2018 2419 alia

194 2459 323 2501 porro
346 2441 567 2499 permulta,
589 2441 819 2498 eademque
839 2441 1018 2499 insignia
1040 2441 1241 2483 beneficia
1261 2440 1446 2499 profecta
1471 2451 1581 2481 sunt.
1607 2441 1822 2499 Siquidem
1848 2443 2019 2483 sanctis-

197 2507 301 2549 sima
319 2505 471 2548 Christi
486 2505 649 2561 religio,
670 2522 775 2547 verse
801 2505 1010 2563 sapientia*r
1028 2507 1241 2563 magistra,
1261 2505 1530 2546 humanitatis
1552 2505 1721 2558 vindex,
1748 2523 1796 2548 ac
1817 2508 2020 2548 virtutum

198 2570 387 2613 omnium
424 2570 617 2611 foecunda
644 2586 813 2627 parens,
840 2571 987 2611 avertit
1014 2571 1184 2626 quidem
1214 2570 1415 2610 Italorum
1446 2569 1606 2611 animos
1631 2571 1684 2611 ab
1715 2571 1891 2613 infelicis
1912 2571 2021 2613 illius

199 2634 340 2694 glorire
375 2634 614 2691 splendore,
638 2650 764 2690 quam
797 2634 964 2675 illorum
991 2637 1172 2690 majores
1206 2635 1250 2674 in
1280 2645 1490 2691 perpetuo
1511 2635 1720 2676 bellorum
1748 2637 1946 2687 tumultu,
1978 2637 2022 2678 in

202 2710 443 2742 exterorum
479 2699 769 2755 oppressione,
808 2709 934 2755 atque
971 2699 1012 2739 in
1046 2699 1172 2755 longe
1203 2697 1388 2738 maximo
1418 2700 1638 2741 hominum
1667 2717 1859 2752 numero,
1888 2717 1939 2743 ex
1970 2716 2021 2741 eo

202 2763 318 2821 quod
336 2763 503 2821 vigebat
519 2764 611 2816 jure
632 2762 746 2812 belli,
771 2762 825 2803 ad
842 2762 1108 2804 durissimam
1130 2761 1411 2819 captivitatem
1428 2764 1661 2822 redigendo
1682 2776 1924 2823 posuerant,
1948 2763 2022 2806 sed

201 2844 286 2870 una
306 2827 429 2869 simul
447 2827 573 2867 [talos
593 2827 704 2883 ipsos
727 2827 939 2868 catholic-fe
957 2826 1139 2867 veritatis
1159 2842 1240 2867 suar
1264 2827 1528 2870 collustratos
1552 2829 1605 2870 ad
1632 2830 1874 2872 sectandam
1895 2828 2019 2884 justi-

204 2894 306 2934 tiam
333 2904 374 2934 et
406 2890 748 2939 misericordiam,
783 2902 905 2948 atque
937 2891 1043 2932 adeo
1077 2890 1130 2931 ad
1158 2890 1355 2947 praeclara
1382 2893 1507 2934 etiam
1536 2893 1703 2952 pietatis
1731 2896 1775 2936 in
1802 2896 1955 2944 Deum,
1981 2902 2023 2934 et

207 2956 491 2999 beneficentia»
512 2970 608 3012 erga
627 2954 818 2995 homines
834 2954 1066 2996 aemulanda
1090 2970 1220 3012 opera
1243 2957 1450 2998 excitavit.
1477 2959 1585 3000 Hinc
1602 2960 1646 3000 in
1661 2958 1876 3017 praecipuis
1895 2956 2022 2999 Italiae

207 3022 380 3062 urbibus
405 3019 600 3061 admirari
631 3030 714 3071 est,
741 3034 855 3059 sacra
886 3019 1058 3076 templa,
1086 3029 1126 3059 et
1154 3018 1231 3059 alia
1264 3019 1584 3064 christianorum
1609 3035 1847 3082 temporum
1869 3038 2024 3063 monu-

207 3097 364 3137 menta,
392 3085 718 3141 haudquaquam
743 3099 820 3140 per
849 3094 1043 3124 cruentos
1065 3083 1232 3125 labores
1254 3084 1474 3127 hominum
1499 3089 1575 3129 sub
1595 3088 1833 3146 captivitate
1849 3101 2021 3145 gemen-

210 3151 329 3204 tium,
364 3150 437 3192 sed
467 3149 649 3207 ingenuo
682 3146 850 3189 vivifica*
882 3148 1064 3189 caritatis
1089 3147 1229 3190 studio
1266 3150 1470 3203 confecta,
1495 3163 1536 3193 et
1556 3153 1625 3210 pia
1641 3153 1839 3208 cujusque
1863 3151 2025 3208 generis
