<?xml version="1.0" encoding="UTF-8"?>
<!DOCTYPE html PUBLIC "-//W3C//DTD XHTML 1.0 Transitional//EN"
    "http://www.w3.org/TR/xhtml1/DTD/xhtml1-transitional.dtd">
<html xmlns="http://www.w3.org/1999/xhtml" xml:lang="en" lang="en">
 <head>
  <title>
</title>
<meta http-equiv="Content-Type" content="text/html;charset=utf-8" />
  <meta name='ocr-system' content='tesseract 3.04.00' />
  <meta name='ocr-capabilities' content='ocr_page ocr_carea ocr_par ocr_line ocrx_word'/>
</head>
<body>
  <div class='ocr_page' id='page_1' title='image "./recueildesallocu00cath_0250.png"; bbox 0 0 2135 3442; ppageno 0'>
   <div class='ocr_carea' id='block_1_1' title="bbox 686 263 1408 301">
    <p class='ocr_par' dir='ltr' id='par_1_1' title="bbox 686 263 1408 301">
     <span class='ocr_line' id='line_1_1' title="bbox 686 263 1408 301; baseline 0 -1"><span class='ocrx_word' id='word_1_1' title='bbox 686 265 774 300; x_wconf 85' lang='lat' dir='ltr'>VIII</span> <span class='ocrx_word' id='word_1_2' title='bbox 801 264 1077 300; x_wconf 85' lang='lat' dir='ltr'><strong>DECEMBRIS</strong></span> <span class='ocrx_word' id='word_1_3' title='bbox 1104 263 1408 301; x_wconf 86' lang='lat' dir='ltr'>MDCCCXLIX.</span> 
     </span>
    </p>
   </div>
   <div class='ocr_carea' id='block_1_2' title="bbox 445 465 1658 659">
    <p class='ocr_par' dir='ltr' id='par_1_2' title="bbox 445 465 1658 659">
     <span class='ocr_line' id='line_1_2' title="bbox 445 465 1658 536; baseline -0.002 0"><span class='ocrx_word' id='word_1_4' title='bbox 445 468 513 536; x_wconf 92' lang='lat' dir='ltr'>S.</span> <span class='ocrx_word' id='word_1_5' title='bbox 562 467 629 535; x_wconf 91' lang='lat' dir='ltr'>S.</span> <span class='ocrx_word' id='word_1_6' title='bbox 680 467 992 534; x_wconf 85' lang='lat' dir='ltr'>DOMINI</span> <span class='ocrx_word' id='word_1_7' title='bbox 1037 467 1352 535; x_wconf 87' lang='lat' dir='ltr'>NOSTRI</span> <span class='ocrx_word' id='word_1_8' title='bbox 1400 465 1522 534; x_wconf 91' lang='lat' dir='ltr'>PII</span> <span class='ocrx_word' id='word_1_9' title='bbox 1568 467 1658 534; x_wconf 88' lang='lat' dir='ltr'>IX</span> 
     </span>
     <span class='ocr_line' id='line_1_3' title="bbox 688 607 1416 659; baseline 0.004 -3"><span class='ocrx_word' id='word_1_10' title='bbox 688 607 1010 657; x_wconf 80' lang='lat' dir='ltr'>EPISTOLA</span> <span class='ocrx_word' id='word_1_11' title='bbox 1046 608 1416 659; x_wconf 82' lang='lat' dir='ltr'>ENCYCLIGA</span> 
     </span>
    </p>
   </div>
   <div class='ocr_carea' id='block_1_3' title="bbox 326 737 1781 892">
    <p class='ocr_par' dir='ltr' id='par_1_3' title="bbox 326 737 1781 892">
     <span class='ocr_line' id='line_1_4' title="bbox 620 737 1484 766; baseline 0.003 -4"><span class='ocrx_word' id='word_1_12' title='bbox 620 737 953 764; x_wconf 77' lang='lat' dir='ltr'>ARCHIEPISCOPIS</span> <span class='ocrx_word' id='word_1_13' title='bbox 997 738 1047 763; x_wconf 84' lang='lat' dir='ltr'>ET</span> <span class='ocrx_word' id='word_1_14' title='bbox 1091 738 1296 765; x_wconf 80' lang='lat' dir='ltr'><strong>EPISCOPIS</strong></span> <span class='ocrx_word' id='word_1_15' title='bbox 1336 738 1484 766; x_wconf 76' lang='lat' dir='ltr'>1TAL1AE</span> 
     </span>
     <span class='ocr_line' id='line_1_5' title="bbox 326 835 1781 892; baseline 0 -16"><span class='ocrx_word' id='word_1_16' title='bbox 326 835 601 877; x_wconf 74' lang='lat' dir='ltr'>Venerabiles</span> <span class='ocrx_word' id='word_1_17' title='bbox 627 835 817 885; x_wconf 75' lang='lat' dir='ltr'>Fratres,</span> <span class='ocrx_word' id='word_1_18' title='bbox 849 835 1025 876; x_wconf 76' lang='lat' dir='ltr'>salutem</span> <span class='ocrx_word' id='word_1_19' title='bbox 1058 844 1097 876; x_wconf 82' lang='lat' dir='ltr'>et</span> <span class='ocrx_word' id='word_1_20' title='bbox 1121 835 1408 892; x_wconf 73' lang='lat' dir='ltr'>Apostolicam</span> <span class='ocrx_word' id='word_1_21' title='bbox 1432 835 1781 876; x_wconf 81' lang='lat' dir='ltr'>Benedictionem.</span> 
     </span>
    </p>
   </div>
   <div class='ocr_carea' id='block_1_4' title="bbox 136 946 1970 1906">
    <p class='ocr_par' dir='ltr' id='par_1_4' title="bbox 136 946 1970 1903">
     <span class='ocr_line' id='line_1_6' title="bbox 194 946 1970 1006; baseline 0.001 -17"><span class='ocrx_word' id='word_1_22' title='bbox 194 946 350 997; x_wconf 88' lang='lat' dir='ltr'>Nostis,</span> <span class='ocrx_word' id='word_1_23' title='bbox 375 959 416 988; x_wconf 86' lang='lat' dir='ltr'>et</span> <span class='ocrx_word' id='word_1_24' title='bbox 433 947 653 989; x_wconf 88' lang='lat' dir='ltr'>nobiscum</span> <span class='ocrx_word' id='word_1_25' title='bbox 674 962 756 987; x_wconf 89' lang='lat' dir='ltr'>una</span> <span class='ocrx_word' id='word_1_26' title='bbox 771 948 1022 1004; x_wconf 87' lang='lat' dir='ltr'>conspicitis,</span> <span class='ocrx_word' id='word_1_27' title='bbox 1047 947 1320 989; x_wconf 89' lang='lat' dir='ltr'>Venerabiles</span> <span class='ocrx_word' id='word_1_28' title='bbox 1342 949 1519 997; x_wconf 81' lang='lat' dir='ltr'><strong>Fratres,</strong></span> <span class='ocrx_word' id='word_1_29' title='bbox 1547 958 1700 1004; x_wconf 86' lang='lat' dir='ltr'>quanta</span> <span class='ocrx_word' id='word_1_30' title='bbox 1725 962 1860 1005; x_wconf 87' lang='lat' dir='ltr'>nuper</span> <span class='ocrx_word' id='word_1_31' title='bbox 1875 963 1970 1006; x_wconf 87' lang='lat' dir='ltr'>per-</span> 
     </span>
     <span class='ocr_line' id='line_1_7' title="bbox 139 1010 1968 1069; baseline 0.001 -16"><span class='ocrx_word' id='word_1_32' title='bbox 139 1013 331 1053; x_wconf 79' lang='lat' dir='ltr'>versitate</span> <span class='ocrx_word' id='word_1_33' title='bbox 354 1012 604 1053; x_wconf 73' lang='lat' dir='ltr'>invaluerint</span> <span class='ocrx_word' id='word_1_34' title='bbox 626 1010 781 1068; x_wconf 89' lang='lat' dir='ltr'>perditi</span> <span class='ocrx_word' id='word_1_35' title='bbox 807 1011 979 1068; x_wconf 86' lang='lat' dir='ltr'>quidam</span> <span class='ocrx_word' id='word_1_36' title='bbox 1010 1011 1207 1064; x_wconf 77' lang='lat' dir='ltr'>veritatis,</span> <span class='ocrx_word' id='word_1_37' title='bbox 1232 1012 1419 1066; x_wconf 83' lang='lat' dir='ltr'>justitiae,</span> <span class='ocrx_word' id='word_1_38' title='bbox 1451 1023 1492 1053; x_wconf 90' lang='lat' dir='ltr'>et</span> <span class='ocrx_word' id='word_1_39' title='bbox 1520 1012 1747 1053; x_wconf 80' lang='lat' dir='ltr'>honestatis</span> <span class='ocrx_word' id='word_1_40' title='bbox 1768 1014 1968 1069; x_wconf 84' lang='lat' dir='ltr'>cujusque</span> 
     </span>
     <span class='ocr_line' id='line_1_8' title="bbox 137 1074 1966 1133; baseline 0 -16"><span class='ocrx_word' id='word_1_41' title='bbox 137 1076 308 1129; x_wconf 40' lang='lat' dir='ltr'>inimici,</span> <span class='ocrx_word' id='word_1_42' title='bbox 336 1077 406 1132; x_wconf 89' lang='lat' dir='ltr'>qui</span> <span class='ocrx_word' id='word_1_43' title='bbox 430 1075 513 1117; x_wconf 84' lang='lat' dir='ltr'>sive</span> <span class='ocrx_word' id='word_1_44' title='bbox 532 1091 608 1132; x_wconf 91' lang='lat' dir='ltr'>per</span> <span class='ocrx_word' id='word_1_45' title='bbox 633 1074 843 1127; x_wconf 79' lang='lat' dir='ltr'>fraudem,</span> <span class='ocrx_word' id='word_1_46' title='bbox 875 1075 1094 1131; x_wconf 90' lang='lat' dir='ltr'>omnisque</span> <span class='ocrx_word' id='word_1_47' title='bbox 1123 1077 1285 1133; x_wconf 86' lang='lat' dir='ltr'>generis</span> <span class='ocrx_word' id='word_1_48' title='bbox 1306 1076 1490 1129; x_wconf 88' lang='lat' dir='ltr'>insidias,</span> <span class='ocrx_word' id='word_1_49' title='bbox 1517 1075 1598 1117; x_wconf 85' lang='lat' dir='ltr'>sive</span> <span class='ocrx_word' id='word_1_50' title='bbox 1623 1075 1774 1133; x_wconf 88' lang='lat' dir='ltr'>palam,</span> <span class='ocrx_word' id='word_1_51' title='bbox 1803 1087 1844 1117; x_wconf 91' lang='lat' dir='ltr'>et</span> <span class='ocrx_word' id='word_1_52' title='bbox 1867 1087 1966 1117; x_wconf 88' lang='lat' dir='ltr'>tan-</span> 
     </span>
     <span class='ocr_line' id='line_1_9' title="bbox 138 1138 1963 1198; baseline 0 -17"><span class='ocrx_word' id='word_1_53' title='bbox 138 1156 264 1197; x_wconf 88' lang='lat' dir='ltr'>quam</span> <span class='ocrx_word' id='word_1_54' title='bbox 287 1139 433 1181; x_wconf 89' lang='lat' dir='ltr'>ssuctus</span> <span class='ocrx_word' id='word_1_55' title='bbox 460 1140 535 1181; x_wconf 90' lang='lat' dir='ltr'>feri</span> <span class='ocrx_word' id='word_1_56' title='bbox 563 1140 687 1180; x_wconf 89' lang='lat' dir='ltr'>maris</span> <span class='ocrx_word' id='word_1_57' title='bbox 705 1139 1002 1197; x_wconf 78' lang='lat' dir='ltr'>despumantes</span> <span class='ocrx_word' id='word_1_58' title='bbox 1020 1139 1288 1181; x_wconf 88' lang='lat' dir='ltr'>confusiones</span> <span class='ocrx_word' id='word_1_59' title='bbox 1310 1155 1418 1190; x_wconf 81' lang='lat' dir='ltr'>suas,</span> <span class='ocrx_word' id='word_1_60' title='bbox 1449 1138 1707 1182; x_wconf 79' lang='lat' dir='ltr'>effraenatam</span> <span class='ocrx_word' id='word_1_61' title='bbox 1735 1140 1963 1198; x_wconf 85' lang='lat' dir='ltr'>cogitandi,</span> 
     </span>
     <span class='ocr_line' id='line_1_10' title="bbox 137 1203 1967 1262; baseline 0.001 -17"><span class='ocrx_word' id='word_1_62' title='bbox 137 1203 354 1261; x_wconf 87' lang='lat' dir='ltr'>loquendi,</span> <span class='ocrx_word' id='word_1_63' title='bbox 392 1215 431 1245; x_wconf 89' lang='lat' dir='ltr'>et</span> <span class='ocrx_word' id='word_1_64' title='bbox 455 1204 583 1261; x_wconf 89' lang='lat' dir='ltr'>impia</span> <span class='ocrx_word' id='word_1_65' title='bbox 612 1220 788 1261; x_wconf 81' lang='lat' dir='ltr'>quaeque</span> <span class='ocrx_word' id='word_1_66' title='bbox 811 1203 995 1245; x_wconf 86' lang='lat' dir='ltr'>audendi</span> <span class='ocrx_word' id='word_1_67' title='bbox 1023 1204 1233 1245; x_wconf 82' lang='lat' dir='ltr'>licentiam</span> <span class='ocrx_word' id='word_1_68' title='bbox 1266 1220 1571 1262; x_wconf 78' lang='lat' dir='ltr'>quaquaversus</span> <span class='ocrx_word' id='word_1_69' title='bbox 1598 1203 1834 1246; x_wconf 87' lang='lat' dir='ltr'>diffundere</span> <span class='ocrx_word' id='word_1_70' title='bbox 1862 1221 1967 1247; x_wconf 89' lang='lat' dir='ltr'>con-</span> 
     </span>
     <span class='ocr_line' id='line_1_11' title="bbox 137 1267 1967 1327; baseline 0.002 -19"><span class='ocrx_word' id='word_1_71' title='bbox 137 1268 315 1309; x_wconf 87' lang='lat' dir='ltr'>tendunt</span> <span class='ocrx_word' id='word_1_72' title='bbox 343 1269 450 1308; x_wconf 92' lang='lat' dir='ltr'>inter</span> <span class='ocrx_word' id='word_1_73' title='bbox 478 1267 620 1309; x_wconf 90' lang='lat' dir='ltr'>fideles</span> <span class='ocrx_word' id='word_1_74' title='bbox 651 1268 779 1309; x_wconf 78' lang='lat' dir='ltr'>Italiae</span> <span class='ocrx_word' id='word_1_75' title='bbox 808 1268 1005 1326; x_wconf 86' lang='lat' dir='ltr'>populos,</span> <span class='ocrx_word' id='word_1_76' title='bbox 1037 1279 1079 1309; x_wconf 90' lang='lat' dir='ltr'>et</span> <span class='ocrx_word' id='word_1_77' title='bbox 1101 1268 1350 1310; x_wconf 81' lang='lat' dir='ltr'>catholicam</span> <span class='ocrx_word' id='word_1_78' title='bbox 1386 1268 1632 1327; x_wconf 83' lang='lat' dir='ltr'>religionem</span> <span class='ocrx_word' id='word_1_79' title='bbox 1661 1270 1705 1309; x_wconf 89' lang='lat' dir='ltr'>in</span> <span class='ocrx_word' id='word_1_80' title='bbox 1732 1269 1850 1310; x_wconf 87' lang='lat' dir='ltr'>Italia</span> <span class='ocrx_word' id='word_1_81' title='bbox 1880 1269 1967 1327; x_wconf 87' lang='lat' dir='ltr'>ipsa</span> 
     </span>
     <span class='ocr_line' id='line_1_12' title="bbox 136 1331 1968 1392; baseline 0.002 -20"><span class='ocrx_word' id='word_1_82' title='bbox 136 1331 407 1383; x_wconf 80' lang='lat' dir='ltr'>labefactare,</span> <span class='ocrx_word' id='word_1_83' title='bbox 434 1348 481 1373; x_wconf 87' lang='lat' dir='ltr'>ac</span> <span class='ocrx_word' id='word_1_84' title='bbox 500 1333 534 1373; x_wconf 89' lang='lat' dir='ltr'>si</span> <span class='ocrx_word' id='word_1_85' title='bbox 566 1332 653 1373; x_wconf 85' lang='lat' dir='ltr'>fieri</span> <span class='ocrx_word' id='word_1_86' title='bbox 683 1349 867 1390; x_wconf 85' lang='lat' dir='ltr'>unquam</span> <span class='ocrx_word' id='word_1_87' title='bbox 895 1343 1035 1390; x_wconf 86' lang='lat' dir='ltr'>posset</span> <span class='ocrx_word' id='word_1_88' title='bbox 1058 1333 1246 1374; x_wconf 91' lang='lat' dir='ltr'>funditus</span> <span class='ocrx_word' id='word_1_89' title='bbox 1273 1345 1471 1386; x_wconf 78' lang='lat' dir='ltr'>evertere,</span> <span class='ocrx_word' id='word_1_90' title='bbox 1500 1333 1843 1375; x_wconf 87' lang='lat' dir='ltr'>commoliuntur.</span> <span class='ocrx_word' id='word_1_91' title='bbox 1878 1335 1968 1392; x_wconf 91' lang='lat' dir='ltr'>Ap-</span> 
     </span>
     <span class='ocr_line' id='line_1_13' title="bbox 137 1395 1955 1453; baseline 0.002 -17"><span class='ocrx_word' id='word_1_92' title='bbox 137 1395 276 1453; x_wconf 82' lang='lat' dir='ltr'>paruit</span> <span class='ocrx_word' id='word_1_93' title='bbox 302 1407 390 1437; x_wconf 89' lang='lat' dir='ltr'>tota</span> <span class='ocrx_word' id='word_1_94' title='bbox 412 1396 609 1437; x_wconf 78' lang='lat' dir='ltr'>diabolici</span> <span class='ocrx_word' id='word_1_95' title='bbox 631 1412 776 1437; x_wconf 90' lang='lat' dir='ltr'>eorum</span> <span class='ocrx_word' id='word_1_96' title='bbox 799 1397 961 1438; x_wconf 88' lang='lat' dir='ltr'>consilii</span> <span class='ocrx_word' id='word_1_97' title='bbox 984 1396 1091 1438; x_wconf 90' lang='lat' dir='ltr'>ratio</span> <span class='ocrx_word' id='word_1_98' title='bbox 1120 1408 1210 1438; x_wconf 91' lang='lat' dir='ltr'>tum</span> <span class='ocrx_word' id='word_1_99' title='bbox 1246 1398 1334 1439; x_wconf 90' lang='lat' dir='ltr'>aliis</span> <span class='ocrx_word' id='word_1_100' title='bbox 1361 1398 1574 1440; x_wconf 83' lang='lat' dir='ltr'>nonnullis</span> <span class='ocrx_word' id='word_1_101' title='bbox 1593 1399 1637 1438; x_wconf 90' lang='lat' dir='ltr'>in</span> <span class='ocrx_word' id='word_1_102' title='bbox 1659 1398 1783 1449; x_wconf 81' lang='lat' dir='ltr'>locis,</span> <span class='ocrx_word' id='word_1_103' title='bbox 1810 1400 1955 1440; x_wconf 91' lang='lat' dir='ltr'>tumin</span> 
     </span>
     <span class='ocr_line' id='line_1_14' title="bbox 139 1461 1970 1520; baseline 0.002 -20"><span class='ocrx_word' id='word_1_104' title='bbox 139 1461 248 1501; x_wconf 89' lang='lat' dir='ltr'>alma</span> <span class='ocrx_word' id='word_1_105' title='bbox 271 1462 503 1518; x_wconf 82' lang='lat' dir='ltr'>praesertim</span> <span class='ocrx_word' id='word_1_106' title='bbox 525 1461 660 1511; x_wconf 87' lang='lat' dir='ltr'>Urbe,</span> <span class='ocrx_word' id='word_1_107' title='bbox 691 1461 874 1518; x_wconf 80' lang='lat' dir='ltr'>supremi</span> <span class='ocrx_word' id='word_1_108' title='bbox 901 1461 1171 1503; x_wconf 81' lang='lat' dir='ltr'>Pontificatus</span> <span class='ocrx_word' id='word_1_109' title='bbox 1190 1463 1323 1504; x_wconf 81' lang='lat' dir='ltr'>nostri</span> <span class='ocrx_word' id='word_1_110' title='bbox 1355 1462 1474 1515; x_wconf 84' lang='lat' dir='ltr'>sede,</span> <span class='ocrx_word' id='word_1_111' title='bbox 1500 1464 1543 1503; x_wconf 90' lang='lat' dir='ltr'>in</span> <span class='ocrx_word' id='word_1_112' title='bbox 1568 1479 1671 1520; x_wconf 86' lang='lat' dir='ltr'>qua,</span> <span class='ocrx_word' id='word_1_113' title='bbox 1701 1464 1823 1504; x_wconf 89' lang='lat' dir='ltr'>nobis</span> <span class='ocrx_word' id='word_1_114' title='bbox 1855 1462 1970 1505; x_wconf 88' lang='lat' dir='ltr'>abire</span> 
     </span>
     <span class='ocr_line' id='line_1_15' title="bbox 138 1524 1969 1582; baseline 0.003 -18"><span class='ocrx_word' id='word_1_115' title='bbox 138 1524 237 1566; x_wconf 89' lang='lat' dir='ltr'>inde</span> <span class='ocrx_word' id='word_1_116' title='bbox 270 1526 437 1574; x_wconf 83' lang='lat' dir='ltr'>coactis,</span> <span class='ocrx_word' id='word_1_117' title='bbox 475 1524 664 1576; x_wconf 87' lang='lat' dir='ltr'>liberius,</span> <span class='ocrx_word' id='word_1_118' title='bbox 698 1527 841 1582; x_wconf 83' lang='lat' dir='ltr'>paucis</span> <span class='ocrx_word' id='word_1_119' title='bbox 876 1526 973 1567; x_wconf 87' lang='lat' dir='ltr'>licet</span> <span class='ocrx_word' id='word_1_120' title='bbox 1010 1527 1237 1576; x_wconf 87' lang='lat' dir='ltr'>mensibus,</span> <span class='ocrx_word' id='word_1_121' title='bbox 1277 1526 1523 1568; x_wconf 83' lang='lat' dir='ltr'>debacchati</span> <span class='ocrx_word' id='word_1_122' title='bbox 1558 1538 1675 1582; x_wconf 87' lang='lat' dir='ltr'>sunt,</span> <span class='ocrx_word' id='word_1_123' title='bbox 1712 1528 1787 1568; x_wconf 90' lang='lat' dir='ltr'>ubi</span> <span class='ocrx_word' id='word_1_124' title='bbox 1820 1527 1969 1570; x_wconf 89' lang='lat' dir='ltr'>divinis</span> 
     </span>
     <span class='ocr_line' id='line_1_16' title="bbox 138 1589 1969 1659; baseline 0.002 -30"><span class='ocrx_word' id='word_1_125' title='bbox 138 1589 415 1659; x_wconf 77' lang='lat' dir='ltr'>humanisque</span> <span class='ocrx_word' id='word_1_126' title='bbox 442 1590 568 1630; x_wconf 90' lang='lat' dir='ltr'>rebus</span> <span class='ocrx_word' id='word_1_127' title='bbox 588 1590 749 1630; x_wconf 84' lang='lat' dir='ltr'>nefario</span> <span class='ocrx_word' id='word_1_128' title='bbox 773 1606 874 1631; x_wconf 88' lang='lat' dir='ltr'>ausu</span> <span class='ocrx_word' id='word_1_129' title='bbox 897 1590 1235 1641; x_wconf 82' lang='lat' dir='ltr'>commiscendis,</span> <span class='ocrx_word' id='word_1_130' title='bbox 1264 1607 1314 1632; x_wconf 92' lang='lat' dir='ltr'>eo</span> <span class='ocrx_word' id='word_1_131' title='bbox 1344 1591 1516 1632; x_wconf 86' lang='lat' dir='ltr'>tandem</span> <span class='ocrx_word' id='word_1_132' title='bbox 1539 1591 1703 1632; x_wconf 89' lang='lat' dir='ltr'>illorum</span> <span class='ocrx_word' id='word_1_133' title='bbox 1729 1592 1846 1633; x_wconf 91' lang='lat' dir='ltr'>furor</span> <span class='ocrx_word' id='word_1_134' title='bbox 1875 1608 1969 1650; x_wconf 89' lang='lat' dir='ltr'>per-</span> 
     </span>
     <span class='ocr_line' id='line_1_17' title="bbox 139 1653 1970 1711; baseline 0.003 -18"><span class='ocrx_word' id='word_1_135' title='bbox 139 1653 275 1703; x_wconf 88' lang='lat' dir='ltr'>venit,</span> <span class='ocrx_word' id='word_1_136' title='bbox 316 1664 361 1694; x_wconf 89' lang='lat' dir='ltr'>ut</span> <span class='ocrx_word' id='word_1_137' title='bbox 391 1653 677 1710; x_wconf 78' lang='lat' dir='ltr'>spectatissimi</span> <span class='ocrx_word' id='word_1_138' title='bbox 713 1654 863 1694; x_wconf 90' lang='lat' dir='ltr'>urbani</span> <span class='ocrx_word' id='word_1_139' title='bbox 903 1653 1014 1695; x_wconf 86' lang='lat' dir='ltr'>Cleri</span> <span class='ocrx_word' id='word_1_140' title='bbox 1049 1665 1090 1695; x_wconf 89' lang='lat' dir='ltr'>et</span> <span class='ocrx_word' id='word_1_141' title='bbox 1113 1655 1345 1695; x_wconf 84' lang='lat' dir='ltr'>Praesulum</span> <span class='ocrx_word' id='word_1_142' title='bbox 1376 1671 1490 1696; x_wconf 88' lang='lat' dir='ltr'>sacra</span> <span class='ocrx_word' id='word_1_143' title='bbox 1528 1655 1631 1695; x_wconf 87' lang='lat' dir='ltr'>inibi</span> <span class='ocrx_word' id='word_1_144' title='bbox 1671 1657 1787 1711; x_wconf 82' lang='lat' dir='ltr'>jussu</span> <span class='ocrx_word' id='word_1_145' title='bbox 1826 1667 1970 1698; x_wconf 87' lang='lat' dir='ltr'>nostro</span> 
     </span>
     <span class='ocr_line' id='line_1_18' title="bbox 140 1685 1966 1788; baseline 0.003 -31"><span class='ocrx_word' id='word_1_146' title='bbox 140 1685 349 1788; x_wconf 60' lang='lat' dir='ltr'>inipa{ide</span> <span class='ocrx_word' id='word_1_147' title='bbox 375 1718 608 1758; x_wconf 84' lang='lat' dir='ltr'>curantium</span> <span class='ocrx_word' id='word_1_148' title='bbox 629 1718 795 1758; x_wconf 87' lang='lat' dir='ltr'>turbata</span> <span class='ocrx_word' id='word_1_149' title='bbox 826 1734 969 1775; x_wconf 87' lang='lat' dir='ltr'>opera,</span> <span class='ocrx_word' id='word_1_150' title='bbox 997 1729 1038 1758; x_wconf 93' lang='lat' dir='ltr'>et</span> <span class='ocrx_word' id='word_1_151' title='bbox 1057 1719 1301 1759; x_wconf 89' lang='lat' dir='ltr'>auct01itate</span> <span class='ocrx_word' id='word_1_152' title='bbox 1325 1719 1533 1777; x_wconf 80' lang='lat' dir='ltr'>despecta,</span> <span class='ocrx_word' id='word_1_153' title='bbox 1562 1719 1658 1759; x_wconf 64' lang='lat' dir='ltr'>xel</span> <span class='ocrx_word' id='word_1_154' title='bbox 1649 1721 1726 1777; x_wconf 83' lang='lat' dir='ltr'>ipsi</span> <span class='ocrx_word' id='word_1_155' title='bbox 1754 1721 1966 1762; x_wconf 90' lang='lat' dir='ltr'>interdum</span> 
     </span>
     <span class='ocr_line' id='line_1_19' title="bbox 141 1780 1966 1841; baseline 0.003 -20"><span class='ocrx_word' id='word_1_156' title='bbox 141 1780 277 1822; x_wconf 81' lang='lat' dir='ltr'>miseli</span> <span class='ocrx_word' id='word_1_157' title='bbox 312 1782 457 1838; x_wconf 82' lang='lat' dir='ltr'>aegroti</span> <span class='ocrx_word' id='word_1_158' title='bbox 486 1797 580 1822; x_wconf 87' lang='lat' dir='ltr'>cum</span> <span class='ocrx_word' id='word_1_159' title='bbox 615 1793 748 1823; x_wconf 84' lang='lat' dir='ltr'>molte</span> <span class='ocrx_word' id='word_1_160' title='bbox 770 1782 1068 1832; x_wconf 86' lang='lat' dir='ltr'>colluctantes,</span> <span class='ocrx_word' id='word_1_161' title='bbox 1101 1783 1259 1824; x_wconf 88' lang='lat' dir='ltr'>cunctis</span> <span class='ocrx_word' id='word_1_162' title='bbox 1291 1783 1476 1825; x_wconf 87' lang='lat' dir='ltr'>destituti</span> <span class='ocrx_word' id='word_1_163' title='bbox 1513 1783 1724 1841; x_wconf 83' lang='lat' dir='ltr'>religionis</span> <span class='ocrx_word' id='word_1_164' title='bbox 1757 1784 1966 1837; x_wconf 85' lang='lat' dir='ltr'>subsidiis,</span> 
     </span>
     <span class='ocr_line' id='line_1_20' title="bbox 142 1845 1849 1906; baseline 0.002 -21"><span class='ocrx_word' id='word_1_165' title='bbox 142 1846 326 1886; x_wconf 89' lang='lat' dir='ltr'>animam</span> <span class='ocrx_word' id='word_1_166' title='bbox 345 1846 453 1886; x_wconf 88' lang='lat' dir='ltr'>inter</span> <span class='ocrx_word' id='word_1_167' title='bbox 474 1846 662 1903; x_wconf 80' lang='lat' dir='ltr'>plocacis</span> <span class='ocrx_word' id='word_1_168' title='bbox 682 1846 853 1901; x_wconf 85' lang='lat' dir='ltr'>alicujus</span> <span class='ocrx_word' id='word_1_169' title='bbox 870 1845 1102 1887; x_wconf 91' lang='lat' dir='ltr'>meretricis</span> <span class='ocrx_word' id='word_1_170' title='bbox 1122 1846 1338 1889; x_wconf 79' lang='lat' dir='ltr'>illeceblas</span> <span class='ocrx_word' id='word_1_171' title='bbox 1358 1848 1548 1890; x_wconf 87' lang='lat' dir='ltr'>emittere</span> <span class='ocrx_word' id='word_1_172' title='bbox 1572 1850 1849 1906; x_wconf 85' lang='lat' dir='ltr'>cogebantur.</span> 
     </span>
    </p>
   </div>
   <div class='ocr_carea' id='block_1_5' title="bbox 142 2056 1970 3084">
    <p class='ocr_par' dir='ltr' id='par_1_5' title="bbox 142 2056 1970 3084">
     <span class='ocr_line' id='line_1_21' title="bbox 201 2056 1969 2114; baseline 0.003 -18"><span class='ocrx_word' id='word_1_173' title='bbox 201 2056 293 2097; x_wconf 90' lang='lat' dir='ltr'>Jam</span> <span class='ocrx_word' id='word_1_174' title='bbox 322 2073 440 2111; x_wconf 80' lang='lat' dir='ltr'>vero,</span> <span class='ocrx_word' id='word_1_175' title='bbox 464 2060 538 2100; x_wconf 86' lang='lat' dir='ltr'>etsi</span> <span class='ocrx_word' id='word_1_176' title='bbox 571 2058 767 2114; x_wconf 88' lang='lat' dir='ltr'>deinceps</span> <span class='ocrx_word' id='word_1_177' title='bbox 800 2058 990 2101; x_wconf 88' lang='lat' dir='ltr'>Romana</span> <span class='ocrx_word' id='word_1_178' title='bbox 1020 2060 1169 2102; x_wconf 91' lang='lat' dir='ltr'>eadem</span> <span class='ocrx_word' id='word_1_179' title='bbox 1200 2060 1316 2110; x_wconf 86' lang='lat' dir='ltr'>urbs,</span> <span class='ocrx_word' id='word_1_180' title='bbox 1351 2070 1392 2100; x_wconf 93' lang='lat' dir='ltr'>et</span> <span class='ocrx_word' id='word_1_181' title='bbox 1419 2059 1510 2100; x_wconf 80' lang='lat' dir='ltr'>aliae</span> <span class='ocrx_word' id='word_1_182' title='bbox 1541 2059 1771 2101; x_wconf 82' lang='lat' dir='ltr'>Pontifieiae</span> <span class='ocrx_word' id='word_1_183' title='bbox 1801 2059 1969 2102; x_wconf 89' lang='lat' dir='ltr'>ditionis</span> 
     </span>
     <span class='ocr_line' id='line_1_22' title="bbox 142 2122 1970 2182; baseline 0.003 -21"><span class='ocrx_word' id='word_1_184' title='bbox 142 2122 378 2179; x_wconf 74' lang='lat' dir='ltr'>provinciae,</span> <span class='ocrx_word' id='word_1_185' title='bbox 405 2124 494 2164; x_wconf 93' lang='lat' dir='ltr'>Deo</span> <span class='ocrx_word' id='word_1_186' title='bbox 513 2124 752 2171; x_wconf 86' lang='lat' dir='ltr'>miserante,</span> <span class='ocrx_word' id='word_1_187' title='bbox 771 2137 845 2179; x_wconf 85' lang='lat' dir='ltr'>per</span> <span class='ocrx_word' id='word_1_188' title='bbox 862 2125 1163 2166; x_wconf 88' lang='lat' dir='ltr'>catholicarum</span> <span class='ocrx_word' id='word_1_189' title='bbox 1186 2125 1407 2166; x_wconf 88' lang='lat' dir='ltr'>nationum</span> <span class='ocrx_word' id='word_1_190' title='bbox 1431 2140 1546 2165; x_wconf 90' lang='lat' dir='ltr'>arma</span> <span class='ocrx_word' id='word_1_191' title='bbox 1565 2123 1672 2165; x_wconf 91' lang='lat' dir='ltr'>civili</span> <span class='ocrx_word' id='word_1_192' title='bbox 1699 2135 1838 2165; x_wconf 89' lang='lat' dir='ltr'>nostro</span> <span class='ocrx_word' id='word_1_193' title='bbox 1859 2126 1970 2182; x_wconf 88' lang='lat' dir='ltr'>regi-</span> 
     </span>
     <span class='ocr_line' id='line_1_23' title="bbox 143 2186 1968 2246; baseline 0.003 -21"><span class='ocrx_word' id='word_1_194' title='bbox 143 2186 247 2226; x_wconf 90' lang='lat' dir='ltr'>mini</span> <span class='ocrx_word' id='word_1_195' title='bbox 273 2187 472 2228; x_wconf 71' lang='lat' dir='ltr'>restitutae</span> <span class='ocrx_word' id='word_1_196' title='bbox 501 2187 668 2238; x_wconf 86' lang='lat' dir='ltr'>fuerint,</span> <span class='ocrx_word' id='word_1_197' title='bbox 694 2203 740 2228; x_wconf 90' lang='lat' dir='ltr'>ac</span> <span class='ocrx_word' id='word_1_198' title='bbox 762 2187 970 2230; x_wconf 88' lang='lat' dir='ltr'>bellorum</span> <span class='ocrx_word' id='word_1_199' title='bbox 996 2191 1196 2231; x_wconf 89' lang='lat' dir='ltr'>tumultus</span> <span class='ocrx_word' id='word_1_200' title='bbox 1219 2190 1262 2230; x_wconf 88' lang='grc'>111</span> <span class='ocrx_word' id='word_1_201' title='bbox 1287 2188 1378 2230; x_wconf 89' lang='lat' dir='ltr'>aliis</span> <span class='ocrx_word' id='word_1_202' title='bbox 1400 2189 1555 2246; x_wconf 85' lang='lat' dir='ltr'>pariter</span> <span class='ocrx_word' id='word_1_203' title='bbox 1577 2187 1818 2245; x_wconf 84' lang='lat' dir='ltr'>regionibus</span> <span class='ocrx_word' id='word_1_204' title='bbox 1838 2188 1968 2231; x_wconf 84' lang='lat' dir='ltr'>Italiae</span> 
     </span>
     <span class='ocr_line' id='line_1_24' title="bbox 144 2249 1962 2310; baseline 0.003 -21"><span class='ocrx_word' id='word_1_205' title='bbox 144 2249 376 2301; x_wconf 85' lang='lat' dir='ltr'>cessaverit,</span> <span class='ocrx_word' id='word_1_206' title='bbox 397 2267 482 2291; x_wconf 88' lang='lat' dir='ltr'>non</span> <span class='ocrx_word' id='word_1_207' title='bbox 509 2252 701 2293; x_wconf 75' lang='lat' dir='ltr'>destitere</span> <span class='ocrx_word' id='word_1_208' title='bbox 723 2262 866 2293; x_wconf 86' lang='lat' dir='ltr'>tamen</span> <span class='ocrx_word' id='word_1_209' title='bbox 893 2270 968 2295; x_wconf 90' lang='lat' dir='ltr'>nec</span> <span class='ocrx_word' id='word_1_210' title='bbox 989 2270 1087 2296; x_wconf 87' lang='lat' dir='ltr'>sane</span> <span class='ocrx_word' id='word_1_211' title='bbox 1113 2255 1315 2297; x_wconf 86' lang='lat' dir='ltr'>desistunt</span> <span class='ocrx_word' id='word_1_212' title='bbox 1337 2253 1520 2310; x_wconf 89' lang='lat' dir='ltr'>improbi</span> <span class='ocrx_word' id='word_1_213' title='bbox 1543 2253 1599 2293; x_wconf 91' lang='lat' dir='ltr'>illi</span> <span class='ocrx_word' id='word_1_214' title='bbox 1619 2253 1695 2293; x_wconf 89' lang='lat' dir='ltr'>Dei</span> <span class='ocrx_word' id='word_1_215' title='bbox 1717 2253 1962 2295; x_wconf 85' lang='lat' dir='ltr'>hominum—</span> 
     </span>
     <span class='ocr_line' id='line_1_25' title="bbox 145 2315 1965 2376; baseline 0.003 -22"><span class='ocrx_word' id='word_1_216' title='bbox 145 2330 225 2371; x_wconf 92' lang='lat' dir='ltr'>que</span> <span class='ocrx_word' id='word_1_217' title='bbox 241 2315 380 2356; x_wconf 90' lang='lat' dir='ltr'>hostes</span> <span class='ocrx_word' id='word_1_218' title='bbox 404 2331 424 2356; x_wconf 91' lang='lat' dir='ltr'>a</span> <span class='ocrx_word' id='word_1_219' title='bbox 451 2316 635 2357; x_wconf 87' lang='lat' dir='ltr'>nefando</span> <span class='ocrx_word' id='word_1_220' title='bbox 661 2332 735 2357; x_wconf 92' lang='lat' dir='ltr'>suo</span> <span class='ocrx_word' id='word_1_221' title='bbox 757 2332 902 2374; x_wconf 90' lang='lat' dir='ltr'>opere,</span> <span class='ocrx_word' id='word_1_222' title='bbox 925 2319 986 2359; x_wconf 90' lang='lat' dir='ltr'>sin</span> <span class='ocrx_word' id='word_1_223' title='bbox 1010 2318 1147 2360; x_wconf 87' lang='lat' dir='ltr'>minus</span> <span class='ocrx_word' id='word_1_224' title='bbox 1171 2335 1245 2376; x_wconf 91' lang='lat' dir='ltr'>per</span> <span class='ocrx_word' id='word_1_225' title='bbox 1273 2328 1460 2375; x_wconf 87' lang='lat' dir='ltr'>apertam</span> <span class='ocrx_word' id='word_1_226' title='bbox 1478 2318 1579 2367; x_wconf 90' lang='lat' dir='ltr'>vim,</span> <span class='ocrx_word' id='word_1_227' title='bbox 1607 2316 1693 2357; x_wconf 89' lang='lat' dir='ltr'>aliis</span> <span class='ocrx_word' id='word_1_228' title='bbox 1715 2328 1828 2359; x_wconf 89' lang='lat' dir='ltr'>certe</span> <span class='ocrx_word' id='word_1_229' title='bbox 1850 2318 1965 2360; x_wconf 88' lang='lat' dir='ltr'>frau-</span> 
     </span>
     <span class='ocr_line' id='line_1_26' title="bbox 147 2377 1968 2441; baseline 0.004 -24"><span class='ocrx_word' id='word_1_230' title='bbox 147 2377 326 2420; x_wconf 88' lang='lat' dir='ltr'>dulentis</span> <span class='ocrx_word' id='word_1_231' title='bbox 349 2395 426 2421; x_wconf 89' lang='lat' dir='ltr'>nec</span> <span class='ocrx_word' id='word_1_232' title='bbox 450 2396 612 2437; x_wconf 87' lang='lat' dir='ltr'>semper</span> <span class='ocrx_word' id='word_1_233' title='bbox 635 2381 803 2423; x_wconf 85' lang='lat' dir='ltr'>occultis</span> <span class='ocrx_word' id='word_1_234' title='bbox 823 2382 961 2424; x_wconf 88' lang='lat' dir='ltr'>modis</span> <span class='ocrx_word' id='word_1_235' title='bbox 990 2383 1193 2440; x_wconf 74' lang='lat' dir='ltr'>urgendo.</span> <span class='ocrx_word' id='word_1_236' title='bbox 1213 2383 1372 2424; x_wconf 81' lang='lat' dir='ltr'>Verum</span> <span class='ocrx_word' id='word_1_237' title='bbox 1395 2381 1625 2422; x_wconf 84' lang='lat' dir='ltr'>infirmitati</span> <span class='ocrx_word' id='word_1_238' title='bbox 1653 2393 1804 2424; x_wconf 87' lang='lat' dir='ltr'>nostrae</span> <span class='ocrx_word' id='word_1_239' title='bbox 1826 2399 1968 2441; x_wconf 89' lang='lat' dir='ltr'>supre-</span> 
     </span>
     <span class='ocr_line' id='line_1_27' title="bbox 146 2442 1964 2504; baseline 0.004 -23"><span class='ocrx_word' id='word_1_240' title='bbox 146 2457 259 2482; x_wconf 89' lang='lat' dir='ltr'>mam</span> <span class='ocrx_word' id='word_1_241' title='bbox 287 2442 412 2484; x_wconf 87' lang='lat' dir='ltr'>totius</span> <span class='ocrx_word' id='word_1_242' title='bbox 438 2444 646 2486; x_wconf 89' lang='lat' dir='ltr'>Dominici</span> <span class='ocrx_word' id='word_1_243' title='bbox 673 2447 805 2503; x_wconf 82' lang='lat' dir='ltr'>gregis</span> <span class='ocrx_word' id='word_1_244' title='bbox 828 2462 971 2487; x_wconf 89' lang='lat' dir='ltr'>curam</span> <span class='ocrx_word' id='word_1_245' title='bbox 994 2450 1036 2488; x_wconf 91' lang='lat' dir='ltr'>in</span> <span class='ocrx_word' id='word_1_246' title='bbox 1064 2459 1178 2488; x_wconf 89' lang='lat' dir='ltr'>tanta</span> <span class='ocrx_word' id='word_1_247' title='bbox 1196 2459 1433 2504; x_wconf 83' lang='lat' dir='ltr'>temporum</span> <span class='ocrx_word' id='word_1_248' title='bbox 1459 2445 1702 2487; x_wconf 86' lang='lat' dir='ltr'>difficultate</span> <span class='ocrx_word' id='word_1_249' title='bbox 1731 2447 1964 2500; x_wconf 84' lang='lat' dir='ltr'>sustinenti,</span> 
     </span>
     <span class='ocr_line' id='line_1_28' title="bbox 147 2507 1963 2568; baseline 0.004 -22"><span class='ocrx_word' id='word_1_250' title='bbox 147 2517 186 2546; x_wconf 86' lang='lat' dir='ltr'>et</span> <span class='ocrx_word' id='word_1_251' title='bbox 211 2507 488 2563; x_wconf 85' lang='lat' dir='ltr'>peculiaribus</span> <span class='ocrx_word' id='word_1_252' title='bbox 522 2509 764 2565; x_wconf 83' lang='lat' dir='ltr'>hujusmodi</span> <span class='ocrx_word' id='word_1_253' title='bbox 795 2510 1075 2552; x_wconf 87' lang='lat' dir='ltr'>Ecclesiarum</span> <span class='ocrx_word' id='word_1_254' title='bbox 1107 2512 1235 2552; x_wconf 61' lang='lat' dir='ltr'>Italiae</span> <span class='ocrx_word' id='word_1_255' title='bbox 1266 2509 1455 2568; x_wconf 87' lang='lat' dir='ltr'>periculis</span> <span class='ocrx_word' id='word_1_256' title='bbox 1486 2511 1754 2552; x_wconf 82' lang='lat' dir='ltr'>vehementer</span> <span class='ocrx_word' id='word_1_257' title='bbox 1785 2511 1963 2565; x_wconf 85' lang='lat' dir='ltr'>afflictae,</span> 
     </span>
     <span class='ocr_line' id='line_1_29' title="bbox 146 2570 1966 2633; baseline 0.005 -23"><span class='ocrx_word' id='word_1_258' title='bbox 146 2585 232 2610; x_wconf 88' lang='grc'>11011</span> <span class='ocrx_word' id='word_1_259' title='bbox 248 2570 346 2611; x_wconf 83' lang='lat' dir='ltr'>levis</span> <span class='ocrx_word' id='word_1_260' title='bbox 366 2573 472 2613; x_wconf 88' lang='lat' dir='ltr'>inter</span> <span class='ocrx_word' id='word_1_261' title='bbox 498 2589 720 2623; x_wconf 54' lang='lat' dir='ltr'>aerumnas,</span> <span class='ocrx_word' id='word_1_262' title='bbox 754 2575 988 2616; x_wconf 87' lang='lat' dir='ltr'>consolatio</span> <span class='ocrx_word' id='word_1_263' title='bbox 1011 2587 1071 2617; x_wconf 88' lang='lat' dir='ltr'>est</span> <span class='ocrx_word' id='word_1_264' title='bbox 1084 2591 1135 2617; x_wconf 85' lang='lat' dir='ltr'>ex</span> <span class='ocrx_word' id='word_1_265' title='bbox 1152 2574 1346 2633; x_wconf 86' lang='lat' dir='ltr'>pastorali</span> <span class='ocrx_word' id='word_1_266' title='bbox 1362 2585 1498 2615; x_wconf 82' lang='lat' dir='ltr'>vestro</span> <span class='ocrx_word' id='word_1_267' title='bbox 1521 2575 1675 2626; x_wconf 85' lang='lat' dir='ltr'>studio,</span> <span class='ocrx_word' id='word_1_268' title='bbox 1695 2576 1966 2619; x_wconf 88' lang='lat' dir='ltr'>Venerabiles</span> 
     </span>
     <span class='ocr_line' id='line_1_30' title="bbox 146 2635 1967 2698; baseline 0.004 -24"><span class='ocrx_word' id='word_1_269' title='bbox 146 2635 324 2686; x_wconf 88' lang='lat' dir='ltr'>Fratres,</span> <span class='ocrx_word' id='word_1_270' title='bbox 363 2639 475 2691; x_wconf 87' lang='lat' dir='ltr'>cujus</span> <span class='ocrx_word' id='word_1_271' title='bbox 506 2637 637 2678; x_wconf 90' lang='lat' dir='ltr'>multa</span> <span class='ocrx_word' id='word_1_272' title='bbox 673 2638 794 2679; x_wconf 88' lang='lat' dir='ltr'>nobis</span> <span class='ocrx_word' id='word_1_273' title='bbox 819 2639 1089 2691; x_wconf 80' lang='lat' dir='ltr'>documenta,</span> <span class='ocrx_word' id='word_1_274' title='bbox 1125 2651 1167 2680; x_wconf 93' lang='lat' dir='ltr'>et</span> <span class='ocrx_word' id='word_1_275' title='bbox 1200 2640 1243 2679; x_wconf 88' lang='lat' dir='ltr'>in</span> <span class='ocrx_word' id='word_1_276' title='bbox 1283 2638 1423 2679; x_wconf 84' lang='lat' dir='ltr'>medio</span> <span class='ocrx_word' id='word_1_277' title='bbox 1454 2639 1672 2696; x_wconf 76' lang='lat' dir='ltr'>praeteritae</span> <span class='ocrx_word' id='word_1_278' title='bbox 1712 2640 1967 2698; x_wconf 85' lang='lat' dir='ltr'>tempestatis</span> 
     </span>
     <span class='ocr_line' id='line_1_31' title="bbox 146 2699 1966 2762; baseline 0.004 -22"><span class='ocrx_word' id='word_1_279' title='bbox 146 2699 312 2740; x_wconf 86' lang='lat' dir='ltr'>turbine</span> <span class='ocrx_word' id='word_1_280' title='bbox 337 2715 421 2740; x_wconf 91' lang='lat' dir='ltr'>non</span> <span class='ocrx_word' id='word_1_281' title='bbox 454 2700 688 2750; x_wconf 86' lang='lat' dir='ltr'>defuerant,</span> <span class='ocrx_word' id='word_1_282' title='bbox 721 2713 761 2742; x_wconf 85' lang='lat' dir='ltr'>et</span> <span class='ocrx_word' id='word_1_283' title='bbox 788 2718 896 2743; x_wconf 90' lang='lat' dir='ltr'>nova</span> <span class='ocrx_word' id='word_1_284' title='bbox 932 2703 975 2743; x_wconf 86' lang='grc'>111</span> <span class='ocrx_word' id='word_1_285' title='bbox 1011 2703 1099 2745; x_wconf 89' lang='lat' dir='ltr'>dies</span> <span class='ocrx_word' id='word_1_286' title='bbox 1132 2703 1390 2759; x_wconf 86' lang='lat' dir='ltr'>clarioraque</span> <span class='ocrx_word' id='word_1_287' title='bbox 1424 2703 1668 2745; x_wconf 64' lang='lat' dir='ltr'>obveniunt.</span> <span class='ocrx_word' id='word_1_288' title='bbox 1701 2706 1793 2762; x_wconf 89' lang='lat' dir='ltr'>Ipsa</span> <span class='ocrx_word' id='word_1_289' title='bbox 1825 2716 1966 2747; x_wconf 89' lang='lat' dir='ltr'>autem</span> 
     </span>
     <span class='ocr_line' id='line_1_32' title="bbox 146 2763 1959 2825; baseline 0.004 -22"><span class='ocrx_word' id='word_1_290' title='bbox 146 2764 207 2804; x_wconf 91' lang='lat' dir='ltr'>rei</span> <span class='ocrx_word' id='word_1_291' title='bbox 228 2763 405 2820; x_wconf 73' lang='lat' dir='ltr'>gravitas</span> <span class='ocrx_word' id='word_1_292' title='bbox 425 2776 543 2822; x_wconf 82' lang='lat' dir='ltr'>urget</span> <span class='ocrx_word' id='word_1_293' title='bbox 564 2781 654 2814; x_wconf 83' lang='lat' dir='ltr'>nos,</span> <span class='ocrx_word' id='word_1_294' title='bbox 679 2777 724 2806; x_wconf 92' lang='lat' dir='ltr'>ut</span> <span class='ocrx_word' id='word_1_295' title='bbox 749 2783 828 2823; x_wconf 90' lang='lat' dir='ltr'>pro</span> <span class='ocrx_word' id='word_1_296' title='bbox 849 2767 993 2808; x_wconf 90' lang='lat' dir='ltr'>debito</span> <span class='ocrx_word' id='word_1_297' title='bbox 1014 2766 1243 2825; x_wconf 88' lang='lat' dir='ltr'>Apostolici</span> <span class='ocrx_word' id='word_1_298' title='bbox 1280 2766 1415 2807; x_wconf 81' lang='lat' dir='ltr'>Officii</span> <span class='ocrx_word' id='word_1_299' title='bbox 1438 2769 1470 2808; x_wconf 89' lang='lat' dir='ltr'>F</span> <span class='ocrx_word' id='word_1_300' title='bbox 1472 2768 1784 2810; x_wconf 88' lang='lat' dir='ltr'>raternitatibus</span> <span class='ocrx_word' id='word_1_301' title='bbox 1803 2769 1959 2819; x_wconf 88' lang='lat' dir='ltr'>vestris,</span> 
     </span>
     <span class='ocr_line' id='line_1_33' title="bbox 148 2827 1963 2890; baseline 0.003 -22"><span class='ocrx_word' id='word_1_302' title='bbox 148 2827 191 2868; x_wconf 91' lang='lat' dir='ltr'>in</span> <span class='ocrx_word' id='word_1_303' title='bbox 214 2839 364 2868; x_wconf 80' lang='lat' dir='ltr'>nostrae</span> <span class='ocrx_word' id='word_1_304' title='bbox 391 2828 683 2869; x_wconf 87' lang='lat' dir='ltr'>sollicitudinis</span> <span class='ocrx_word' id='word_1_305' title='bbox 702 2841 866 2886; x_wconf 89' lang='lat' dir='ltr'>partem</span> <span class='ocrx_word' id='word_1_306' title='bbox 890 2831 1063 2881; x_wconf 85' lang='lat' dir='ltr'>vocatis,</span> <span class='ocrx_word' id='word_1_307' title='bbox 1092 2830 1271 2871; x_wconf 87' lang='lat' dir='ltr'>acriores</span> <span class='ocrx_word' id='word_1_308' title='bbox 1295 2846 1487 2873; x_wconf 86' lang='lat' dir='ltr'>sermone</span> <span class='ocrx_word' id='word_1_309' title='bbox 1512 2843 1635 2890; x_wconf 89' lang='lat' dir='ltr'>atque</span> <span class='ocrx_word' id='word_1_310' title='bbox 1656 2833 1963 2874; x_wconf 88' lang='lat' dir='ltr'>hortationibus</span> 
     </span>
     <span class='ocr_line' id='line_1_34' title="bbox 148 2890 1962 2954; baseline 0.003 -23"><span class='ocrx_word' id='word_1_311' title='bbox 148 2890 300 2932; x_wconf 82' lang='lat' dir='ltr'>nostris</span> <span class='ocrx_word' id='word_1_312' title='bbox 340 2891 544 2933; x_wconf 84' lang='lat' dir='ltr'>addamus</span> <span class='ocrx_word' id='word_1_313' title='bbox 585 2892 772 2934; x_wconf 82' lang='lat' dir='ltr'>stimulos</span> <span class='ocrx_word' id='word_1_314' title='bbox 807 2894 861 2935; x_wconf 88' lang='lat' dir='ltr'>ad</span> <span class='ocrx_word' id='word_1_315' title='bbox 898 2894 1125 2952; x_wconf 78' lang='lat' dir='ltr'>praelianda</span> <span class='ocrx_word' id='word_1_316' title='bbox 1163 2905 1404 2936; x_wconf 83' lang='lat' dir='ltr'>constanter</span> <span class='ocrx_word' id='word_1_317' title='bbox 1444 2913 1525 2937; x_wconf 88' lang='lat' dir='ltr'>una</span> <span class='ocrx_word' id='word_1_318' title='bbox 1567 2897 1787 2939; x_wconf 90' lang='lat' dir='ltr'>nobiscum</span> <span class='ocrx_word' id='word_1_319' title='bbox 1822 2896 1962 2954; x_wconf 85' lang='lat' dir='ltr'>praelia</span> 
     </span>
     <span class='ocr_line' id='line_1_35' title="bbox 147 2955 1958 3018; baseline 0.002 -22"><span class='ocrx_word' id='word_1_320' title='bbox 147 2955 341 3005; x_wconf 87' lang='lat' dir='ltr'>Domini,</span> <span class='ocrx_word' id='word_1_321' title='bbox 375 2967 496 3013; x_wconf 89' lang='lat' dir='ltr'>atque</span> <span class='ocrx_word' id='word_1_322' title='bbox 527 2957 580 2998; x_wconf 88' lang='lat' dir='ltr'>ad</span> <span class='ocrx_word' id='word_1_323' title='bbox 609 2973 656 2998; x_wconf 89' lang='lat' dir='ltr'>ea</span> <span class='ocrx_word' id='word_1_324' title='bbox 680 2957 821 2998; x_wconf 90' lang='lat' dir='ltr'>omnia</span> <span class='ocrx_word' id='word_1_325' title='bbox 852 2958 1132 3000; x_wconf 87' lang='lat' dir='ltr'>concordibus</span> <span class='ocrx_word' id='word_1_326' title='bbox 1154 2958 1303 2999; x_wconf 88' lang='lat' dir='ltr'>animis</span> <span class='ocrx_word' id='word_1_327' title='bbox 1330 2960 1604 3017; x_wconf 85' lang='lat' dir='ltr'>providenda,</span> <span class='ocrx_word' id='word_1_328' title='bbox 1638 2978 1685 3003; x_wconf 88' lang='lat' dir='ltr'>ac</span> <span class='ocrx_word' id='word_1_329' title='bbox 1707 2960 1958 3018; x_wconf 84' lang='lat' dir='ltr'>praestanda,</span> 
     </span>
     <span class='ocr_line' id='line_1_36' title="bbox 149 3019 1964 3084; baseline 0.003 -24"><span class='ocrx_word' id='word_1_330' title='bbox 149 3019 312 3076; x_wconf 88' lang='lat' dir='ltr'>quibus,</span> <span class='ocrx_word' id='word_1_331' title='bbox 339 3021 431 3062; x_wconf 90' lang='lat' dir='ltr'>Deo</span> <span class='ocrx_word' id='word_1_332' title='bbox 448 3021 736 3071; x_wconf 88' lang='lat' dir='ltr'>benedicente,</span> <span class='ocrx_word' id='word_1_333' title='bbox 765 3032 806 3062; x_wconf 93' lang='lat' dir='ltr'>et</span> <span class='ocrx_word' id='word_1_334' title='bbox 832 3021 985 3063; x_wconf 89' lang='lat' dir='ltr'>damna</span> <span class='ocrx_word' id='word_1_335' title='bbox 1007 3033 1254 3079; x_wconf 89' lang='lat' dir='ltr'>reparentur</span> <span class='ocrx_word' id='word_1_336' title='bbox 1277 3040 1551 3082; x_wconf 76' lang='lat' dir='ltr'>quaecumque</span> <span class='ocrx_word' id='word_1_337' title='bbox 1575 3025 1766 3084; x_wconf 86' lang='lat' dir='ltr'>religioni</span> <span class='ocrx_word' id='word_1_338' title='bbox 1788 3023 1964 3066; x_wconf 88' lang='lat' dir='ltr'>sanctis-</span> 
     </span>
    </p>
   </div>
   <div class='ocr_carea' id='block_1_6' title="bbox 150 3084 1960 3204">
    <p class='ocr_par' dir='ltr' id='par_1_6' title="bbox 150 3084 1960 3204">
     <span class='ocr_line' id='line_1_37' title="bbox 150 3084 1960 3148; baseline 0.002 -23"><span class='ocrx_word' id='word_1_339' title='bbox 150 3084 264 3125; x_wconf 85' lang='lat' dir='ltr'>simae</span> <span class='ocrx_word' id='word_1_340' title='bbox 292 3100 366 3142; x_wconf 89' lang='lat' dir='ltr'>per</span> <span class='ocrx_word' id='word_1_341' title='bbox 395 3085 560 3127; x_wconf 90' lang='lat' dir='ltr'>Italiam</span> <span class='ocrx_word' id='word_1_342' title='bbox 590 3085 702 3127; x_wconf 88' lang='lat' dir='ltr'>illata</span> <span class='ocrx_word' id='word_1_343' title='bbox 731 3086 819 3141; x_wconf 85' lang='lat' dir='ltr'>jam</span> <span class='ocrx_word' id='word_1_344' title='bbox 847 3086 943 3140; x_wconf 88' lang='lat' dir='ltr'>sint,</span> <span class='ocrx_word' id='word_1_345' title='bbox 975 3097 1016 3129; x_wconf 88' lang='lat' dir='ltr'>et</span> <span class='ocrx_word' id='word_1_346' title='bbox 1046 3086 1308 3129; x_wconf 85' lang='lat' dir='ltr'>imminentia</span> <span class='ocrx_word' id='word_1_347' title='bbox 1342 3088 1385 3130; x_wconf 90' lang='lat' dir='ltr'>in</span> <span class='ocrx_word' id='word_1_348' title='bbox 1412 3102 1625 3147; x_wconf 88' lang='lat' dir='ltr'>posterum</span> <span class='ocrx_word' id='word_1_349' title='bbox 1653 3089 1836 3148; x_wconf 87' lang='lat' dir='ltr'>pericula</span> <span class='ocrx_word' id='word_1_350' title='bbox 1859 3104 1960 3146; x_wconf 89' lang='lat' dir='ltr'>pro-</span> 
     </span>
     <span class='ocr_line' id='line_1_38' title="bbox 150 3148 379 3204; baseline 0.017 -16"><span class='ocrx_word' id='word_1_351' title='bbox 150 3148 379 3204; x_wconf 86' lang='lat' dir='ltr'>pulsentur.</span> 
     </span>
    </p>
   </div>
  </div>
 </body>
</html>
