2135 3442
185 163 260 201 436
798 157 1107 194 ALLOCL'TION
1135 159 1200 194 DE
1228 159 1307 193 PIE
1335 159 1408 197 IX.

183 260 226 291 et
257 261 524 304 summopere
557 244 832 286 reclamamus
859 260 907 285 eo
939 261 1113 302 prorsus
1146 246 1296 296 modo,
1334 261 1416 303 quo
1451 255 1599 286 contra
1633 244 1788 285 similes
1820 260 1943 286 ausus
1977 256 2020 286 et

182 311 432 354 violationes
452 309 554 351 alias
573 308 796 367 protestati
817 325 979 350 sumus.

241 424 342 464 Haec
361 432 502 463 autem
523 420 729 462 moderna
751 420 923 461 civilitas
950 419 1050 460 dum
1073 421 1223 478 cuique
1249 419 1484 462 acatholico
1506 419 1636 461 cultui
1658 420 1768 462 favet
1783 454 1792 471 ,
1819 421 2019 478 ipsosque

182 487 374 530 infideles
410 503 434 527 a
476 486 656 544 publicis
694 484 942 526 muneribus
988 485 1198 527 obeundis
1234 486 1408 527 minime
1448 484 1650 542 prohibet
1666 518 1675 535 ,
1714 497 1755 527 et
1793 486 2021 528 catholicas

182 553 349 595 scholas
370 551 543 592 illorum
566 550 663 591 filiis
685 549 881 594 recludit,
906 546 1100 591 irascitur
1117 550 1316 592 adversus
1336 549 1569 607 Religiosas
1588 550 1801 602 Familias,
1820 550 2021 592 adversus

180 617 378 660 Instituta
397 615 616 657 catholicis
642 615 797 656 scholis
816 614 1088 656 moderandis
1106 616 1296 666 fundata,
1316 616 1512 657 adversus
1531 615 1868 673 quamplurimos
1891 617 2023 671 cujus-

181 699 262 742 que
291 682 442 740 gradus
473 680 777 722 ecclesiasticos
806 679 931 720 Viros
962 680 1220 737 amplissima
1250 681 1376 722 etiam
1410 680 1616 739 dignitate
1642 680 1888 738 insignitos,
1913 697 2021 738 quo-

179 765 276 791 rum
293 764 380 788 non
398 746 519 804 pauci
542 746 670 786 vitam
689 745 729 785 in
745 745 858 785 exilii
883 744 1047 786 incerto
1071 758 1141 786 aut
1165 746 1205 786 in
1227 747 1404 787 vinculis
1424 745 1577 787 misere
1597 757 1742 802 agunt,
1762 757 1801 786 et
1825 745 2022 787 adversus

180 813 307 856 etiam
340 823 552 869 spectatos
580 810 708 851 laicos
744 809 872 858 viros,
914 826 985 866 qul
1023 810 1158 851 Nobis
1192 823 1232 852 et
1267 811 1366 852 huic
1404 812 1564 852 Sancta*
1605 811 1700 851 Sodi
1734 809 1894 852 addicti
1929 810 2024 852 reli-

181 877 318 936 gionis
345 876 603 933 justitiaque
628 891 796 915 causam
819 874 1012 916 alacriter
1043 874 1295 917 defendunt.
1319 877 1418 917 Hmc
1447 875 1624 917 civilitas
1654 877 1756 917 dum
1782 874 2022 917 acatholicis

179 942 383 984 institutis
409 958 455 982 ac
473 941 663 999 personis
691 938 878 980 subsidia
909 939 1106 997 largitur,
1134 940 1386 981 catholicam
1411 941 1641 982 Ecclesiam
1668 940 1911 995 justissimis
1939 939 2024 981 suis

180 1006 520 1065 possessionibus
542 1003 710 1062 spoliat,
730 1015 771 1044 et
789 1004 932 1045 omnia
954 1004 1130 1045 adhibet
1154 1004 1327 1046 consilia
1352 1021 1399 1046 ac
1422 1005 1558 1046 studia
1581 1005 1633 1046 ad
1651 1005 1877 1046 salutarem
1894 1004 2024 1062 ipsius

180 1072 376 1114 Ecclesiae
408 1070 642 1112 efficaciam
671 1069 1026 1110 imminuendam.
1062 1072 1240 1128 Insuper
1275 1070 1377 1111 dum
1407 1087 1577 1111 omnem
1607 1071 1753 1112 tribuit
1781 1071 2023 1112 libertatem

181 1138 420 1195 quibusque
440 1134 580 1177 verbis
605 1146 648 1176 et
669 1134 850 1192 scriptis,
877 1151 971 1192 quae
989 1134 1221 1176 Ecclesiam
1247 1151 1481 1192 omnesque
1502 1135 1579 1193 ipsi
1612 1152 1662 1176 ex
1691 1136 1818 1177 eorde
1846 1136 2023 1177 devotos

179 1212 439 1251 aversantur,
465 1217 512 1241 ac
534 1199 637 1240 dum
656 1199 871 1240 licentIam
891 1198 1065 1249 animat,
1085 1200 1158 1241 alit
1182 1211 1223 1241 et
1244 1200 1373 1251 fovet,
1398 1200 1549 1241 eodem
1572 1212 1765 1258 tempore
1785 1217 1828 1242 se
1844 1200 2020 1242 omnino

179 1279 346 1308 cautam
367 1265 719 1321 moderatamque
740 1263 912 1305 exhibet
932 1264 975 1305 in
995 1265 1351 1323 reprehendenda
1367 1266 1552 1306 violenta
1571 1277 1612 1307 et
1634 1265 1786 1307 immiti
1809 1264 2022 1306 interdum

179 1331 332 1389 agendi
361 1330 526 1372 ratione
556 1340 707 1371 contra
739 1345 811 1370 eos
840 1329 1047 1380 adhibita,
1074 1332 1145 1387 qui
1175 1330 1335 1388 optima
1362 1331 1537 1389 vulgant
1570 1330 1750 1388 scripta,
1779 1342 1821 1372 et
1852 1345 2023 1371 omnem

180 1396 223 1436 in
244 1395 463 1453 puniendo
487 1405 657 1435 exercet
677 1395 962 1446 severitatem,
988 1395 1021 1436 si
1039 1396 1092 1436 ab
1116 1395 1182 1436 his
1207 1395 1515 1437 moderationis
1535 1395 1640 1436 fines
1659 1396 1724 1437 vel
1745 1395 1894 1437 leviter
1914 1411 2021 1453 prze—

177 1460 295 1502 teriri
321 1459 566 1500 arbitretur.

236 1559 492 1616 Hujusmodi
526 1559 654 1616 igitur
686 1559 878 1600 civilitati
924 1573 1124 1618 possetne
1154 1577 1345 1618 unquam
1373 1563 1594 1603 Romanus
1614 1559 1809 1602 Pontifex
1842 1559 2021 1600 amicam

182 1625 438 1684 protendere
458 1624 698 1674 dexteram,
727 1636 765 1665 ct
789 1641 885 1665 cum
906 1642 954 1666 ea
983 1626 1118 1667 foedus
1139 1626 1498 1682 concordiamque
1518 1641 1567 1664 ex
1588 1623 1732 1664 animo
1757 1623 1890 1663 inire?
1912 1624 2023 1664 Vera

180 1692 308 1732 rebus
345 1689 550 1730 vocabula
590 1689 882 1740 restituantur,
921 1701 962 1730 et
1001 1691 1090 1732 haec
1122 1692 1273 1732 Sancta
1313 1690 1440 1731 Sedes
1478 1688 1557 1729 sibi
1592 1704 1757 1745 semper
1792 1688 2020 1730 constabit.

183 1754 401 1812 Siquidem
423 1754 510 1811 ipsa
534 1768 642 1794 verae
672 1753 882 1795 civilitatis
904 1755 1174 1796 continenter
1191 1755 1269 1797 fuit
1289 1764 1470 1811 patrona
1495 1765 1536 1795 et
1554 1753 1704 1806 altrix3
1737 1764 1861 1811 atque
1886 1754 2023 1795 histo-

181 1821 252 1861 ria¹
284 1829 561 1860 monumenta
594 1818 939 1875 eloquentissime
968 1831 1176 1861 testantur
1207 1834 1253 1859 ac
1282 1820 1483 1875 probant,
1510 1819 1709 1859 omnibus
1743 1819 1936 1860 aetatibus
1971 1821 2024 1860 ab

184 1885 333 1926 cadem
364 1885 514 1924 Sancta
549 1883 656 1924 Sede
694 1883 737 1924 in
774 1883 1120 1938 disjunctissimas
1143 1899 1331 1940 quasque
1363 1895 1405 1924 et
1434 1885 1638 1924 barbaras
1669 1895 1875 1924 terrarum
1909 1884 2026 1926 orbis

186 1949 382 2006 regiones
403 1963 548 1987 veram
579 1959 822 2004 rectamque
858 1947 987 1988 fuisse
1019 1948 1229 1989 invectam
1266 1964 1433 1989 morum
1468 1948 1801 1998 humanitatem,
1835 1948 2024 2007 discipli-

186 2029 305 2061 nam,
340 2010 609 2068 saPZentiam.
641 2013 699 2052 At
729 2028 823 2052 cum
851 2012 1062 2053 civilitatis
1084 2013 1257 2055 nomine
1279 2013 1377 2054 velit
1409 2013 1588 2070 intelligi
1622 2024 1803 2071 systema
1836 2014 2027 2071 apposite

187 2088 479 2135 comparatum
509 2076 562 2117 ad
583 2076 890 2118 debilitandam
917 2094 965 2118 ac
987 2078 1166 2119 sortasse
1190 2078 1319 2119 ctiam
1345 2078 1572 2120 delendam
1592 2078 1746 2119 Christi
1774 2079 2022 2130 Ecclesiam,

188 2158 409 2199 nunquam
427 2153 541 2183 certe
569 2141 743 2198 quidem
763 2143 851 2182 lucc
874 2143 1025 2183 Sancta
1047 2143 1175 2185 Sedes
1196 2155 1237 2184 et
1254 2146 1472 2185 Romanus
1493 2143 1689 2184 Pontifex
1712 2155 1913 2201 poterunt
1932 2160 2028 2186 cum

188 2206 431 2262 hujusmodi
453 2206 655 2247 civilitate
680 2207 922 2249 convenire.
945 2228 962 2242 «
979 2210 1080 2260 Quae
1101 2209 1235 2258 enim,
1266 2229 1283 2244 »
1307 2208 1367 2249 uti
1389 2208 1699 2266 sapientissime
1717 2208 1872 2250 clamat
1887 2210 2028 2267 Apos-

194 2272 319 2322 tolus,
349 2292 366 2306 «
383 2271 653 2329 participatio
668 2272 839 2327 justitia*
855 2289 950 2313 cum
971 2273 1212 2330 iniquitate,
1231 2284 1303 2314 aut
1318 2288 1408 2329 quae
1430 2274 1607 2314 societas
1626 2272 1708 2313 luci
1728 2273 1778 2314 ad
1802 2274 2028 2316 tenebras?

202 2358 219 2373 «
237 2338 341 2388 Quae
363 2346 502 2376 autem
526 2337 756 2378 conventio
778 2337 932 2378 Christi
957 2337 1009 2378 ad
1026 2338 1157 2379 Belial
1177 2337 1220 2378 ¹?
1242 2359 1260 2374 »

254 2402 348 2453 Qua
372 2399 501 2456 igitur
515 2401 727 2457 probitate
744 2403 1079 2460 perturbatores,
1102 2414 1143 2444 et
1164 2402 1385 2444 seditionis
1406 2402 1577 2460 patroni
1598 2418 1716 2443 suam
1734 2419 1882 2444 vocem
1901 2404 2030 2446 attol-

194 2468 288 2509 lunt
313 2464 363 2505 ad
398 2465 715 2521 exaggerandos
747 2478 922 2508 conatus
948 2467 1103 2509 frustra
1128 2469 1180 2509 ab
1210 2468 1309 2525 ipsis
1330 2467 1558 2518 adhibitos,
1591 2479 1637 2508 ut
1659 2484 1701 2509 se
1722 2484 1818 2510 cum
1837 2471 2031 2511 Romano

194 2529 401 2574 Pontifice
427 2530 717 2586 componant?
737 2531 815 2571 Hic
837 2532 950 2573 enim
964 2566 973 2584 ,
999 2534 1069 2590 qui
1090 2550 1207 2575 suam
1231 2548 1401 2573 omnem
1421 2532 1505 2573 vim
1528 2533 1670 2574 haurit
1690 2549 1740 2574 ex
1759 2545 1923 2575 aeternae
1939 2537 2033 2590 jus-

198 2595 299 2637 titiae
328 2593 571 2651 principiis,
605 2611 793 2651 quonam
814 2608 939 2653 pacto
964 2610 1107 2655 posset
1137 2599 1207 2639 illa
1233 2613 1422 2654 unquam
1447 2597 1661 2649 deserere,
1695 2610 1742 2640 ut
1771 2599 2035 2641 sanctissima

199 2659 445 2702 debilitetur
469 2658 594 2708 fides,
628 2670 754 2716 atque
786 2660 883 2701 ideo
913 2662 1031 2703 Italia
1062 2663 1105 2704 in
1136 2662 1363 2704 discrimen
1391 2662 1626 2704 adducatur
1653 2663 1875 2705 amittendi
1904 2664 2036 2706 maxi-

200 2741 318 2767 mum
342 2738 464 2765 suum
490 2722 761 2779 splendorem
789 2737 831 2766 et
861 2726 1060 2782 gloriam,
1092 2743 1173 2784 qua
1192 2727 1455 2784 undeviginti
1477 2728 1529 2768 ab
1550 2727 1650 2769 hinc
1668 2729 1829 2770 saeculis
1855 2728 2035 2787 refulget

202 2790 258 2831 ob
279 2799 470 2830 centrum
498 2798 539 2828 et
561 2787 719 2841 sedem,
745 2806 826 2846 qua
845 2803 1031 2847 praestat‚
1056 2792 1272 2833 catholicae
1300 2792 1518 2833 veritatis?
1545 2794 1695 2850 Neque
1722 2794 1848 2849 objici
1876 2805 2030 2852 potest,

200 2856 312 2896 hanc
329 2851 620 2910 Apostolicam
649 2853 800 2894 sedem
827 2854 869 2895 in
897 2856 1024 2897 rebus
1050 2856 1182 2898 civilis
1210 2857 1474 2916 principatus
1500 2858 1659 2899 clausas
1688 2859 1886 2901 habuisse
1913 2874 2034 2901 aures

205 2919 375 2959 illorum
394 2916 768 2975 postulationibus,
794 2919 865 2974 qui
897 2920 1142 2962 liberiorem
1166 2922 1579 2964 administrationem
1599 2935 1802 2981 exoptare
1821 2923 2032 2982 significa-

205 2994 319 3025 runt.
342 2983 401 3023 Ut
423 2993 563 3022 vetera
588 2981 832 3023 omittamus
860 2986 1074 3042 exempla,
1110 2987 1162 3028 de
1194 2988 1272 3029 hac
1301 2999 1444 3030 nostra
1470 2987 1627 3030 infelici
1646 3000 1765 3030 aetate
1794 2989 2029 3046 loquemur.

207 3048 290 3089 Ubi
309 3047 423 3088 enim
443 3046 562 3088 Italia
586 3062 609 3087 a
634 3046 834 3104 legitimis
862 3049 945 3090 suis
973 3051 1242 3110 Principibus
1266 3052 1487 3095 liberiores
1514 3053 1802 3096 institutiones
1831 3051 2030 3103 obtinuit,

256 3209 290 3242 1.
317 3205 428 3252 Epist.
450 3207 497 3241 II.
520 3205 565 3240 ad
590 3205 753 3241 Corinth.
772 3219 803 3241 c.
818 3219 867 3251 VI,
889 3209 944 3252 14,
970 3211 1023 3243 15.
