2135 3442
124 173 199 208 342
742 170 1052 209 ALLOCUTION
1081 171 1145 207 DE
1174 171 1252 207 PIE
1282 171 1353 210 IX.

122 257 269 299 tudine
290 255 470 307 itineris,
498 271 587 297 non
618 256 706 297 ullo
733 257 1111 300 incommodorum
1139 268 1257 299 metu
1280 256 1488 298 retardari
1518 258 1744 315 quominus
1771 260 1964 317 regiones

120 321 330 380 pertingat
346 332 552 362 terra-rum
575 321 787 378 marisque
821 332 958 363 tractu
985 321 1347 378 disjunctissimas,
1373 332 1420 362 ut
1437 320 1631 363 efferatas
1657 322 1716 364 ibi
1746 335 1895 381 gentes
1911 326 1966 368 ad

120 386 446 436 humanitatem,
472 397 513 428 et
532 385 779 428 Christianae
811 386 913 445 legis
940 386 1208 445 disciplinam
1241 386 1463 428 salubriter
1485 386 1690 429 instituat.
1722 388 1966 432 Gaudemus

119 451 277 509 pariter
297 451 465 492 Clerum
504 451 643 509 ipsum
670 450 711 491 in
738 452 963 492 teterrimae
996 451 1076 495 luis
1108 451 1362 504 calamitate,
1387 467 1478 509 quae
1505 462 1569 493 tot
1592 452 1766 510 oppida,
1790 464 1854 495 tot
1881 453 1964 496 fre-

120 515 417 573 quentissimas
436 517 564 557 urbes
577 515 819 566 funestavit,
834 516 942 557 adeo
961 515 1155 558 alacriter
1172 516 1351 558 obivissc
1370 516 1568 574 quaelibet
1582 517 1798 559 charitatis
1809 517 1962 572 officia,

119 592 165 622 ut
185 581 314 623 vitam
338 581 596 639 profundere
619 580 672 621 ad
702 579 880 621 salutem
899 580 1195 639 proximorum
1221 582 1446 640 pulchrum
1468 581 1547 623 sibi
1569 598 1616 623 ac
1636 582 1838 624 decorum
1859 583 1967 626 exis-

118 645 345 688 timaverit.
379 647 478 699 Quo
515 661 615 687 sane
647 656 899 702 argumento
934 645 1068 704 magis
1091 646 1316 700 constabit,
1344 646 1552 688 catholica
1583 647 1627 688 in
1651 647 1852 698 Ecclesia,
1873 664 1966 705 quae

116 710 241 753 unice
261 727 357 752 vera
384 721 460 761 est,
482 709 764 751 inextinctum
785 709 932 752 ardere
946 710 1279 768 pulcherrimum
1297 711 1513 754 charitatis
1529 711 1688 770 ignem,
1702 727 1829 770 quem
1846 712 1967 756 Chri-

116 786 204 817 stus
223 777 338 817 venit
360 775 530 818 mittere
551 774 595 817 in
622 785 783 817 terram
802 786 848 816 ut
881 775 1151 819 accendatur.

171 1027 369 1069 Vidimus
390 1027 504 1069 enim
528 1027 747 1085 religiosas
766 1027 965 1069 mulieres
984 1027 1029 1068 in
1051 1027 1302 1083 adjuvandis
1334 1027 1453 1087 aegris
1486 1045 1581 1070 cum
1612 1029 1736 1071 Clero
1763 1041 1960 1081 certasse,

113 1108 247 1150 neque
273 1092 423 1134 mortis
444 1093 645 1149 adspectu
675 1092 801 1135 fuisse
832 1093 1070 1146 deterritas,
1091 1108 1217 1150 quam
1236 1093 1453 1151 pleneque]
1471 1094 1807 1136 constantissime
1829 1111 1963 1153 oppe—

119 1157 329 1199 tiverunt:
359 1159 476 1213 cujus
516 1157 725 1199 inusitatae
755 1158 1018 1199 fortitudinis
1047 1158 1244 1217 exemplo
1270 1158 1331 1200 illi
1358 1158 1437 1217 ipsi
1467 1159 1746 1218 obstupefacti
1778 1159 1964 1201 admirao

114 1221 229 1264 tione
250 1233 361 1277 sunt,
390 1220 463 1279 qui
487 1239 509 1263 a
536 1222 744 1264 catholica
773 1223 857 1265 fide
887 1223 1156 1265 dissentiunt.

171 1423 246 1463 Est
274 1422 356 1463 hoc
380 1421 517 1464 N0b1s
544 1422 637 1478 jure
656 1422 902 1477 laetandum,
933 1424 1207 1466 Venerabiles
1236 1426 1404 1466 Fratres
1432 1443 1440 1465 ε
1465 1435 1762 1466 verumtamen
1782 1425 1887 1468 illud
1909 1426 1961 1467 ad

113 1486 245 1528 animi
288 1486 433 1528 Nostri
467 1502 610 1529 curam
643 1504 769 1546 grave
806 1500 845 1529 et
877 1490 1093 1541 acerbum,
1124 1489 1381 1546 quibusdam
1410 1489 1453 1531 in
1484 1490 1587 1531 locis
1617 1506 1706 1531 non
1741 1490 1886 1532 deesse
1913 1506 1965 1533 ex

111 1552 234 1594 Clero
256 1552 433 1610 aliquos,
452 1553 522 1609 qui
543 1569 629 1594 non
649 1565 779 1595 semet
800 1553 1034 1596 exhibeant
1051 1554 1095 1595 in
1113 1555 1315 1597 omnibus
1330 1566 1376 1596 ut
1394 1555 1609 1596 ministros
1631 1555 1800 1605 Christi,
1820 1565 1862 1597 et
1879 1555 1964 1598 dis-

109 1628 357 1675 pensatores
378 1618 678 1675 mysteriorum
702 1617 796 1658 Dei.
824 1618 936 1659 Hinc
956 1619 1076 1661 deest
1092 1619 1332 1660 Christiano
1352 1620 1513 1677 populo
1530 1619 1661 1660 divini
1683 1620 1803 1660 verbi
1824 1620 1963 1677 pabu—

108 1681 213 1733 lum,
243 1682 356 1723 unde
377 1682 588 1723 nutriatur
622 1682 676 1723 ad
705 1681 863 1736 vitam,
890 1682 991 1724 hinc
1017 1683 1264 1740 infrequens
1288 1694 1646 1724 sacramentorum
1676 1699 1788 1736 usus,
1810 1683 1963 1741 quibus

108 1756 226 1788 tanta
242 1746 304 1788 vis
324 1746 430 1787 inest
450 1746 503 1787 ad
524 1747 601 1787 Dei
625 1746 804 1803 gratiam
838 1747 905 1788 vel
935 1747 1247 1789 conciliandam
1279 1748 1346 1788 vel
1377 1748 1661 1789 retinendam.
1689 1748 1895 1790 Monendi
1919 1749 1962 1790 hi

110 1811 283 1868 quidem
309 1822 421 1861 sunt,
450 1811 728 1852 Venerabiles
756 1813 940 1861 Fratres,
972 1829 1019 1854 ac
1051 1812 1341 1854 vehementius
1367 1812 1596 1862 excitandi,
1618 1824 1664 1853 ut
1691 1812 1796 1853 sacri
1833 1813 1962 1854 mini-

109 1874 220 1916 sterii
255 1886 396 1932 partes
429 1887 543 1916 recte
574 1891 622 1916 ac
650 1874 831 1917 fideliter
849 1876 1079 1934 explendas
1108 1888 1278 1930 curent,
1307 1876 1489 1917 docendi
1518 1888 1614 1917 sunt
1639 1892 1766 1933 quam
1783 1876 1898 1935 gravi
1919 1892 1963 1918 se

108 1940 230 1997 culpa
253 1939 535 1998 obstringant,
572 1940 645 1996 qui
681 1940 824 1981 messis
858 1942 991 1982 multa
1032 1958 1129 1982 cum
1166 1942 1231 1991 sit,
1268 1941 1462 1982 laborare
1495 1941 1732 1982 detrectent
1771 1941 1815 1982 in
1860 1957 1961 2000 agro

108 2004 298 2046 Domini.
324 2005 536 2045 Hortandi
560 2016 672 2057 sunt,
708 2016 754 2046 ut
775 2016 933 2062 quanta
956 2007 1010 2047 sit
1039 2006 1189 2047 divinae
1218 2007 1375 2047 Hostia]
1401 2006 1534 2047 virtus
1563 2006 1615 2047 ad
1642 2005 1961 2064 propitiandum

108 2070 259 2119 Deum,
285 2080 325 2110 et
343 2068 598 2126 flagitiorum
620 2086 764 2127 poenas
788 2070 1039 2112 avertendas
1054 2070 1297 2128 frequenter
1315 2070 1526 2129 explicent
1543 2070 1755 2125 fidelibus,
1772 2070 1961 2112 utiidem

108 2134 276 2176 salutari
299 2134 434 2176 Missa>
469 2135 674 2176 sacrificio
697 2135 893 2193 religiose
920 2135 1080 2188 adesse,
1103 2136 1339 2192 uberesque
1368 2151 1420 2177 ex
1444 2136 1516 2176 illo
1554 2136 1714 2176 fructus
1741 2135 1961 2193 percipere

108 2199 320 2240 studeant.
333 2200 441 2241 Sane
457 2199 632 2256 quidem
652 2199 937 2258 promptiores
954 2200 1108 2242 alicubi
1128 2199 1271 2242 fideles
1285 2211 1423 2241 essent
1446 2201 1495 2241 ad
1517 2199 1684 2258 pietatis
1706 2211 1823 2241 actus
1843 2215 1962 2241 exer-

109 2263 280 2312 cendos,
300 2262 333 2303 si
355 2265 673 2306 vehementiora
693 2266 904 2306 haberent
928 2281 950 2306 a
974 2265 1096 2307 Clero
1123 2277 1164 2306 et
1184 2265 1460 2307 incitamenta
1486 2276 1527 2307 et
1553 2264 1764 2323 pra‘sidia.
1796 2264 1960 2308 Videtis

108 2328 226 2378 binc,
253 2328 525 2370 Venerabiles
546 2330 726 2381 Fratres,
755 2330 809 2371 ad
830 2330 1140 2388 comparandos
1167 2330 1344 2372 idoneos
1366 2330 1586 2371 ministros
1616 2329 1769 2370 Christi
1803 2340 1960 2388 quanta

111 2392 163 2434 sit
181 2392 510 2434 Seminariorum
531 2394 754 2436 necessitas
780 2406 821 2436 et
848 2395 1168 2453 opportunitas,
1199 2395 1242 2436 in
1262 2397 1412 2453 quibus
1435 2393 1705 2435 moderandis
1721 2411 1807 2435 non
1827 2394 1959 2436 civilis

110 2457 342 2515 potestatiS,
375 2458 449 2499 sed
478 2459 794 2518 Episcoporum‘
815 2460 1036 2502 dumtaxat
1059 2460 1213 2503 versari
1242 2461 1369 2502 debet
1387 2476 1485 2501 cura
1511 2470 1549 2500 et
1570 2459 1790 2500 industria.
1818 2459 1957 2500 Colle-

110 2533 199 2563 ctos
220 2522 278 2562 ibi
313 2524 485 2577 juvenes
514 2523 557 2564 in
592 2541 707 2582 spem
732 2524 966 2582 Religionis
1001 2536 1308 2567 succrescentes
1330 2524 1382 2565 ad
1401 2524 1604 2582 pietatem
1636 2524 1958 2581 doctrinamque

110 2586 258 2627 sedulo
288 2586 543 2633 informetis,
583 2600 630 2629 ut
665 2589 821 2646 duplici
862 2590 977 2647 quasi
1018 2590 1208 2631 instructi
1237 2590 1378 2648 gladio
1410 2589 1512 2630 boni
1544 2589 1646 2630 olim
1676 2589 1832 2631 milites
1863 2604 1952 2630 esse

111 2662 270 2708 queant
290 2651 341 2692 ad
357 2652 588 2710 praeliaiida
610 2654 751 2710 praelia
772 2655 960 2695 Domini.
986 2657 1095 2696 Tum
1118 2655 1161 2695 in
1185 2654 1450 2712 theologicis,
1472 2666 1560 2695 tum
1578 2671 1678 2696 vero
1699 2654 1744 2695 in
1766 2654 1954 2713 philoso-

110 2715 244 2773 phicis
264 2716 389 2758 etiam
411 2716 640 2774 disciplinis
654 2720 844 2775 probata¹
861 2719 958 2760 {idei
983 2719 1204 2777 scriptores
1222 2718 1377 2760 eisdem
1402 2719 1667 2778 proponatis,
1693 2735 1747 2761 ne
1772 2735 1855 2778 qua
1870 2717 1955 2760 im-

110 2781 295 2823 buantur
311 2781 512 2840 opinione
530 2782 748 2824 catholicae
767 2783 969 2826 doctrinae
989 2783 1129 2825 minus
1148 2794 1449 2826 consentanea.

170 3019 230 3059 Ita
256 3018 429 3076 quidem
451 3017 646 3060 Ecclesiae
674 3018 791 3059 bono
827 3031 870 3060 et
889 3019 1153 3062 incremento
1186 3021 1427 3061 consultum
1454 3036 1532 3078 per
1564 3035 1639 3062 vos
1674 3019 1769 3073 erit,
1806 3019 1949 3061 Vene-

111 3082 266 3124 rabiles
284 3085 468 3127 Fratres.
490 3084 585 3136 Quo
606 3099 707 3125 vero
731 3096 933 3141 susceptae
951 3102 1029 3142 pro
1063 3085 1249 3127 Ecclesia
1273 3102 1381 3127 curae
1409 3084 1740 3128 secundissimos
1763 3084 1948 3126 habeant

111 3147 261 3199 exitus,
296 3164 460 3190 summa
491 3158 604 3190 extet
641 3148 871 3190 concordia
901 3166 1007 3207 opus
1030 3162 1092 3192 est
1118 3166 1427 3208 consensusque
1459 3151 1718 3201 animorum,
1737 3150 1947 3205 longeque

112 3211 282 3256 dissidia
309 3214 507 3270 quaelibet
528 3214 856 3273 prohibeantur,
882 3230 974 3273 quae
1004 3216 1172 3259 solvunt
1195 3215 1409 3258 charitatis
1439 3215 1668 3266 vinculum,
1695 3227 1870 3271 quaeque
1885 3210 1948 3252 fo-
