2135 3442
178 134 251 171 438
782 137 1100 176 ALLOCUTION
1128 142 1195 177 DE
1223 142 1303 177 PIE
1333 142 1402 179 IX.

174 222 263 263 Nos
290 232 514 279 paternum
547 222 735 264 animum
765 236 959 281 gerentes
987 226 1171 269 filiorum
1198 239 1364 285 partem
1389 228 1621 270 Pontifieiae
1646 230 1809 272 Nostrae
1835 232 2008 276 ditionis

178 285 220 326 in
241 286 406 328 civilem
442 287 853 330 administrationem
884 291 1195 348 cooptavimus,
1231 304 1272 334 et
1308 304 1574 351 opportunas
1606 293 1801 336 dedimus
1831 311 2006 340 conces-

177 350 331 396 siones,
358 351 543 409 propriis
569 363 708 393 tamen
729 354 967 411 prudentia*
997 356 1134 397 modis
1155 357 1387 407 ordinatas,
1414 373 1466 398 ne
1488 373 1642 399 munus
1667 370 1846 416 paterno
1867 362 2008 404 animo

176 431 421 457 concessum
450 433 526 475 per
545 417 755 458 malorum
781 418 1002 460 hominum
1031 436 1203 478 operam
1231 438 1396 463 veneno
1429 422 1684 465 inficeretur.
1708 426 1764 465 At
1783 441 1882 468 vero
1909 427 2010 484 quid

178 479 277 522 inde
297 480 454 522 sactum
476 482 564 523 est?
584 481 753 523 Effrena
776 482 945 525 licentia
966 483 1147 527 innocua
1169 487 1325 528 Nostra
1346 487 1540 545 largitate
1560 488 1696 546 potita
1714 501 1792 539 est,
1814 501 1855 531 et
1872 491 2006 543 Aulae,

178 560 261 601 quo
283 546 441 603 publici
471 546 656 589 Ministri
676 563 723 588 ac
743 547 943 604 Deputati
974 563 1282 602 convenerant,
1318 552 1465 593 limina
1495 553 1699 610 sanguine
1728 570 1938 613 respersa,
1971 567 2012 598 et

177 609 305 668 impia
331 627 482 653 manus
507 611 551 652 in
579 628 676 653 eum
698 611 900 669 sacrilege
923 628 1124 656 conversa
1145 617 1217 673 qui
1242 617 1498 658 beneficium
1525 629 1805 661 concesserat.
1830 621 1959 674 Quod
1979 621 2012 663 si

175 675 473 717 recentissimis
512 676 624 718 hisce
654 677 918 734 temporibus
951 679 1126 720 consilia
1157 680 1267 723 circa
1303 682 1469 724 civilem
1505 683 1849 740 procurationem
1877 684 2013 728 Nobis

176 738 272 780 data
294 739 482 790 fuerunt,
506 741 617 782 haud
641 740 860 798 ignoratiS,
881 743 1156 786 Venerabiles
1173 747 1355 798 Fratres,
1378 746 1448 788 illa
1468 763 1490 788 a
1510 747 1644 790 Nobis
1666 747 1848 791 admissa
1865 749 2009 801 fuisse,

178 818 228 844 eo
258 815 402 847 tamen
431 817 604 863 excepto
625 821 672 846 ac
701 807 875 862 rejecto,
904 807 1019 864 quod
1039 825 1127 850 non
1151 810 1204 851 ad
1227 811 1393 853 civilem
1425 812 1841 856 administrationem
1875 813 2014 873 respi-

177 867 330 919 ciebat,
363 870 437 912 sed
477 887 527 912 eo
558 871 791 928 spectabat,
818 883 864 912 ut
902 872 1165 930 spoliationis
1202 876 1315 932 parti
1345 878 1436 932 jam
1474 889 1651 935 patratae
1691 879 2010 921 assentiremur.

177 932 294 975 Nihil
312 950 412 976 vero
443 947 506 976 est
537 951 611 976 cur
638 935 692 977 de
719 936 906 978 consiliis
935 938 1044 979 bene
1067 941 1270 997 acceptis,
1300 941 1436 998 deque
1461 942 1629 984 Nostris
1656 942 1828 985 sinceris
1859 943 1913 985 ad
1944 943 2013 985 illa

178 1000 444 1056 exsequenda
464 1000 685 1058 promissis
711 1001 954 1059 loquamur,
988 1019 1082 1044 curn
1120 1005 1447 1063 usurpationum
1472 1007 1769 1050 moderatores
1801 1009 1883 1050 alta
1910 1024 2014 1050 voce

177 1063 497 1120 profiterentur,
539 1081 583 1107 se
626 1081 714 1106 non
751 1066 927 1123 quidem
960 1068 1309 1121 reformationes,
1342 1071 1417 1113 sed
1453 1073 1692 1114 absolutam
1733 1073 2015 1115 rebellionem

179 1144 433 1187 omnemque
463 1146 486 1171 a
519 1130 711 1188 legitimo
738 1131 935 1190 Principe
955 1134 1262 1188 sejunctionem
1285 1135 1460 1178 omnino
1489 1137 1610 1179 velle.
1632 1140 1773 1194 Atque
1795 1138 1875 1196 ipsi
1895 1148 2018 1180 erant

179 1193 411 1251 gravissimi
445 1195 642 1237 facinoris
674 1207 869 1239 auctores
899 1208 939 1238 et
970 1198 1249 1258 antesignani,
1274 1200 1346 1258 qui
1373 1200 1458 1242 suis
1487 1201 1742 1245 clamoribus
1770 1203 1913 1245 omnia
1945 1220 2013 1245 re-

177 1258 373 1315 plebant,
398 1276 484 1301 non
517 1277 617 1302 vero
645 1262 850 1320 populus,
880 1274 927 1304 ut
957 1262 1008 1305 de
1039 1263 1121 1305 illis
1153 1265 1306 1307 merito
1337 1265 1420 1307 dici
1447 1267 1580 1324 possit
1612 1268 1728 1324 quod
1752 1268 2018 1310 Venerabilis

177 1323 289 1364 Beda
321 1323 372 1365 de
393 1325 615 1367 Pharisaeis
641 1337 682 1368 et
713 1327 870 1369 Scribis
897 1328 1053 1370 Christi
1082 1329 1264 1372 inimicis
1287 1329 1453 1373 aiebat¹
1482 1350 1490 1372 :
1522 1354 1539 1368 «
1567 1332 1665 1374 Non
1689 1332 1777 1374 haec
1806 1331 1936 1390 aliqui
1966 1332 2018 1375 de

181 1408 197 1423 «
219 1391 359 1440 turba,
382 1391 456 1432 sed
478 1391 677 1433 Pharisaei
697 1391 1066 1436 calumniabantur
1087 1406 1130 1438 et
1149 1396 1320 1447 Scribae,
1335 1396 1443 1439 sicut
1458 1397 1736 1455 Evangelistae
1756 1408 2012 1440 testantur.»

237 1524 319 1565 Sed
343 1524 524 1566 Romani
544 1526 818 1569 Pontificatus
847 1528 1112 1586 oppugnatio
1131 1546 1220 1571 non
1241 1531 1379 1573 solum
1403 1547 1453 1573 eo
1480 1542 1641 1589 spectat
1657 1565 1665 1581 ,
1687 1542 1733 1572 ut
1752 1531 1841 1570 haec
1866 1530 2017 1571 Sancta

182 1589 312 1630 Sedes
343 1600 384 1630 et
413 1592 631 1633 Romanus
663 1592 857 1634 Pontifex
886 1593 1075 1650 legitimo
1101 1611 1176 1636 suo
1198 1595 1306 1637 civili
1335 1596 1575 1654 principatu
1607 1594 1784 1635 omnino
1810 1594 2015 1652 privetur,

181 1653 256 1695 sed
279 1669 329 1695 eo
350 1654 477 1696 etiam
504 1655 662 1707 tendit,
685 1668 732 1698 ut
754 1657 1017 1708 infirmetur,
1041 1670 1102 1709 et,
1130 1660 1164 1701 si
1194 1660 1284 1702 fieri
1305 1675 1494 1717 unquam
1516 1669 1676 1716 posset,
1700 1658 1824 1715 plane
1845 1658 2020 1701 tollatur

185 1718 377 1759 salutaris
409 1720 625 1761 catholicae
654 1720 869 1779 religionis
892 1721 1050 1776 virtus3
1085 1740 1132 1765 ac
1155 1736 1384 1782 propterea
1409 1722 1576 1780 impetit
1608 1723 1687 1764 Dei
1720 1722 1851 1781 ipsius
1884 1739 2014 1781 opus,

180 1782 490 1841 redemptionis
515 1785 725 1837 fructum,
762 1797 804 1827 et
833 1786 1140 1829 sanctissimam
1169 1788 1284 1828 illam
1316 1787 1464 1838 fidem,
1498 1803 1589 1845 quae
1622 1787 1927 1846 pretiosissima
1958 1799 2021 1830 est

182 1848 405 1890 haereditas
433 1851 475 1891 in
506 1866 585 1891 nos
613 1851 800 1893 derivata
833 1867 884 1892 ex
904 1851 1110 1893 ineffabili
1131 1852 1348 1903 sacrificio,
1376 1853 1490 1910 quod
1515 1852 1558 1893 in
1582 1852 1796 1910 Golgotha
1823 1867 2021 1893 consum-

181 1924 344 1953 matum
370 1925 449 1955 est.
473 1916 614 1972 Atque
646 1915 702 1957 ita
732 1932 775 1956 se
808 1931 899 1956 rem
920 1915 1078 1957 habere
1100 1916 1199 1958 satis
1223 1933 1433 1975 superque
1453 1916 1751 1958 demonstrant
1785 1927 1876 1957 tum
1902 1932 2021 1958 com-

179 1988 414 2018 memorata
447 1980 536 2034 jam
562 1979 692 2030 facta,
729 1990 820 2020 tum
846 1995 894 2020 ea
921 1995 1012 2036 quae
1045 1981 1089 2022 in
1122 1981 1210 2023 dies
1244 1981 1410 2024 evenire
1443 1982 1649 2023 videmus.
1685 1983 1800 2035 Quot
1833 1980 1947 2022 enim
1978 1980 2023 2022 in

181 2040 300 2083 ltalia
331 2041 540 2084 Diceceses
568 2045 623 2084 ob
654 2043 769 2085 illata
805 2044 1110 2102 impedimenta
1142 2045 1227 2088 suis
1257 2046 1479 2104 Episcopis
1509 2046 1690 2101 orbatae,
1722 2044 2022 2104 plaudentibus

184 2106 398 2148 modernae
420 2107 628 2150 civilitatis
651 2111 860 2166 patronis,
885 2109 954 2166 qui
976 2121 1037 2152 tot
1055 2110 1310 2153 christianos
1329 2112 1512 2169 populos
1532 2111 1620 2153 sine
1641 2110 1882 2169 pastoribus
1902 2108 2024 2151 dere-

183 2171 400 2227 linquunt,
432 2184 473 2213 et
491 2173 662 2215 illorum
683 2173 807 2215 bonis
832 2174 1074 2231 potiuntur,
1096 2187 1142 2217 ut
1163 2192 1211 2217 ea
1232 2176 1274 2217 in
1296 2192 1452 2234 pravos
1473 2176 1600 2217 etiam
1622 2191 1722 2217 usus
1747 2175 2021 2216 convertant!

183 2237 297 2289 Quot
319 2252 536 2279 sacrorum
568 2238 790 2280 Antistites
820 2238 861 2279 in
896 2239 1022 2281 exilio
1049 2243 1300 2281 versantur!
1334 2242 1449 2293 Quot
1479 2242 1592 2297 (cum
1627 2238 1865 2281 incredibili
1895 2237 2025 2280 animi

184 2299 328 2342 Nostri
353 2301 500 2343 dolore
521 2302 714 2360 dicimus)
738 2315 960 2361 apostatae,
986 2304 1058 2362 qui
1081 2321 1168 2346 non
1189 2305 1267 2347 Dei
1289 2305 1363 2346 scd
1389 2306 1552 2346 Satanae
1583 2304 1756 2346 nomine
1783 2305 2022 2361 loquentes,

186 2381 234 2406 ac
256 2364 509 2422 impunitate
540 2367 642 2424 ipsis
665 2385 688 2410 a
723 2368 841 2409 fatali
865 2369 1085 2426 regiminis
1116 2381 1346 2427 systemate
1382 2385 1583 2411 concessa
1612 2369 1810 2421 fidentes,
1842 2379 1883 2410 et
1920 2383 2025 2410 con-

187 2428 381 2471 scientias
401 2431 629 2488 exagitant,
653 2444 695 2473 et
714 2433 908 2475 infirmos
927 2434 982 2475 ad
999 2434 1364 2492 praevaricandum
1384 2433 1624 2491 impellunt,
1650 2445 1691 2475 et
1711 2434 1864 2476 misere
1882 2432 2024 2490 lapsos

186 2494 227 2535 in
249 2493 503 2552 turpissimis
524 2496 762 2554 quibusque
784 2498 990 2540 doctrinis
1014 2499 1261 2548 obfirmant,
1289 2509 1331 2540 et
1349 2497 1508 2539 Christi
1530 2510 1691 2539 vestem
1709 2499 1895 2539 lacerare
1916 2511 2022 2537 con-

187 2558 382 2610 tendunt,
406 2575 501 2600 cuin
525 2560 699 2603 minime
718 2561 1002 2605 reformident
1020 2563 1285 2613 Nationales,
1309 2562 1369 2604 uti
1389 2562 1550 2616 dicunt,
1586 2562 1810 2614 Ecclesias,
1835 2560 2023 2617 aliasque

186 2623 230 2665 id
250 2639 383 2681 genus
404 2623 642 2681 impietates
665 2643 907 2684 proponere
926 2644 973 2669 ac
997 2628 1196 2670 suadere!
1215 2629 1446 2685 Postquam
1461 2644 1562 2668 vero
1583 2627 1642 2668 ita
1668 2626 1866 2685 religioni
1885 2623 2019 2695 insul-

188 2688 387 2738 taverint,
413 2704 542 2745 quam
569 2706 647 2746 per
670 2691 931 2748 hypocrisim
951 2692 1132 2734 invitant
1154 2703 1201 2734 ut
1220 2708 1316 2734 cum
1337 2691 1544 2733 hodierna
1565 2692 1765 2733 civilitate
1784 2698 2019 2739 conveniat,

186 2769 275 2795 non
295 2752 492 2794 dubitant
522 2754 615 2811 pari
635 2770 732 2796 cum
763 2756 977 2814 hypocrisi
1005 2758 1093 2798 Nos
1117 2757 1302 2798 excitare
1332 2767 1378 2797 ut
1408 2773 1505 2798 cum
1531 2757 1652 2798 Italia
1680 2755 2018 2822 reconciliemur.

187 2818 368 2868 Scilicet,
392 2833 490 2858 cum
513 2817 629 2858 omni
652 2819 738 2861 fere
761 2820 872 2862 civili
899 2822 1057 2863 Nostro
1083 2821 1322 2879 principatu
1351 2821 1518 2879 spoliati
1539 2821 1785 2879 gravissima
1803 2817 2021 2863 Pontificls

188 2894 229 2924 et
250 2882 457 2940 Principis
478 2898 608 2923 onera
632 2883 912 2927 sustineamus
942 2886 1022 2944 piis
1049 2886 1275 2927 Catholicae
1302 2886 1498 2928 Ecclesiae
1523 2886 1707 2928 filiorum
1725 2882 2020 2944 largitionibus

188 2947 378 3004 quotidie
407 2946 693 2989 amantissime
724 2948 777 2988 ad
806 2950 894 2991 Nos
924 2950 1076 3002 missis,
1108 2966 1287 3008 cumque
1312 2950 1442 3008 gratis
1470 2951 1637 2993 invidiae
1667 2962 1709 2993 et
1735 2951 1821 2993 odii
1853 2950 2015 3014 signufn

193 3011 288 3054 facti
309 3012 437 3054 simus
469 3028 619 3054 eorum
646 3011 835 3071 ipsorum
867 3030 1019 3072 opera,
1045 3016 1113 3073 qui
1137 3015 1480 3058 conciliationem
1509 3032 1532 3058 a
1551 3015 1687 3058 Nobis
1706 3016 1944 3074 postulant3
1974 3006 2016 3048 ld

238 3174 267 3205 1.
294 3170 375 3206 Lib.
396 3172 426 3214 I,
449 3183 478 3206 c.
498 3183 619 3212 XLVIII,
634 3170 669 3203 in
688 3182 717 3206 c.
741 3183 790 3212 Χι,
810 3171 925 3206 Lucae.
