<?xml version="1.0" encoding="UTF-8"?>
<!DOCTYPE html PUBLIC "-//W3C//DTD XHTML 1.0 Transitional//EN"
    "http://www.w3.org/TR/xhtml1/DTD/xhtml1-transitional.dtd">
<html xmlns="http://www.w3.org/1999/xhtml" xml:lang="en" lang="en">
 <head>
  <title>
</title>
<meta http-equiv="Content-Type" content="text/html;charset=utf-8" />
  <meta name='ocr-system' content='tesseract 3.04.00' />
  <meta name='ocr-capabilities' content='ocr_page ocr_carea ocr_par ocr_line ocrx_word'/>
</head>
<body>
  <div class='ocr_page' id='page_1' title='image "./recueildesallocu00cath_0390.png"; bbox 0 0 2135 3442; ppageno 0'>
   <div class='ocr_carea' id='block_1_1' title="bbox 180 151 1339 191">
    <p class='ocr_par' dir='ltr' id='par_1_1' title="bbox 180 151 1339 191">
     <span class='ocr_line' id='line_1_1' title="bbox 180 151 1339 191; baseline -0.001 -1"><span class='ocrx_word' id='word_1_1' title='bbox 180 154 253 191; x_wconf 83' lang='lat'><strong>378</strong></span> <span class='ocrx_word' id='word_1_2' title='bbox 853 152 1037 187; x_wconf 84' lang='lat' dir='ltr'>LETTRE</span> <span class='ocrx_word' id='word_1_3' title='bbox 1066 151 1130 187; x_wconf 89' lang='lat' dir='ltr'><strong>DE</strong></span> <span class='ocrx_word' id='word_1_4' title='bbox 1162 151 1242 186; x_wconf 85' lang='lat' dir='ltr'><strong>PIE</strong></span> <span class='ocrx_word' id='word_1_5' title='bbox 1268 151 1339 189; x_wconf 89' lang='lat' dir='ltr'><strong>IX.</strong></span> 
     </span>
    </p>
   </div>
   <div class='ocr_carea' id='block_1_2' title="bbox 170 235 2018 2946">
    <p class='ocr_par' dir='ltr' id='par_1_2' title="bbox 175 235 2015 1202">
     <span class='ocr_line' id='line_1_2' title="bbox 176 235 2006 299; baseline 0.001 -18"><span class='ocrx_word' id='word_1_6' title='bbox 176 239 455 299; x_wconf 72' lang='lat' dir='ltr'><strong>potestatibus</strong></span> <span class='ocrx_word' id='word_1_7' title='bbox 466 237 623 280; x_wconf 90' lang='lat' dir='ltr'><strong>subditi</strong></span> <span class='ocrx_word' id='word_1_8' title='bbox 643 238 788 295; x_wconf 54' lang='lat' dir='ltr'><strong>essesset</strong></span> <span class='ocrx_word' id='word_1_9' title='bbox 801 237 974 280; x_wconf 87' lang='lat' dir='ltr'><strong>obedire</strong></span> <span class='ocrx_word' id='word_1_10' title='bbox 996 238 1154 280; x_wconf 89' lang='lat' dir='ltr'><strong>debent</strong></span> <span class='ocrx_word' id='word_1_11' title='bbox 1173 238 1214 279; x_wconf 89' lang='lat' dir='ltr'><strong>in</strong></span> <span class='ocrx_word' id='word_1_12' title='bbox 1234 237 1280 278; x_wconf 85' lang='lat' dir='ltr'><strong>iis</strong></span> <span class='ocrx_word' id='word_1_13' title='bbox 1301 235 1516 291; x_wconf 88' lang='lat' dir='ltr'><strong>omnibus,</strong></span> <span class='ocrx_word' id='word_1_14' title='bbox 1537 252 1628 293; x_wconf 82' lang='lat' dir='ltr'><strong>quae</strong></span> <span class='ocrx_word' id='word_1_15' title='bbox 1646 237 1738 291; x_wconf 90' lang='lat' dir='ltr'><strong>Dei,</strong></span> <span class='ocrx_word' id='word_1_16' title='bbox 1757 248 1798 278; x_wconf 91' lang='lat' dir='ltr'><strong>et</strong></span> <span class='ocrx_word' id='word_1_17' title='bbox 1816 239 2006 281; x_wconf 78' lang='lat' dir='ltr'><strong>Ecclesiae</strong></span> 
     </span>
     <span class='ocr_line' id='line_1_3' title="bbox 178 300 2009 363; baseline -0.001 -17"><span class='ocrx_word' id='word_1_18' title='bbox 178 304 338 363; x_wconf 87' lang='lat' dir='ltr'><strong>legibus</strong></span> <span class='ocrx_word' id='word_1_19' title='bbox 351 302 524 344; x_wconf 90' lang='lat' dir='ltr'><strong>minime</strong></span> <span class='ocrx_word' id='word_1_20' title='bbox 542 302 835 344; x_wconf 84' lang='lat' dir='ltr'><strong>adversantur.</strong></span> <span class='ocrx_word' id='word_1_21' title='bbox 859 303 1028 360; x_wconf 88' lang='lat' dir='ltr'><strong>Pergite</strong></span> <span class='ocrx_word' id='word_1_22' title='bbox 1039 318 1156 354; x_wconf 89' lang='lat' dir='ltr'><strong>vero,</strong></span> <span class='ocrx_word' id='word_1_23' title='bbox 1170 313 1215 343; x_wconf 93' lang='lat' dir='ltr'><strong>ut</strong></span> <span class='ocrx_word' id='word_1_24' title='bbox 1229 300 1376 352; x_wconf 86' lang='lat' dir='ltr'><strong>facitis,</strong></span> <span class='ocrx_word' id='word_1_25' title='bbox 1396 317 1493 342; x_wconf 90' lang='lat' dir='ltr'><strong>cum</strong></span> <span class='ocrx_word' id='word_1_26' title='bbox 1508 316 1671 347; x_wconf 87' lang='lat' dir='ltr'><strong>summa</strong></span> <span class='ocrx_word' id='word_1_27' title='bbox 1689 301 2009 346; x_wconf 88' lang='lat' dir='ltr'><strong>vestrinominis</strong></span> 
     </span>
     <span class='ocr_line' id='line_1_4' title="bbox 176 366 2010 420; baseline -0.001 -9"><span class='ocrx_word' id='word_1_28' title='bbox 176 369 316 420; x_wconf 88' lang='lat' dir='ltr'><strong>laude,</strong></span> <span class='ocrx_word' id='word_1_29' title='bbox 340 368 492 410; x_wconf 90' lang='lat' dir='ltr'><strong>Dilecti</strong></span> <span class='ocrx_word' id='word_1_30' title='bbox 517 368 608 409; x_wconf 91' lang='lat' dir='ltr'><strong>Filii</strong></span> <span class='ocrx_word' id='word_1_31' title='bbox 632 368 789 418; x_wconf 82' lang='lat' dir='ltr'><strong>Nostri,</strong></span> <span class='ocrx_word' id='word_1_32' title='bbox 814 383 862 409; x_wconf 87' lang='lat' dir='ltr'><strong>ac</strong></span> <span class='ocrx_word' id='word_1_33' title='bbox 883 367 1156 409; x_wconf 85' lang='lat' dir='ltr'><strong>Vcnerabiles</strong></span> <span class='ocrx_word' id='word_1_34' title='bbox 1179 368 1364 419; x_wconf 79' lang='lat' dir='ltr'><strong>Fratres,</strong></span> <span class='ocrx_word' id='word_1_35' title='bbox 1385 377 1624 407; x_wconf 84' lang='lat' dir='ltr'><strong>accuratam</strong></span> <span class='ocrx_word' id='word_1_36' title='bbox 1646 376 1880 407; x_wconf 87' lang='lat' dir='ltr'><strong>vestrarum</strong></span> <span class='ocrx_word' id='word_1_37' title='bbox 1899 366 2010 410; x_wconf 87' lang='lat' dir='ltr'><strong>Dioe-</strong></span> 
     </span>
     <span class='ocr_line' id='line_1_5' title="bbox 176 430 2010 489; baseline -0.002 -14"><span class='ocrx_word' id='word_1_38' title='bbox 176 433 331 476; x_wconf 89' lang='lat' dir='ltr'><strong>cesium</strong></span> <span class='ocrx_word' id='word_1_39' title='bbox 350 433 599 474; x_wconf 80' lang='lat' dir='ltr'><strong>relationem</strong></span> <span class='ocrx_word' id='word_1_40' title='bbox 629 432 795 474; x_wconf 84' lang='lat' dir='ltr'><strong>statutis</strong></span> <span class='ocrx_word' id='word_1_41' title='bbox 818 432 1080 489; x_wconf 83' lang='lat' dir='ltr'><strong>temporibus</strong></span> <span class='ocrx_word' id='word_1_42' title='bbox 1103 431 1158 473; x_wconf 88' lang='lat' dir='ltr'><strong>ad</strong></span> <span class='ocrx_word' id='word_1_43' title='bbox 1189 432 1390 473; x_wconf 82' lang='lat' dir='ltr'><strong>Nostram</strong></span> <span class='ocrx_word' id='word_1_44' title='bbox 1419 430 1595 472; x_wconf 91' lang='lat' dir='ltr'><strong>Concilii</strong></span> <span class='ocrx_word' id='word_1_45' title='bbox 1629 430 2010 489; x_wconf 87' lang='lat' dir='ltr'><strong>Congregationem</strong></span> 
     </span>
     <span class='ocr_line' id='line_1_6' title="bbox 175 494 2010 553; baseline -0.001 -14"><span class='ocrx_word' id='word_1_46' title='bbox 175 497 358 549; x_wconf 88' lang='lat' dir='ltr'><strong>mittere,</strong></span> <span class='ocrx_word' id='word_1_47' title='bbox 388 514 435 539; x_wconf 89' lang='lat' dir='ltr'><strong>ac</strong></span> <span class='ocrx_word' id='word_1_48' title='bbox 461 498 548 539; x_wconf 87' lang='lat' dir='ltr'><strong>Nos</strong></span> <span class='ocrx_word' id='word_1_49' title='bbox 570 496 621 538; x_wconf 89' lang='lat' dir='ltr'><strong>de</strong></span> <span class='ocrx_word' id='word_1_50' title='bbox 642 497 767 539; x_wconf 90' lang='lat' dir='ltr'><strong>rebus</strong></span> <span class='ocrx_word' id='word_1_51' title='bbox 788 496 842 537; x_wconf 90' lang='lat' dir='ltr'><strong>ad</strong></span> <span class='ocrx_word' id='word_1_52' title='bbox 862 496 971 553; x_wconf 89' lang='lat' dir='ltr'><strong>ipsas</strong></span> <span class='ocrx_word' id='word_1_53' title='bbox 990 496 1199 539; x_wconf 87' lang='lat' dir='ltr'><strong>Dioeceses</strong></span> <span class='ocrx_word' id='word_1_54' title='bbox 1223 494 1532 553; x_wconf 88' lang='lat' dir='ltr'><strong>pertinentibus</strong></span> <span class='ocrx_word' id='word_1_55' title='bbox 1561 494 1784 552; x_wconf 87' lang='lat' dir='ltr'><strong>diligenter</strong></span> <span class='ocrx_word' id='word_1_56' title='bbox 1815 495 2010 538; x_wconf 85' lang='lat' dir='ltr'><strong>certiores</strong></span> 
     </span>
     <span class='ocr_line' id='line_1_7' title="bbox 176 559 2011 618; baseline -0.001 -14"><span class='ocrx_word' id='word_1_57' title='bbox 176 563 327 613; x_wconf 87' lang='lat' dir='ltr'><strong>facere,</strong></span> <span class='ocrx_word' id='word_1_58' title='bbox 357 573 402 603; x_wconf 90' lang='lat' dir='ltr'><strong>ut</strong></span> <span class='ocrx_word' id='word_1_59' title='bbox 420 562 570 603; x_wconf 89' lang='lat' dir='ltr'><strong>maiori</strong></span> <span class='ocrx_word' id='word_1_60' title='bbox 594 577 690 603; x_wconf 91' lang='lat' dir='ltr'><strong>cum</strong></span> <span class='ocrx_word' id='word_1_61' title='bbox 717 571 879 611; x_wconf 83' lang='lat' dir='ltr'><strong>vestrae,</strong></span> <span class='ocrx_word' id='word_1_62' title='bbox 911 572 1004 601; x_wconf 91' lang='lat' dir='ltr'><strong>tum</strong></span> <span class='ocrx_word' id='word_1_63' title='bbox 1029 560 1277 602; x_wconf 83' lang='lat' dir='ltr'><strong>earumdem</strong></span> <span class='ocrx_word' id='word_1_64' title='bbox 1310 559 1562 601; x_wconf 82' lang='lat' dir='ltr'><strong>Dioecesium</strong></span> <span class='ocrx_word' id='word_1_65' title='bbox 1588 559 1757 601; x_wconf 84' lang='lat' dir='ltr'><strong>utilitati</strong></span> <span class='ocrx_word' id='word_1_66' title='bbox 1786 559 2011 618; x_wconf 87' lang='lat' dir='ltr'><strong>providere</strong></span> 
     </span>
     <span class='ocr_line' id='line_1_8' title="bbox 175 623 2012 685; baseline -0.002 -16"><span class='ocrx_word' id='word_1_67' title='bbox 175 627 397 685; x_wconf 83' lang='lat' dir='ltr'><strong>possimus.</strong></span> <span class='ocrx_word' id='word_1_68' title='bbox 423 626 556 667; x_wconf 87' lang='lat' dir='ltr'><strong>Nobis</strong></span> <span class='ocrx_word' id='word_1_69' title='bbox 573 637 714 667; x_wconf 86' lang='lat' dir='ltr'><strong>autem</strong></span> <span class='ocrx_word' id='word_1_70' title='bbox 734 624 918 666; x_wconf 89' lang='lat' dir='ltr'><strong>innotuit</strong></span> <span class='ocrx_word' id='word_1_71' title='bbox 937 625 980 665; x_wconf 89' lang='lat' dir='ltr'><strong>in</strong></span> <span class='ocrx_word' id='word_1_72' title='bbox 1003 625 1256 682; x_wconf 89' lang='lat' dir='ltr'><strong>quibusdam</strong></span> <span class='ocrx_word' id='word_1_73' title='bbox 1277 623 1507 682; x_wconf 84' lang='lat' dir='ltr'><strong>germanici</strong></span> <span class='ocrx_word' id='word_1_74' title='bbox 1535 624 1735 665; x_wconf 88' lang='lat' dir='ltr'><strong>territorii</strong></span> <span class='ocrx_word' id='word_1_75' title='bbox 1754 624 2012 666; x_wconf 84' lang='lat' dir='ltr'><strong>Dioecesibus</strong></span> 
     </span>
     <span class='ocr_line' id='line_1_9' title="bbox 175 689 2009 749; baseline -0.002 -15"><span class='ocrx_word' id='word_1_76' title='bbox 175 692 334 749; x_wconf 84' lang='lat' dir='ltr'><strong>aliquas</strong></span> <span class='ocrx_word' id='word_1_77' title='bbox 360 691 468 732; x_wconf 86' lang='lat' dir='ltr'><strong>circa</strong></span> <span class='ocrx_word' id='word_1_78' title='bbox 500 690 796 748; x_wconf 87' lang='lat' dir='ltr'><strong>parochiarum</strong></span> <span class='ocrx_word' id='word_1_79' title='bbox 829 689 1095 747; x_wconf 88' lang='lat' dir='ltr'><strong>potissimum</strong></span> <span class='ocrx_word' id='word_1_80' title='bbox 1118 690 1390 732; x_wconf 88' lang='lat' dir='ltr'><strong>collationem</strong></span> <span class='ocrx_word' id='word_1_81' title='bbox 1418 689 1639 731; x_wconf 86' lang='lat' dir='ltr'><strong>invaluisse</strong></span> <span class='ocrx_word' id='word_1_82' title='bbox 1669 689 2009 743; x_wconf 88' lang='lat' dir='ltr'><strong>consuetudines,</strong></span> 
     </span>
     <span class='ocr_line' id='line_1_10' title="bbox 175 753 2012 812; baseline -0.001 -14"><span class='ocrx_word' id='word_1_83' title='bbox 175 768 217 798; x_wconf 88' lang='lat' dir='ltr'><strong>et</strong></span> <span class='ocrx_word' id='word_1_84' title='bbox 241 756 469 798; x_wconf 92' lang='lat' dir='ltr'><strong>nonnullos</strong></span> <span class='ocrx_word' id='word_1_85' title='bbox 493 771 542 796; x_wconf 86' lang='lat' dir='ltr'><strong>ex</strong></span> <span class='ocrx_word' id='word_1_86' title='bbox 577 755 709 796; x_wconf 87' lang='lat' dir='ltr'><strong>Vobis</strong></span> <span class='ocrx_word' id='word_1_87' title='bbox 741 765 905 812; x_wconf 87' lang='lat' dir='ltr'><strong>optare,</strong></span> <span class='ocrx_word' id='word_1_88' title='bbox 934 765 980 795; x_wconf 92' lang='lat' dir='ltr'><strong>ut</strong></span> <span class='ocrx_word' id='word_1_89' title='bbox 1012 754 1254 796; x_wconf 89' lang='lat' dir='ltr'><strong>huiusmodi</strong></span> <span class='ocrx_word' id='word_1_90' title='bbox 1291 753 1620 796; x_wconf 88' lang='lat' dir='ltr'><strong>consuetudines</strong></span> <span class='ocrx_word' id='word_1_91' title='bbox 1656 766 1892 797; x_wconf 89' lang='lat' dir='ltr'><strong>serventur.</strong></span> <span class='ocrx_word' id='word_1_92' title='bbox 1922 754 2012 797; x_wconf 92' lang='lat' dir='ltr'><strong>Nos</strong></span> 
     </span>
     <span class='ocr_line' id='line_1_11' title="bbox 175 819 2014 879; baseline -0.001 -17"><span class='ocrx_word' id='word_1_93' title='bbox 175 822 348 879; x_wconf 91' lang='lat' dir='ltr'><strong>quidem</strong></span> <span class='ocrx_word' id='word_1_94' title='bbox 388 819 584 878; x_wconf 82' lang='lat' dir='ltr'><strong>propensi</strong></span> <span class='ocrx_word' id='word_1_95' title='bbox 631 835 774 860; x_wconf 89' lang='lat' dir='ltr'><strong>sumus</strong></span> <span class='ocrx_word' id='word_1_96' title='bbox 817 819 871 860; x_wconf 88' lang='lat' dir='ltr'><strong>ad</strong></span> <span class='ocrx_word' id='word_1_97' title='bbox 916 819 1204 860; x_wconf 86' lang='lat' dir='ltr'><strong>adhibendam</strong></span> <span class='ocrx_word' id='word_1_98' title='bbox 1242 819 1573 877; x_wconf 83' lang='lat' dir='ltr'><strong>indulgentiam,</strong></span> <span class='ocrx_word' id='word_1_99' title='bbox 1610 830 1835 877; x_wconf 89' lang='lat' dir='ltr'><strong>postquam</strong></span> <span class='ocrx_word' id='word_1_100' title='bbox 1871 830 2014 861; x_wconf 88' lang='lat' dir='ltr'><strong>tamen</strong></span> 
     </span>
     <span class='ocr_line' id='line_1_12' title="bbox 176 883 2014 942; baseline -0.001 -15"><span class='ocrx_word' id='word_1_101' title='bbox 176 886 346 927; x_wconf 89' lang='lat' dir='ltr'><strong>easdem</strong></span> <span class='ocrx_word' id='word_1_102' title='bbox 383 884 709 927; x_wconf 86' lang='lat' dir='ltr'><strong>consuetudines</strong></span> <span class='ocrx_word' id='word_1_103' title='bbox 748 886 802 925; x_wconf 89' lang='lat' dir='ltr'><strong>ab</strong></span> <span class='ocrx_word' id='word_1_104' title='bbox 838 899 1097 941; x_wconf 88' lang='lat' dir='ltr'><strong>unoquoque</strong></span> <span class='ocrx_word' id='word_1_105' title='bbox 1136 885 1333 925; x_wconf 88' lang='lat' dir='ltr'><strong>Vestrum</strong></span> <span class='ocrx_word' id='word_1_106' title='bbox 1369 883 1604 941; x_wconf 85' lang='lat' dir='ltr'><strong>speciatim,</strong></span> <span class='ocrx_word' id='word_1_107' title='bbox 1638 900 1685 925; x_wconf 90' lang='lat' dir='ltr'><strong>ac</strong></span> <span class='ocrx_word' id='word_1_108' title='bbox 1713 884 2014 942; x_wconf 85' lang='lat' dir='ltr'><strong>perdiligenter</strong></span> 
     </span>
     <span class='ocr_line' id='line_1_13' title="bbox 176 948 2015 1019; baseline -0.002 -27"><span class='ocrx_word' id='word_1_109' title='bbox 176 950 387 1009; x_wconf 87' lang='lat' dir='ltr'><strong>expositas</strong></span> <span class='ocrx_word' id='word_1_110' title='bbox 413 949 557 991; x_wconf 89' lang='lat' dir='ltr'><strong>debito</strong></span> <span class='ocrx_word' id='word_1_111' title='bbox 593 948 785 990; x_wconf 86' lang='lat' dir='ltr'><strong>examine</strong></span> <span class='ocrx_word' id='word_1_112' title='bbox 810 949 1175 1019; x_wconf 81' lang='lat' dir='ltr'><strong>perpenderimus,</strong></span> <span class='ocrx_word' id='word_1_113' title='bbox 1204 960 1250 989; x_wconf 89' lang='lat' dir='ltr'><strong>ut</strong></span> <span class='ocrx_word' id='word_1_114' title='bbox 1277 964 1346 989; x_wconf 90' lang='lat' dir='ltr'><strong>eas</strong></span> <span class='ocrx_word' id='word_1_115' title='bbox 1374 948 1488 990; x_wconf 87' lang='lat' dir='ltr'><strong>intra</strong></span> <span class='ocrx_word' id='word_1_116' title='bbox 1515 948 1610 990; x_wconf 92' lang='lat' dir='ltr'><strong>illos</strong></span> <span class='ocrx_word' id='word_1_117' title='bbox 1642 949 1938 1006; x_wconf 89' lang='lat' dir='ltr'><strong>permittamus</strong></span> <span class='ocrx_word' id='word_1_118' title='bbox 1963 948 2015 990; x_wconf 93' lang='lat' dir='ltr'><strong>li-</strong></span> 
     </span>
     <span class='ocr_line' id='line_1_14' title="bbox 176 1013 2015 1071; baseline -0.001 -14"><span class='ocrx_word' id='word_1_119' title='bbox 176 1015 313 1065; x_wconf 88' lang='lat' dir='ltr'><strong>mites,</strong></span> <span class='ocrx_word' id='word_1_120' title='bbox 343 1030 449 1071; x_wconf 91' lang='lat' dir='ltr'><strong>quos</strong></span> <span class='ocrx_word' id='word_1_121' title='bbox 471 1013 707 1063; x_wconf 88' lang='lat' dir='ltr'><strong>necessitas,</strong></span> <span class='ocrx_word' id='word_1_122' title='bbox 743 1024 785 1055; x_wconf 92' lang='lat' dir='ltr'><strong>et</strong></span> <span class='ocrx_word' id='word_1_123' title='bbox 806 1013 1014 1071; x_wconf 85' lang='lat' dir='ltr'><strong>praecipua</strong></span> <span class='ocrx_word' id='word_1_124' title='bbox 1044 1013 1236 1055; x_wconf 88' lang='lat' dir='ltr'><strong>locorum</strong></span> <span class='ocrx_word' id='word_1_125' title='bbox 1256 1013 1456 1054; x_wconf 87' lang='lat' dir='ltr'><strong>adiuncta</strong></span> <span class='ocrx_word' id='word_1_126' title='bbox 1479 1013 1653 1055; x_wconf 83' lang='lat' dir='ltr'><strong>suadere</strong></span> <span class='ocrx_word' id='word_1_127' title='bbox 1676 1025 1896 1071; x_wconf 88' lang='lat' dir='ltr'><strong>poterunt,</strong></span> <span class='ocrx_word' id='word_1_128' title='bbox 1919 1029 2015 1055; x_wconf 91' lang='lat' dir='ltr'><strong>cum</strong></span> 
     </span>
     <span class='ocr_line' id='line_1_15' title="bbox 176 1077 2009 1149; baseline -0.001 -28"><span class='ocrx_word' id='word_1_129' title='bbox 176 1096 254 1138; x_wconf 91' lang='lat' dir='ltr'><strong>pro</strong></span> <span class='ocrx_word' id='word_1_130' title='bbox 278 1078 509 1149; x_wconf 62' lang='lat' dir='ltr'><strong>Apostolici</strong></span> <span class='ocrx_word' id='word_1_131' title='bbox 535 1078 678 1120; x_wconf 89' lang='lat' dir='ltr'><strong>Nostri</strong></span> <span class='ocrx_word' id='word_1_132' title='bbox 700 1078 920 1119; x_wconf 87' lang='lat' dir='ltr'><strong>ministerii</strong></span> <span class='ocrx_word' id='word_1_133' title='bbox 948 1094 1124 1120; x_wconf 90' lang='lat' dir='ltr'><strong>munere</strong></span> <span class='ocrx_word' id='word_1_134' title='bbox 1154 1094 1226 1119; x_wconf 89' lang='grc'><strong>0111</strong></span> <span class='ocrx_word' id='word_1_135' title='bbox 1230 1093 1298 1118; x_wconf 91' lang='lat' dir='ltr'><strong>are</strong></span> <span class='ocrx_word' id='word_1_136' title='bbox 1327 1078 1501 1119; x_wconf 90' lang='lat' dir='ltr'><strong>omnino</strong></span> <span class='ocrx_word' id='word_1_137' title='bbox 1532 1077 1778 1130; x_wconf 88' lang='lat' dir='ltr'><strong>debeamus,</strong></span> <span class='ocrx_word' id='word_1_138' title='bbox 1802 1089 1849 1120; x_wconf 90' lang='lat' dir='ltr'><strong>ut</strong></span> <span class='ocrx_word' id='word_1_139' title='bbox 1868 1079 2009 1119; x_wconf 91' lang='lat' dir='ltr'><strong>Cano-</strong></span> 
     </span>
     <span class='ocr_line' id='line_1_16' title="bbox 179 1142 1374 1202; baseline -0.003 -16"><span class='ocrx_word' id='word_1_140' title='bbox 179 1144 281 1186; x_wconf 82' lang='lat' dir='ltr'><strong>nicae</strong></span> <span class='ocrx_word' id='word_1_141' title='bbox 309 1142 686 1202; x_wconf 59' lang='lat' dir='ltr'><strong>piaescriptiones,3</strong></span> <span class='ocrx_word' id='word_1_142' title='bbox 665 1142 897 1183; x_wconf 68' lang='lat' dir='ltr'><strong>ceneratim</strong></span> <span class='ocrx_word' id='word_1_143' title='bbox 915 1142 1062 1184; x_wconf 89' lang='lat' dir='ltr'><strong>sedulo</strong></span> <span class='ocrx_word' id='word_1_144' title='bbox 1080 1144 1231 1184; x_wconf 84' lang='lat' dir='ltr'><strong>observ</strong></span> <span class='ocrx_word' id='word_1_145' title='bbox 1235 1153 1374 1183; x_wconf 90' lang='lat' dir='ltr'><strong>entur.</strong></span> 
     </span>
    </p>

    <p class='ocr_par' dir='ltr' id='par_1_3' title="bbox 170 1206 2018 2946">
     <span class='ocr_line' id='line_1_17' title="bbox 235 1206 2015 1265; baseline -0.001 -16"><span class='ocrx_word' id='word_1_146' title='bbox 235 1210 478 1265; x_wconf 88' lang='lat' dir='ltr'><strong>Antequam</strong></span> <span class='ocrx_word' id='word_1_147' title='bbox 504 1207 633 1248; x_wconf 87' lang='lat' dir='ltr'><strong>finem</strong></span> <span class='ocrx_word' id='word_1_148' title='bbox 652 1207 749 1248; x_wconf 91' lang='lat' dir='ltr'><strong>huic</strong></span> <span class='ocrx_word' id='word_1_149' title='bbox 770 1208 936 1248; x_wconf 75' lang='lat' dir='ltr'><strong>Nostrae</strong></span> <span class='ocrx_word' id='word_1_150' title='bbox 960 1207 1156 1265; x_wconf 81' lang='lat' dir='ltr'><strong>Epistolae</strong></span> <span class='ocrx_word' id='word_1_151' title='bbox 1179 1206 1394 1257; x_wconf 82' lang='lat' dir='ltr'><strong>faciamus,</strong></span> <span class='ocrx_word' id='word_1_152' title='bbox 1421 1221 1503 1263; x_wconf 85' lang='lat' dir='ltr'><strong>qua</strong></span> <span class='ocrx_word' id='word_1_153' title='bbox 1529 1207 1617 1248; x_wconf 84' lang='lat' dir='ltr'><strong>Vos</strong></span> <span class='ocrx_word' id='word_1_154' title='bbox 1638 1221 1786 1248; x_wconf 89' lang='lat' dir='ltr'><strong>omnes</strong></span> <span class='ocrx_word' id='word_1_155' title='bbox 1805 1206 2015 1250; x_wconf 83' lang='lat' dir='ltr'><strong>Austriaci</strong></span> 
     </span>
     <span class='ocr_line' id='line_1_18' title="bbox 171 1271 2008 1331; baseline 0.001 -17"><span class='ocrx_word' id='word_1_156' title='bbox 171 1273 343 1331; x_wconf 90' lang='lat' dir='ltr'><strong>Imperii</strong></span> <span class='ocrx_word' id='word_1_157' title='bbox 364 1274 589 1314; x_wconf 86' lang='lat' dir='ltr'><strong>Sacrorum</strong></span> <span class='ocrx_word' id='word_1_158' title='bbox 608 1272 830 1314; x_wconf 87' lang='lat' dir='ltr'><strong>Antistites</strong></span> <span class='ocrx_word' id='word_1_159' title='bbox 864 1272 1020 1330; x_wconf 89' lang='lat' dir='ltr'><strong>alloqui</strong></span> <span class='ocrx_word' id='word_1_160' title='bbox 1051 1288 1323 1330; x_wconf 89' lang='lat' dir='ltr'><strong>summopere</strong></span> <span class='ocrx_word' id='word_1_161' title='bbox 1344 1271 1591 1330; x_wconf 81' lang='lat' dir='ltr'><strong>gaudemus,</strong></span> <span class='ocrx_word' id='word_1_162' title='bbox 1616 1273 1821 1314; x_wconf 81' lang='lat' dir='ltr'><strong>Nostrum</strong></span> <span class='ocrx_word' id='word_1_163' title='bbox 1840 1272 1895 1313; x_wconf 89' lang='lat' dir='ltr'><strong>ad</strong></span> <span class='ocrx_word' id='word_1_164' title='bbox 1922 1273 2008 1315; x_wconf 87' lang='lat' dir='ltr'><strong>Vos</strong></span> 
     </span>
     <span class='ocr_line' id='line_1_19' title="bbox 171 1336 1996 1395; baseline -0.001 -16"><span class='ocrx_word' id='word_1_165' title='bbox 171 1353 413 1379; x_wconf 89' lang='lat' dir='ltr'><strong>sermonem</strong></span> <span class='ocrx_word' id='word_1_166' title='bbox 438 1336 672 1395; x_wconf 85' lang='lat' dir='ltr'><strong>praesertim</strong></span> <span class='ocrx_word' id='word_1_167' title='bbox 710 1336 994 1378; x_wconf 81' lang='lat' dir='ltr'><strong>convertimus</strong></span> <span class='ocrx_word' id='word_1_168' title='bbox 1015 1370 1024 1386; x_wconf 93' lang='lat'>‚</span> <span class='ocrx_word' id='word_1_169' title='bbox 1067 1336 1341 1378; x_wconf 87' lang='lat' dir='ltr'><strong>Venerabiles</strong></span> <span class='ocrx_word' id='word_1_170' title='bbox 1386 1337 1554 1377; x_wconf 86' lang='lat' dir='ltr'><strong>Fratres</strong></span> <span class='ocrx_word' id='word_1_171' title='bbox 1603 1336 1925 1395; x_wconf 87' lang='lat' dir='ltr'><strong>Archiepiscopi</strong></span> <span class='ocrx_word' id='word_1_172' title='bbox 1954 1347 1996 1378; x_wconf 92' lang='lat' dir='ltr'><strong>et</strong></span> 
     </span>
     <span class='ocr_line' id='line_1_20' title="bbox 170 1400 2010 1460; baseline 0 -17"><span class='ocrx_word' id='word_1_173' title='bbox 170 1402 384 1460; x_wconf 87' lang='lat' dir='ltr'><strong>Episcopi,</strong></span> <span class='ocrx_word' id='word_1_174' title='bbox 409 1402 481 1459; x_wconf 89' lang='lat' dir='ltr'><strong>qui</strong></span> <span class='ocrx_word' id='word_1_175' title='bbox 502 1402 545 1442; x_wconf 91' lang='lat' dir='ltr'><strong>in</strong></span> <span class='ocrx_word' id='word_1_176' title='bbox 571 1402 725 1443; x_wconf 88' lang='lat' dir='ltr'><strong>eodem</strong></span> <span class='ocrx_word' id='word_1_177' title='bbox 758 1400 1022 1442; x_wconf 88' lang='lat' dir='ltr'><strong>nobilissimo</strong></span> <span class='ocrx_word' id='word_1_178' title='bbox 1044 1401 1233 1459; x_wconf 87' lang='lat' dir='ltr'><strong>Imperio</strong></span> <span class='ocrx_word' id='word_1_179' title='bbox 1256 1412 1490 1452; x_wconf 84' lang='lat' dir='ltr'><strong>morantes,</strong></span> <span class='ocrx_word' id='word_1_180' title='bbox 1515 1417 1562 1442; x_wconf 88' lang='lat' dir='ltr'><strong>ac</strong></span> <span class='ocrx_word' id='word_1_181' title='bbox 1581 1400 1816 1442; x_wconf 88' lang='lat' dir='ltr'><strong>Nobiscum</strong></span> <span class='ocrx_word' id='word_1_182' title='bbox 1838 1400 1882 1442; x_wconf 90' lang='lat' dir='ltr'><strong>in</strong></span> <span class='ocrx_word' id='word_1_183' title='bbox 1910 1415 2010 1443; x_wconf 88' lang='lat' dir='ltr'><strong>vera</strong></span> 
     </span>
     <span class='ocr_line' id='line_1_21' title="bbox 171 1465 2013 1517; baseline -0.001 -9"><span class='ocrx_word' id='word_1_184' title='bbox 171 1467 269 1517; x_wconf 85' lang='lat' dir='ltr'><strong>fide,</strong></span> <span class='ocrx_word' id='word_1_185' title='bbox 290 1478 330 1508; x_wconf 91' lang='lat' dir='ltr'><strong>et</strong></span> <span class='ocrx_word' id='word_1_186' title='bbox 354 1467 559 1508; x_wconf 88' lang='lat' dir='ltr'><strong>catholica</strong></span> <span class='ocrx_word' id='word_1_187' title='bbox 580 1468 739 1507; x_wconf 91' lang='lat' dir='ltr'><strong>unitate</strong></span> <span class='ocrx_word' id='word_1_188' title='bbox 760 1466 992 1517; x_wconf 90' lang='lat' dir='ltr'><strong>coniuncti,</strong></span> <span class='ocrx_word' id='word_1_189' title='bbox 1013 1477 1054 1507; x_wconf 89' lang='lat' dir='ltr'><strong>et</strong></span> <span class='ocrx_word' id='word_1_190' title='bbox 1071 1467 1170 1508; x_wconf 90' lang='lat' dir='ltr'><strong>huic</strong></span> <span class='ocrx_word' id='word_1_191' title='bbox 1188 1466 1304 1508; x_wconf 88' lang='lat' dir='ltr'><strong>Petri</strong></span> <span class='ocrx_word' id='word_1_192' title='bbox 1327 1466 1549 1507; x_wconf 82' lang='lat' dir='ltr'><strong>Cathedrae</strong></span> <span class='ocrx_word' id='word_1_193' title='bbox 1574 1465 1837 1507; x_wconf 82' lang='lat' dir='ltr'><strong>adhaerentes</strong></span> <span class='ocrx_word' id='word_1_194' title='bbox 1857 1465 2013 1507; x_wconf 87' lang='lat' dir='ltr'><strong>Orien-</strong></span> 
     </span>
     <span class='ocr_line' id='line_1_22' title="bbox 178 1530 2012 1587; baseline -0.001 -14"><span class='ocrx_word' id='word_1_195' title='bbox 178 1531 271 1573; x_wconf 89' lang='lat' dir='ltr'><strong>talis</strong></span> <span class='ocrx_word' id='word_1_196' title='bbox 288 1531 483 1573; x_wconf 83' lang='grc' dir='ltr'><strong>Εο0105110</strong></span> <span class='ocrx_word' id='word_1_197' title='bbox 505 1532 608 1572; x_wconf 88' lang='lat' dir='ltr'><strong>ritus</strong></span> <span class='ocrx_word' id='word_1_198' title='bbox 621 1543 663 1572; x_wconf 90' lang='lat' dir='ltr'><strong>et</strong></span> <span class='ocrx_word' id='word_1_199' title='bbox 680 1530 916 1572; x_wconf 86' lang='lat' dir='ltr'><strong>laudabiles</strong></span> <span class='ocrx_word' id='word_1_200' title='bbox 945 1531 1275 1573; x_wconf 89' lang='lat' dir='ltr'><strong>consuetudines</strong></span> <span class='ocrx_word' id='word_1_201' title='bbox 1302 1532 1354 1572; x_wconf 90' lang='lat' dir='ltr'><strong>ab</strong></span> <span class='ocrx_word' id='word_1_202' title='bbox 1381 1531 1460 1572; x_wconf 88' lang='lat' dir='ltr'><strong>hac</strong></span> <span class='ocrx_word' id='word_1_203' title='bbox 1493 1530 1644 1572; x_wconf 87' lang='lat' dir='ltr'><strong>Sancta</strong></span> <span class='ocrx_word' id='word_1_204' title='bbox 1663 1530 1771 1572; x_wconf 89' lang='lat' dir='ltr'><strong>Sede</strong></span> <span class='ocrx_word' id='word_1_205' title='bbox 1793 1530 2012 1587; x_wconf 79' lang='lat' dir='ltr'><strong>probatas,</strong></span> 
     </span>
     <span class='ocr_line' id='line_1_23' title="bbox 173 1593 2016 1654; baseline -0.002 -17"><span class='ocrx_word' id='word_1_206' title='bbox 173 1611 245 1638; x_wconf 90' lang='lat' dir='ltr'><strong>seu</strong></span> <span class='ocrx_word' id='word_1_207' title='bbox 277 1598 520 1654; x_wconf 86' lang='lat' dir='ltr'><strong>permissas,</strong></span> <span class='ocrx_word' id='word_1_208' title='bbox 562 1596 714 1637; x_wconf 87' lang='lat' dir='ltr'><strong>colitis.</strong></span> <span class='ocrx_word' id='word_1_209' title='bbox 752 1597 1030 1653; x_wconf 87' lang='lat' dir='ltr'><strong>Compertum</strong></span> <span class='ocrx_word' id='word_1_210' title='bbox 1061 1596 1413 1654; x_wconf 79' lang='lat' dir='ltr'><strong>exploratumque</strong></span> <span class='ocrx_word' id='word_1_211' title='bbox 1442 1594 1574 1635; x_wconf 88' lang='lat' dir='ltr'><strong>Vobis</strong></span> <span class='ocrx_word' id='word_1_212' title='bbox 1604 1605 1665 1636; x_wconf 91' lang='grc'><strong>051</strong></span> <span class='ocrx_word' id='word_1_213' title='bbox 1699 1610 1782 1652; x_wconf 92' lang='lat' dir='ltr'><strong>quo</strong></span> <span class='ocrx_word' id='word_1_214' title='bbox 1809 1593 1854 1635; x_wconf 89' lang='lat' dir='ltr'><strong>in</strong></span> <span class='ocrx_word' id='word_1_215' title='bbox 1879 1594 2016 1652; x_wconf 90' lang='lat' dir='ltr'><strong>pretio</strong></span> 
     </span>
     <span class='ocr_line' id='line_1_24' title="bbox 171 1659 2017 1718; baseline -0.001 -17"><span class='ocrx_word' id='word_1_216' title='bbox 171 1660 259 1702; x_wconf 81' lang='lat' dir='ltr'><strong>haec</strong></span> <span class='ocrx_word' id='word_1_217' title='bbox 286 1661 529 1718; x_wconf 79' lang='lat' dir='ltr'><strong>Apostolica</strong></span> <span class='ocrx_word' id='word_1_218' title='bbox 566 1660 693 1701; x_wconf 86' lang='lat' dir='ltr'><strong>Sedes</strong></span> <span class='ocrx_word' id='word_1_219' title='bbox 716 1670 878 1701; x_wconf 81' lang='lat' dir='ltr'><strong>vestros</strong></span> <span class='ocrx_word' id='word_1_220' title='bbox 908 1675 1076 1717; x_wconf 79' lang='lat' dir='ltr'><strong>semper</strong></span> <span class='ocrx_word' id='word_1_221' title='bbox 1113 1659 1465 1714; x_wconf 79' lang='lat' dir='ltr'><strong>habueritritus,</strong></span> <span class='ocrx_word' id='word_1_222' title='bbox 1494 1674 1677 1715; x_wconf 87' lang='lat' dir='ltr'><strong>quorum</strong></span> <span class='ocrx_word' id='word_1_223' title='bbox 1705 1659 2017 1700; x_wconf 75' lang='lat' dir='ltr'><strong>observantiam</strong></span> 
     </span>
     <span class='ocr_line' id='line_1_25' title="bbox 171 1724 2017 1783; baseline -0.002 -17"><span class='ocrx_word' id='word_1_224' title='bbox 171 1735 394 1783; x_wconf 87' lang='lat' dir='ltr'><strong>tantopere</strong></span> <span class='ocrx_word' id='word_1_225' title='bbox 429 1724 670 1774; x_wconf 84' lang='lat' dir='ltr'><strong>inculcavit,</strong></span> <span class='ocrx_word' id='word_1_226' title='bbox 712 1724 1075 1781; x_wconf 88' lang='lat' dir='ltr'><strong>quemadmodum</strong></span> <span class='ocrx_word' id='word_1_227' title='bbox 1116 1724 1352 1765; x_wconf 87' lang='lat' dir='ltr'><strong>luculenter</strong></span> <span class='ocrx_word' id='word_1_228' title='bbox 1380 1734 1590 1765; x_wconf 88' lang='lat' dir='ltr'><strong>testantur</strong></span> <span class='ocrx_word' id='word_1_229' title='bbox 1628 1734 1692 1764; x_wconf 91' lang='lat' dir='ltr'><strong>tot</strong></span> <span class='ocrx_word' id='word_1_230' title='bbox 1724 1724 2017 1764; x_wconf 86' lang='lat' dir='ltr'><strong>Romanorum</strong></span> 
     </span>
     <span class='ocr_line' id='line_1_26' title="bbox 170 1787 2018 1844; baseline -0.001 -14"><span class='ocrx_word' id='word_1_231' title='bbox 170 1789 427 1831; x_wconf 87' lang='lat' dir='ltr'><strong>Pontificum</strong></span> <span class='ocrx_word' id='word_1_232' title='bbox 462 1791 743 1830; x_wconf 86' lang='lat' dir='ltr'><strong>Decessorum</strong></span> <span class='ocrx_word' id='word_1_233' title='bbox 790 1790 1045 1830; x_wconf 83' lang='lat' dir='ltr'><strong>Nostrorum</strong></span> <span class='ocrx_word' id='word_1_234' title='bbox 1084 1788 1251 1829; x_wconf 87' lang='lat' dir='ltr'><strong>decreta</strong></span> <span class='ocrx_word' id='word_1_235' title='bbox 1293 1799 1334 1829; x_wconf 92' lang='lat' dir='ltr'><strong>et</strong></span> <span class='ocrx_word' id='word_1_236' title='bbox 1372 1787 1726 1839; x_wconf 86' lang='lat' dir='ltr'><strong>Constitutiones,</strong></span> <span class='ocrx_word' id='word_1_237' title='bbox 1765 1787 1878 1828; x_wconf 89' lang='lat' dir='ltr'><strong>inter</strong></span> <span class='ocrx_word' id='word_1_238' title='bbox 1912 1802 2018 1844; x_wconf 87' lang='lat' dir='ltr'><strong>quas</strong></span> 
     </span>
     <span class='ocr_line' id='line_1_27' title="bbox 173 1851 2017 1908; baseline -0.002 -13"><span class='ocrx_word' id='word_1_239' title='bbox 173 1869 509 1896; x_wconf 86' lang='lat' dir='ltr'><strong>commemorare</strong></span> <span class='ocrx_word' id='word_1_240' title='bbox 531 1853 629 1894; x_wconf 91' lang='lat' dir='ltr'><strong>satis</strong></span> <span class='ocrx_word' id='word_1_241' title='bbox 656 1864 719 1894; x_wconf 88' lang='lat' dir='ltr'><strong>est</strong></span> <span class='ocrx_word' id='word_1_242' title='bbox 742 1854 924 1894; x_wconf 87' lang='lat' dir='ltr'><strong>Litteras</strong></span> <span class='ocrx_word' id='word_1_243' title='bbox 951 1852 1169 1894; x_wconf 87' lang='lat' dir='ltr'><strong>Benedicti</strong></span> <span class='ocrx_word' id='word_1_244' title='bbox 1205 1853 1306 1893; x_wconf 75' lang='lat' dir='ltr'><strong>XIV</strong></span> <span class='ocrx_word' id='word_1_245' title='bbox 1329 1851 1657 1892; x_wconf 65' lang='lat' dir='ltr'><strong>praedecessoris</strong></span> <span class='ocrx_word' id='word_1_246' title='bbox 1684 1851 1845 1908; x_wconf 89' lang='lat' dir='ltr'><strong>pariter</strong></span> <span class='ocrx_word' id='word_1_247' title='bbox 1873 1851 2017 1893; x_wconf 88' lang='lat' dir='ltr'><strong>Nostri</strong></span> 
     </span>
     <span class='ocr_line' id='line_1_28' title="bbox 174 1915 2017 1975; baseline -0.003 -14"><span class='ocrx_word' id='word_1_248' title='bbox 174 1919 241 1961; x_wconf 86' lang='lat' dir='ltr'><strong>die</strong></span> <span class='ocrx_word' id='word_1_249' title='bbox 268 1923 322 1960; x_wconf 75' lang='lat'><strong>26</strong></span> <span class='ocrx_word' id='word_1_250' title='bbox 343 1917 441 1959; x_wconf 88' lang='lat' dir='ltr'><strong>Julii</strong></span> <span class='ocrx_word' id='word_1_251' title='bbox 471 1920 595 1959; x_wconf 90' lang='lat' dir='ltr'><strong>Anno</strong></span> <span class='ocrx_word' id='word_1_252' title='bbox 631 1921 741 1960; x_wconf 82' lang='lat'>1755</span> <span class='ocrx_word' id='word_1_253' title='bbox 778 1918 925 1968; x_wconf 85' lang='lat' dir='ltr'><strong>editas,</strong></span> <span class='ocrx_word' id='word_1_254' title='bbox 953 1934 1132 1975; x_wconf 87' lang='lat' dir='ltr'><strong>quarum</strong></span> <span class='ocrx_word' id='word_1_255' title='bbox 1152 1917 1319 1958; x_wconf 87' lang='lat' dir='ltr'><strong>initium</strong></span> <span class='ocrx_word' id='word_1_256' title='bbox 1350 1938 1366 1952; x_wconf 88' lang='lat'>«</span> <span class='ocrx_word' id='word_1_257' title='bbox 1393 1916 1543 1957; x_wconf 77' lang='lat' dir='ltr'><strong>Allatae</strong></span> <span class='ocrx_word' id='word_1_258' title='bbox 1580 1936 1596 1950; x_wconf 92' lang='lat'>»</span> <span class='ocrx_word' id='word_1_259' title='bbox 1631 1925 1674 1957; x_wconf 85' lang='lat' dir='ltr'><strong>et</strong></span> <span class='ocrx_word' id='word_1_260' title='bbox 1708 1916 1883 1957; x_wconf 84' lang='lat' dir='ltr'><strong>Nostras</strong></span> <span class='ocrx_word' id='word_1_261' title='bbox 1906 1915 1973 1956; x_wconf 91' lang='lat' dir='ltr'><strong>die</strong></span> <span class='ocrx_word' id='word_1_262' title='bbox 1990 1918 2017 1957; x_wconf 88' lang='grc'><strong>6</strong></span> 
     </span>
     <span class='ocr_line' id='line_1_29' title="bbox 173 1979 2017 2038; baseline -0.003 -13"><span class='ocrx_word' id='word_1_263' title='bbox 173 1983 357 2025; x_wconf 85' lang='lat' dir='ltr'><strong>Ianuarii</strong></span> <span class='ocrx_word' id='word_1_264' title='bbox 376 1985 502 2025; x_wconf 85' lang='lat' dir='ltr'><strong>Anno</strong></span> <span class='ocrx_word' id='word_1_265' title='bbox 530 1986 638 2025; x_wconf 77' lang='lat'>1848</span> <span class='ocrx_word' id='word_1_266' title='bbox 662 1984 862 2025; x_wconf 89' lang='lat' dir='ltr'><strong>omnibus</strong></span> <span class='ocrx_word' id='word_1_267' title='bbox 881 1982 1169 2024; x_wconf 87' lang='lat' dir='ltr'><strong>Orientalibus</strong></span> <span class='ocrx_word' id='word_1_268' title='bbox 1181 1981 1344 2032; x_wconf 83' lang='lat' dir='ltr'><strong>missas,</strong></span> <span class='ocrx_word' id='word_1_269' title='bbox 1368 1996 1460 2038; x_wconf 86' lang='lat' dir='ltr'><strong>quae</strong></span> <span class='ocrx_word' id='word_1_270' title='bbox 1484 1979 1693 2038; x_wconf 88' lang='lat' dir='ltr'><strong>incipiunt</strong></span> <span class='ocrx_word' id='word_1_271' title='bbox 1713 2001 1731 2016; x_wconf 92' lang='lat'>«</span> <span class='ocrx_word' id='word_1_272' title='bbox 1752 1981 1802 2021; x_wconf 90' lang='lat' dir='ltr'><strong>In</strong></span> <span class='ocrx_word' id='word_1_273' title='bbox 1821 1995 2017 2037; x_wconf 85' lang='lat' dir='ltr'><strong>suprema</strong></span> 
     </span>
     <span class='ocr_line' id='line_1_30' title="bbox 181 2043 2015 2105; baseline -0.003 -15"><span class='ocrx_word' id='word_1_274' title='bbox 181 2070 198 2086; x_wconf 89' lang='lat'>«</span> <span class='ocrx_word' id='word_1_275' title='bbox 222 2049 335 2090; x_wconf 88' lang='lat' dir='ltr'><strong>Petri</strong></span> <span class='ocrx_word' id='word_1_276' title='bbox 361 2048 554 2105; x_wconf 80' lang='lat' dir='ltr'><strong>Apostoli</strong></span> <span class='ocrx_word' id='word_1_277' title='bbox 586 2048 709 2089; x_wconf 89' lang='lat' dir='ltr'><strong>Sede.</strong></span> <span class='ocrx_word' id='word_1_278' title='bbox 754 2069 771 2084; x_wconf 88' lang='lat'><strong><em>»</em></strong></span> <span class='ocrx_word' id='word_1_279' title='bbox 812 2049 960 2104; x_wconf 89' lang='lat' dir='ltr'><strong>Itaque</strong></span> <span class='ocrx_word' id='word_1_280' title='bbox 1000 2049 1087 2088; x_wconf 81' lang='lat' dir='ltr'><strong>Vos</strong></span> <span class='ocrx_word' id='word_1_281' title='bbox 1116 2046 1243 2088; x_wconf 84' lang='lat' dir='ltr'><strong>etiam</strong></span> <span class='ocrx_word' id='word_1_282' title='bbox 1284 2060 1556 2102; x_wconf 88' lang='lat' dir='ltr'><strong>summopere</strong></span> <span class='ocrx_word' id='word_1_283' title='bbox 1590 2043 1836 2095; x_wconf 85' lang='lat' dir='ltr'><strong>excitamus,</strong></span> <span class='ocrx_word' id='word_1_284' title='bbox 1872 2055 1919 2085; x_wconf 89' lang='lat' dir='ltr'><strong>ut</strong></span> <span class='ocrx_word' id='word_1_285' title='bbox 1938 2058 2015 2101; x_wconf 89' lang='lat' dir='ltr'><strong>pro</strong></span> 
     </span>
     <span class='ocr_line' id='line_1_31' title="bbox 176 2108 2014 2170; baseline -0.003 -16"><span class='ocrx_word' id='word_1_286' title='bbox 176 2113 326 2156; x_wconf 84' lang='lat' dir='ltr'><strong>eximia</strong></span> <span class='ocrx_word' id='word_1_287' title='bbox 360 2124 498 2154; x_wconf 73' lang='lat' dir='ltr'><strong>vestra</strong></span> <span class='ocrx_word' id='word_1_288' title='bbox 527 2112 732 2170; x_wconf 82' lang='lat' dir='ltr'><strong>religione</strong></span> <span class='ocrx_word' id='word_1_289' title='bbox 759 2123 802 2154; x_wconf 90' lang='lat' dir='ltr'><strong>et</strong></span> <span class='ocrx_word' id='word_1_290' title='bbox 822 2112 1049 2170; x_wconf 87' lang='lat' dir='ltr'><strong>episcopali</strong></span> <span class='ocrx_word' id='word_1_291' title='bbox 1075 2111 1359 2154; x_wconf 87' lang='lat' dir='ltr'><strong>sollicitudine</strong></span> <span class='ocrx_word' id='word_1_292' title='bbox 1397 2109 1678 2151; x_wconf 89' lang='lat' dir='ltr'><strong>ministerium</strong></span> <span class='ocrx_word' id='word_1_293' title='bbox 1708 2120 1896 2150; x_wconf 86' lang='lat' dir='ltr'><strong>vestrum</strong></span> <span class='ocrx_word' id='word_1_294' title='bbox 1931 2108 2014 2149; x_wconf 91' lang='lat' dir='ltr'><strong>im-</strong></span> 
     </span>
     <span class='ocr_line' id='line_1_32' title="bbox 178 2172 2014 2237; baseline -0.002 -18"><span class='ocrx_word' id='word_1_295' title='bbox 178 2179 356 2237; x_wconf 66' lang='lat' dir='ltr'><strong>plentes,</strong></span> <span class='ocrx_word' id='word_1_296' title='bbox 390 2189 516 2235; x_wconf 87' lang='lat' dir='ltr'><strong>atque</strong></span> <span class='ocrx_word' id='word_1_297' title='bbox 549 2189 645 2219; x_wconf 90' lang='lat' dir='ltr'><strong>ante</strong></span> <span class='ocrx_word' id='word_1_298' title='bbox 679 2178 824 2219; x_wconf 87' lang='lat' dir='ltr'><strong>oculos</strong></span> <span class='ocrx_word' id='word_1_299' title='bbox 858 2178 1064 2218; x_wconf 81' lang='lat' dir='ltr'><strong>habentes</strong></span> <span class='ocrx_word' id='word_1_300' title='bbox 1099 2193 1148 2218; x_wconf 87' lang='lat' dir='ltr'><strong>ea</strong></span> <span class='ocrx_word' id='word_1_301' title='bbox 1181 2177 1339 2227; x_wconf 90' lang='lat' dir='ltr'><strong>omnia,</strong></span> <span class='ocrx_word' id='word_1_302' title='bbox 1383 2175 1435 2217; x_wconf 89' lang='lat' dir='ltr'><strong>de</strong></span> <span class='ocrx_word' id='word_1_303' title='bbox 1476 2174 1628 2231; x_wconf 89' lang='lat' dir='ltr'><strong>quibus</strong></span> <span class='ocrx_word' id='word_1_304' title='bbox 1658 2172 1821 2229; x_wconf 85' lang='lat' dir='ltr'><strong>loquuti</strong></span> <span class='ocrx_word' id='word_1_305' title='bbox 1854 2187 2014 2225; x_wconf 91' lang='lat' dir='ltr'><strong>sumus,</strong></span> 
     </span>
     <span class='ocr_line' id='line_1_33' title="bbox 177 2237 2018 2299; baseline -0.003 -15"><span class='ocrx_word' id='word_1_306' title='bbox 177 2254 361 2284; x_wconf 86' lang='lat' dir='ltr'><strong>vestram</strong></span> <span class='ocrx_word' id='word_1_307' title='bbox 381 2258 552 2284; x_wconf 88' lang='grc'><strong>0111110111</strong></span> <span class='ocrx_word' id='word_1_308' title='bbox 575 2259 736 2293; x_wconf 84' lang='lat' dir='ltr'><strong>curam,</strong></span> <span class='ocrx_word' id='word_1_309' title='bbox 759 2241 1013 2283; x_wconf 87' lang='lat' dir='ltr'><strong>industriam</strong></span> <span class='ocrx_word' id='word_1_310' title='bbox 1033 2252 1076 2283; x_wconf 90' lang='grc'><strong>01</strong></span> <span class='ocrx_word' id='word_1_311' title='bbox 1100 2241 1363 2299; x_wconf 80' lang='lat' dir='ltr'><strong>vigilantiam</strong></span> <span class='ocrx_word' id='word_1_312' title='bbox 1381 2240 1651 2282; x_wconf 87' lang='lat' dir='ltr'><strong>continenter</strong></span> <span class='ocrx_word' id='word_1_313' title='bbox 1673 2237 1944 2295; x_wconf 87' lang='lat' dir='ltr'><strong>impendatis,</strong></span> <span class='ocrx_word' id='word_1_314' title='bbox 1971 2249 2018 2279; x_wconf 91' lang='lat' dir='ltr'><strong>ut</strong></span> 
     </span>
     <span class='ocr_line' id='line_1_34' title="bbox 177 2302 2017 2363; baseline -0.003 -14"><span class='ocrx_word' id='word_1_315' title='bbox 177 2318 314 2349; x_wconf 90' lang='lat' dir='ltr'><strong>vester</strong></span> <span class='ocrx_word' id='word_1_316' title='bbox 331 2307 477 2348; x_wconf 90' lang='lat' dir='ltr'><strong>Clerus</strong></span> <span class='ocrx_word' id='word_1_317' title='bbox 501 2307 728 2348; x_wconf 76' lang='lat' dir='ltr'><strong>virtutibus</strong></span> <span class='ocrx_word' id='word_1_318' title='bbox 761 2306 961 2347; x_wconf 89' lang='lat' dir='ltr'><strong>omnibus</strong></span> <span class='ocrx_word' id='word_1_319' title='bbox 986 2317 1177 2357; x_wconf 88' lang='lat' dir='ltr'><strong>ornatus,</strong></span> <span class='ocrx_word' id='word_1_320' title='bbox 1216 2318 1256 2348; x_wconf 92' lang='grc'><strong>01</strong></span> <span class='ocrx_word' id='word_1_321' title='bbox 1293 2305 1464 2363; x_wconf 89' lang='lat' dir='ltr'><strong>optimis</strong></span> <span class='ocrx_word' id='word_1_322' title='bbox 1502 2302 1731 2360; x_wconf 87' lang='lat' dir='ltr'><strong>disciplinis</strong></span> <span class='ocrx_word' id='word_1_323' title='bbox 1751 2302 2017 2360; x_wconf 88' lang='lat' dir='ltr'><strong>potissimum</strong></span> 
     </span>
     <span class='ocr_line' id='line_1_35' title="bbox 178 2368 2014 2429; baseline -0.002 -16"><span class='ocrx_word' id='word_1_324' title='bbox 178 2372 305 2413; x_wconf 86' lang='lat' dir='ltr'><strong>sacris</strong></span> <span class='ocrx_word' id='word_1_325' title='bbox 326 2382 517 2412; x_wconf 87' lang='lat' dir='ltr'><strong>accurate</strong></span> <span class='ocrx_word' id='word_1_326' title='bbox 538 2372 727 2413; x_wconf 82' lang='lat' dir='ltr'><strong>excultus</strong></span> <span class='ocrx_word' id='word_1_327' title='bbox 748 2371 791 2413; x_wconf 94' lang='lat' dir='ltr'><strong>in</strong></span> <span class='ocrx_word' id='word_1_328' title='bbox 817 2371 1121 2429; x_wconf 83' lang='lat' dir='ltr'><strong>sempiternam</strong></span> <span class='ocrx_word' id='word_1_329' title='bbox 1150 2371 1337 2413; x_wconf 89' lang='lat' dir='ltr'><strong>fidelium</strong></span> <span class='ocrx_word' id='word_1_330' title='bbox 1369 2370 1547 2412; x_wconf 89' lang='lat' dir='ltr'><strong>salutem</strong></span> <span class='ocrx_word' id='word_1_331' title='bbox 1572 2368 1843 2426; x_wconf 73' lang='lat' dir='ltr'><strong>quaereiitlaln</strong></span> <span class='ocrx_word' id='word_1_332' title='bbox 1873 2368 2014 2410; x_wconf 90' lang='lat' dir='ltr'><strong>inten—</strong></span> 
     </span>
     <span class='ocr_line' id='line_1_36' title="bbox 178 2431 2012 2494; baseline -0.002 -18"><span class='ocrx_word' id='word_1_333' title='bbox 178 2435 340 2477; x_wconf 90' lang='lat' dir='ltr'><strong>tissimo</strong></span> <span class='ocrx_word' id='word_1_334' title='bbox 362 2435 502 2477; x_wconf 86' lang='lat' dir='ltr'><strong>studio</strong></span> <span class='ocrx_word' id='word_1_335' title='bbox 522 2436 755 2487; x_wconf 85' lang='lat' dir='ltr'><strong>incumbat,</strong></span> <span class='ocrx_word' id='word_1_336' title='bbox 779 2447 825 2477; x_wconf 90' lang='lat' dir='ltr'><strong>ut</strong></span> <span class='ocrx_word' id='word_1_337' title='bbox 844 2436 990 2477; x_wconf 84' lang='lat' dir='ltr'><strong>fideles</strong></span> <span class='ocrx_word' id='word_1_338' title='bbox 1007 2436 1153 2494; x_wconf 87' lang='lat' dir='ltr'><strong>populi</strong></span> <span class='ocrx_word' id='word_1_339' title='bbox 1175 2435 1347 2477; x_wconf 88' lang='lat' dir='ltr'><strong>instient</strong></span> <span class='ocrx_word' id='word_1_340' title='bbox 1366 2435 1493 2484; x_wconf 64' lang='lat' dir='ltr'><strong>viam,</strong></span> <span class='ocrx_word' id='word_1_341' title='bbox 1521 2449 1613 2490; x_wconf 68' lang='lat' dir='ltr'><strong>qua?</strong></span> <span class='ocrx_word' id='word_1_342' title='bbox 1642 2433 1758 2474; x_wconf 89' lang='lat' dir='ltr'><strong>ducit</strong></span> <span class='ocrx_word' id='word_1_343' title='bbox 1782 2431 1837 2473; x_wconf 81' lang='lat' dir='ltr'><strong>ad</strong></span> <span class='ocrx_word' id='word_1_344' title='bbox 1867 2432 2012 2484; x_wconf 64' lang='lat' dir='ltr'><strong>vitam,</strong></span> 
     </span>
     <span class='ocr_line' id='line_1_37' title="bbox 178 2497 2011 2559; baseline -0.001 -18"><span class='ocrx_word' id='word_1_345' title='bbox 178 2510 223 2541; x_wconf 90' lang='lat' dir='ltr'><strong>ut</strong></span> <span class='ocrx_word' id='word_1_346' title='bbox 244 2499 432 2557; x_wconf 86' lang='lat' dir='ltr'><strong>quotidie</strong></span> <span class='ocrx_word' id='word_1_347' title='bbox 467 2500 602 2557; x_wconf 87' lang='lat' dir='ltr'><strong>magis</strong></span> <span class='ocrx_word' id='word_1_348' title='bbox 636 2512 774 2542; x_wconf 82' lang='lat' dir='ltr'><strong>sancta</strong></span> <span class='ocrx_word' id='word_1_349' title='bbox 809 2512 1027 2559; x_wconf 84' lang='lat' dir='ltr'><strong>augeatur,</strong></span> <span class='ocrx_word' id='word_1_350' title='bbox 1052 2513 1092 2542; x_wconf 88' lang='lat' dir='ltr'><strong>ct</strong></span> <span class='ocrx_word' id='word_1_351' title='bbox 1112 2501 1388 2559; x_wconf 83' lang='lat' dir='ltr'><strong>amplificetur</strong></span> <span class='ocrx_word' id='word_1_352' title='bbox 1422 2498 1637 2540; x_wconf 82' lang='lat' dir='ltr'><strong>catholicae.</strong></span> <span class='ocrx_word' id='word_1_353' title='bbox 1661 2497 1875 2555; x_wconf 86' lang='lat' dir='ltr'><strong>religionis</strong></span> <span class='ocrx_word' id='word_1_354' title='bbox 1895 2499 2011 2548; x_wconf 90' lang='lat' dir='ltr'><strong>unio,</strong></span> 
     </span>
     <span class='ocr_line' id='line_1_38' title="bbox 179 2561 2017 2616; baseline 0 -12"><span class='ocrx_word' id='word_1_355' title='bbox 179 2575 226 2605; x_wconf 92' lang='lat' dir='ltr'><strong>ut</strong></span> <span class='ocrx_word' id='word_1_356' title='bbox 248 2575 510 2605; x_wconf 88' lang='lat' dir='ltr'><strong>sacramenta</strong></span> <span class='ocrx_word' id='word_1_357' title='bbox 542 2565 908 2616; x_wconf 87' lang='lat' dir='ltr'><strong>administrentur,</strong></span> <span class='ocrx_word' id='word_1_358' title='bbox 946 2581 993 2607; x_wconf 90' lang='lat' dir='ltr'><strong>ac</strong></span> <span class='ocrx_word' id='word_1_359' title='bbox 1029 2565 1173 2606; x_wconf 72' lang='lat' dir='ltr'><strong>divina</strong></span> <span class='ocrx_word' id='word_1_360' title='bbox 1208 2565 1476 2606; x_wconf 83' lang='lat' dir='ltr'><strong>celebrentur</strong></span> <span class='ocrx_word' id='word_1_361' title='bbox 1513 2561 1649 2603; x_wconf 83' lang='lat' dir='ltr'><strong>officia</strong></span> <span class='ocrx_word' id='word_1_362' title='bbox 1687 2562 1800 2603; x_wconf 85' lang='lat' dir='ltr'><strong>iuxta</strong></span> <span class='ocrx_word' id='word_1_363' title='bbox 1833 2574 2017 2604; x_wconf 86' lang='lat' dir='ltr'><strong>vestram</strong></span> 
     </span>
     <span class='ocr_line' id='line_1_39' title="bbox 179 2626 2014 2687; baseline -0.001 -17"><span class='ocrx_word' id='word_1_364' title='bbox 179 2628 464 2686; x_wconf 80' lang='lat' dir='ltr'><strong>disciplinam,</strong></span> <span class='ocrx_word' id='word_1_365' title='bbox 485 2629 533 2669; x_wconf 92' lang='lat' dir='ltr'><strong>iis</strong></span> <span class='ocrx_word' id='word_1_366' title='bbox 554 2640 697 2670; x_wconf 88' lang='lat' dir='ltr'><strong>tamen</strong></span> <span class='ocrx_word' id='word_1_367' title='bbox 717 2630 920 2687; x_wconf 81' lang='lat' dir='ltr'><strong>liturgicis</strong></span> <span class='ocrx_word' id='word_1_368' title='bbox 948 2630 1067 2671; x_wconf 86' lang='lat' dir='ltr'><strong>libris</strong></span> <span class='ocrx_word' id='word_1_369' title='bbox 1091 2629 1304 2679; x_wconf 87' lang='lat' dir='ltr'><strong>adhibitis,</strong></span> <span class='ocrx_word' id='word_1_370' title='bbox 1330 2629 1402 2685; x_wconf 90' lang='lat' dir='ltr'><strong>qui</strong></span> <span class='ocrx_word' id='word_1_371' title='bbox 1435 2629 1487 2668; x_wconf 90' lang='lat' dir='ltr'><strong>ab</strong></span> <span class='ocrx_word' id='word_1_372' title='bbox 1513 2627 1591 2668; x_wconf 87' lang='lat' dir='ltr'><strong>hac</strong></span> <span class='ocrx_word' id='word_1_373' title='bbox 1614 2629 1765 2669; x_wconf 89' lang='lat' dir='ltr'><strong>Sancta</strong></span> <span class='ocrx_word' id='word_1_374' title='bbox 1787 2626 1894 2669; x_wconf 89' lang='lat' dir='ltr'><strong>Sede</strong></span> <span class='ocrx_word' id='word_1_375' title='bbox 1912 2642 2014 2685; x_wconf 92' lang='lat' dir='ltr'><strong>pro-</strong></span> 
     </span>
     <span class='ocr_line' id='line_1_40' title="bbox 179 2691 2015 2752; baseline -0.002 -16"><span class='ocrx_word' id='word_1_376' title='bbox 179 2693 267 2736; x_wconf 89' lang='lat' dir='ltr'><strong>bati</strong></span> <span class='ocrx_word' id='word_1_377' title='bbox 287 2692 475 2734; x_wconf 56' lang='lat' dir='ltr'><strong>fuerunt„—</strong></span> <span class='ocrx_word' id='word_1_378' title='bbox 493 2694 545 2734; x_wconf 88' lang='lat' dir='ltr'><strong>Et</strong></span> <span class='ocrx_word' id='word_1_379' title='bbox 564 2709 659 2734; x_wconf 89' lang='lat' dir='ltr'><strong>cum</strong></span> <span class='ocrx_word' id='word_1_380' title='bbox 680 2694 785 2734; x_wconf 91' lang='lat' dir='ltr'><strong>nihil</strong></span> <span class='ocrx_word' id='word_1_381' title='bbox 804 2694 939 2736; x_wconf 86' lang='lat' dir='ltr'><strong>Nobis</strong></span> <span class='ocrx_word' id='word_1_382' title='bbox 960 2693 1162 2752; x_wconf 85' lang='lat' dir='ltr'><strong>optatius,</strong></span> <span class='ocrx_word' id='word_1_383' title='bbox 1189 2709 1317 2750; x_wconf 90' lang='lat' dir='ltr'><strong>quam</strong></span> <span class='ocrx_word' id='word_1_384' title='bbox 1336 2692 1487 2733; x_wconf 77' lang='lat' dir='ltr'><strong>vestris</strong></span> <span class='ocrx_word' id='word_1_385' title='bbox 1509 2703 1550 2733; x_wconf 90' lang='lat' dir='ltr'><strong>et</strong></span> <span class='ocrx_word' id='word_1_386' title='bbox 1570 2703 1807 2733; x_wconf 86' lang='lat' dir='ltr'><strong>vestrorum</strong></span> <span class='ocrx_word' id='word_1_387' title='bbox 1827 2691 2015 2733; x_wconf 89' lang='lat' dir='ltr'><strong>fidelium</strong></span> 
     </span>
     <span class='ocr_line' id='line_1_41' title="bbox 179 2755 2016 2816; baseline -0.001 -17"><span class='ocrx_word' id='word_1_388' title='bbox 179 2757 421 2816; x_wconf 86' lang='lat' dir='ltr'><strong>indigentiis</strong></span> <span class='ocrx_word' id='word_1_389' title='bbox 441 2774 569 2814; x_wconf 89' lang='lat' dir='ltr'><strong>quam</strong></span> <span class='ocrx_word' id='word_1_390' title='bbox 585 2758 860 2800; x_wconf 86' lang='lat' dir='ltr'><strong>libentissime</strong></span> <span class='ocrx_word' id='word_1_391' title='bbox 877 2774 1114 2809; x_wconf 82' lang='lat' dir='ltr'><strong>occurrere,</strong></span> <span class='ocrx_word' id='word_1_392' title='bbox 1131 2774 1183 2799; x_wconf 90' lang='lat' dir='ltr'><strong>ne</strong></span> <span class='ocrx_word' id='word_1_393' title='bbox 1202 2757 1405 2799; x_wconf 89' lang='lat' dir='ltr'><strong>omittatis</strong></span> <span class='ocrx_word' id='word_1_394' title='bbox 1426 2757 1479 2798; x_wconf 88' lang='lat' dir='ltr'><strong>ad</strong></span> <span class='ocrx_word' id='word_1_395' title='bbox 1496 2757 1583 2798; x_wconf 81' lang='lat' dir='ltr'><strong>Nos</strong></span> <span class='ocrx_word' id='word_1_396' title='bbox 1598 2755 1844 2814; x_wconf 84' lang='lat' dir='ltr'><strong>confugere,</strong></span> <span class='ocrx_word' id='word_1_397' title='bbox 1863 2755 2016 2798; x_wconf 88' lang='lat' dir='ltr'><strong>Nobis-</strong></span> 
     </span>
     <span class='ocr_line' id='line_1_42' title="bbox 181 2821 2015 2880; baseline -0.002 -16"><span class='ocrx_word' id='word_1_398' title='bbox 181 2838 263 2879; x_wconf 88' lang='lat' dir='ltr'><strong>que</strong></span> <span class='ocrx_word' id='word_1_399' title='bbox 283 2838 494 2880; x_wconf 77' lang='lat' dir='ltr'><strong>exponere</strong></span> <span class='ocrx_word' id='word_1_400' title='bbox 514 2833 748 2864; x_wconf 88' lang='lat' dir='ltr'><strong>vestrarum</strong></span> <span class='ocrx_word' id='word_1_401' title='bbox 785 2824 1039 2866; x_wconf 85' lang='lat' dir='ltr'><strong>Dioecesium</strong></span> <span class='ocrx_word' id='word_1_402' title='bbox 1063 2839 1146 2873; x_wconf 88' lang='lat' dir='ltr'><strong>res,</strong></span> <span class='ocrx_word' id='word_1_403' title='bbox 1179 2834 1220 2863; x_wconf 90' lang='lat' dir='ltr'><strong>et</strong></span> <span class='ocrx_word' id='word_1_404' title='bbox 1251 2822 1419 2863; x_wconf 89' lang='lat' dir='ltr'><strong>illarum</strong></span> <span class='ocrx_word' id='word_1_405' title='bbox 1443 2821 1694 2863; x_wconf 88' lang='lat' dir='ltr'><strong>relationem</strong></span> <span class='ocrx_word' id='word_1_406' title='bbox 1731 2821 1783 2861; x_wconf 87' lang='lat' dir='ltr'><strong>ad</strong></span> <span class='ocrx_word' id='word_1_407' title='bbox 1817 2821 2015 2862; x_wconf 88' lang='lat' dir='ltr'><strong>Nostram</strong></span> 
     </span>
     <span class='ocr_line' id='line_1_43' title="bbox 181 2886 2008 2946; baseline -0.002 -17"><span class='ocrx_word' id='word_1_408' title='bbox 181 2886 566 2945; x_wconf 89' lang='lat' dir='ltr'><strong>Congregationem</strong></span> <span class='ocrx_word' id='word_1_409' title='bbox 585 2886 683 2928; x_wconf 89' lang='lat' dir='ltr'><strong>fidei</strong></span> <span class='ocrx_word' id='word_1_410' title='bbox 706 2888 992 2946; x_wconf 81' lang='lat' dir='ltr'><strong>propagandae</strong></span> <span class='ocrx_word' id='word_1_411' title='bbox 1015 2887 1285 2946; x_wconf 86' lang='lat' dir='ltr'><strong>praepositam</strong></span> <span class='ocrx_word' id='word_1_412' title='bbox 1317 2898 1467 2944; x_wconf 87' lang='lat' dir='ltr'><strong>quarto</strong></span> <span class='ocrx_word' id='word_1_413' title='bbox 1498 2901 1668 2943; x_wconf 76' lang='lat' dir='ltr'><strong>quoque</strong></span> <span class='ocrx_word' id='word_1_414' title='bbox 1691 2901 1804 2927; x_wconf 88' lang='lat' dir='ltr'><strong>anno</strong></span> <span class='ocrx_word' id='word_1_415' title='bbox 1827 2886 2008 2927; x_wconf 86' lang='lat' dir='ltr'><strong>mittere.</strong></span> 
     </span>
    </p>
   </div>
   <div class='ocr_carea' id='block_1_3' title="bbox 181 3011 2012 3266">
    <p class='ocr_par' dir='ltr' id='par_1_4' title="bbox 181 3011 2012 3266">
     <span class='ocr_line' id='line_1_44' title="bbox 240 3011 2012 3084; baseline -0.004 -30"><span class='ocrx_word' id='word_1_416' title='bbox 240 3013 448 3084; x_wconf 79' lang='lat' dir='ltr'><strong>Denique,</strong></span> <span class='ocrx_word' id='word_1_417' title='bbox 475 3012 624 3054; x_wconf 90' lang='lat' dir='ltr'><strong>Dilecti</strong></span> <span class='ocrx_word' id='word_1_418' title='bbox 644 3011 737 3053; x_wconf 86' lang='lat' dir='ltr'><strong>Filii</strong></span> <span class='ocrx_word' id='word_1_419' title='bbox 772 3013 930 3061; x_wconf 84' lang='lat' dir='ltr'><strong>Nostri,</strong></span> <span class='ocrx_word' id='word_1_420' title='bbox 958 3029 1004 3054; x_wconf 92' lang='lat' dir='ltr'><strong>ac</strong></span> <span class='ocrx_word' id='word_1_421' title='bbox 1024 3012 1296 3054; x_wconf 81' lang='lat' dir='ltr'><strong>Venerabiles</strong></span> <span class='ocrx_word' id='word_1_422' title='bbox 1324 3012 1508 3062; x_wconf 84' lang='lat' dir='ltr'><strong>Fratres,</strong></span> <span class='ocrx_word' id='word_1_423' title='bbox 1539 3012 1626 3052; x_wconf 91' lang='lat' dir='ltr'><strong>Vos</strong></span> <span class='ocrx_word' id='word_1_424' title='bbox 1655 3011 1930 3060; x_wconf 89' lang='lat' dir='ltr'><strong>obtestamur,</strong></span> <span class='ocrx_word' id='word_1_425' title='bbox 1966 3016 2012 3047; x_wconf 90' lang='lat' dir='ltr'><strong>ut</strong></span> 
     </span>
     <span class='ocr_line' id='line_1_45' title="bbox 182 3075 2011 3134; baseline -0.005 -16"><span class='ocrx_word' id='word_1_426' title='bbox 182 3077 462 3120; x_wconf 88' lang='lat' dir='ltr'><strong>intentissimo</strong></span> <span class='ocrx_word' id='word_1_427' title='bbox 481 3076 620 3119; x_wconf 91' lang='lat' dir='ltr'><strong>studio</strong></span> <span class='ocrx_word' id='word_1_428' title='bbox 641 3076 917 3118; x_wconf 87' lang='lat' dir='ltr'><strong>connitamini</strong></span> <span class='ocrx_word' id='word_1_429' title='bbox 952 3077 1085 3134; x_wconf 83' lang='lat' dir='ltr'><strong>magis</strong></span> <span class='ocrx_word' id='word_1_430' title='bbox 1106 3076 1149 3117; x_wconf 91' lang='lat' dir='ltr'><strong>in</strong></span> <span class='ocrx_word' id='word_1_431' title='bbox 1182 3076 1270 3117; x_wconf 92' lang='lat' dir='ltr'><strong>dies</strong></span> <span class='ocrx_word' id='word_1_432' title='bbox 1293 3091 1560 3127; x_wconf 51' lang='lat' dir='ltr'><strong>conservare,</strong></span> <span class='ocrx_word' id='word_1_433' title='bbox 1599 3075 1671 3116; x_wconf 60' lang='lat' dir='ltr'><strong>fot</strong></span> <span class='ocrx_word' id='word_1_434' title='bbox 1674 3090 1764 3124; x_wconf 89' lang='grc'><strong>010,</strong></span> <span class='ocrx_word' id='word_1_435' title='bbox 1794 3083 1835 3114; x_wconf 89' lang='grc'><strong>01</strong></span> <span class='ocrx_word' id='word_1_436' title='bbox 1858 3085 2011 3128; x_wconf 88' lang='lat' dir='ltr'><strong>augere</strong></span> 
     </span>
     <span class='ocr_line' id='line_1_46' title="bbox 181 3134 2012 3199; baseline -0.005 -16"><span class='ocrx_word' id='word_1_437' title='bbox 181 3158 329 3199; x_wconf 88' lang='lat' dir='ltr'><strong>pacem</strong></span> <span class='ocrx_word' id='word_1_438' title='bbox 365 3154 406 3185; x_wconf 89' lang='lat' dir='ltr'><strong>et</strong></span> <span class='ocrx_word' id='word_1_439' title='bbox 427 3140 700 3185; x_wconf 79' lang='lat' dir='ltr'><strong>concoidiam</strong></span> <span class='ocrx_word' id='word_1_440' title='bbox 731 3142 841 3183; x_wconf 89' lang='lat' dir='ltr'><strong>inter</strong></span> <span class='ocrx_word' id='word_1_441' title='bbox 874 3141 972 3182; x_wconf 81' lang='lat' dir='ltr'><strong>univ</strong></span> <span class='ocrx_word' id='word_1_442' title='bbox 977 3158 1117 3182; x_wconf 89' lang='lat' dir='ltr'><strong>crsum</strong></span> <span class='ocrx_word' id='word_1_443' title='bbox 1146 3141 1317 3183; x_wconf 84' lang='lat' dir='ltr'><strong>istarum</strong></span> <span class='ocrx_word' id='word_1_444' title='bbox 1349 3140 1540 3182; x_wconf 90' lang='lat' dir='ltr'><strong>omnium</strong></span> <span class='ocrx_word' id='word_1_445' title='bbox 1560 3137 1810 3181; x_wconf 86' lang='lat' dir='ltr'><strong>Dioecesium</strong></span> <span class='ocrx_word' id='word_1_446' title='bbox 1845 3134 2012 3176; x_wconf 89' lang='lat' dir='ltr'><strong>Clerum</strong></span> 
     </span>
     <span class='ocr_line' id='line_1_47' title="bbox 182 3196 2006 3266; baseline -0.005 -18"><span class='ocrx_word' id='word_1_447' title='bbox 182 3217 273 3248; x_wconf 92' lang='lat' dir='ltr'><strong>tum</strong></span> <span class='ocrx_word' id='word_1_448' title='bbox 291 3207 423 3258; x_wconf 87' lang='lat' dir='ltr'><strong>latini,</strong></span> <span class='ocrx_word' id='word_1_449' title='bbox 444 3219 532 3250; x_wconf 89' lang='lat' dir='ltr'><strong>tum</strong></span> <span class='ocrx_word' id='word_1_450' title='bbox 555 3207 678 3266; x_wconf 79' lang='lat' dir='ltr'><strong>glaeci</strong></span> <span class='ocrx_word' id='word_1_451' title='bbox 702 3206 896 3249; x_wconf 81' lang='lat' dir='ltr'><strong>catholici</strong></span> <span class='ocrx_word' id='word_1_452' title='bbox 916 3207 970 3248; x_wconf 75' lang='lat' dir='ltr'><strong>rit</strong></span> <span class='ocrx_word' id='word_1_453' title='bbox 974 3223 1020 3248; x_wconf 77' lang='grc'><strong>115</strong></span> <span class='ocrx_word' id='word_1_454' title='bbox 1059 3218 1283 3257; x_wconf 81' lang='grc'><strong>11101111115,</strong></span> <span class='ocrx_word' id='word_1_455' title='bbox 1309 3222 1348 3263; x_wconf 60' lang='grc'><strong>111</strong></span> <span class='ocrx_word' id='word_1_456' title='bbox 1340 3205 1377 3246; x_wconf 86' lang='grc'><strong>11</strong></span> <span class='ocrx_word' id='word_1_457' title='bbox 1396 3203 1608 3247; x_wconf 83' lang='lat' dir='ltr'><strong>militant</strong></span> <span class='ocrx_word' id='word_1_458' title='bbox 1599 3220 1641 3244; x_wconf 70' lang='lat' dir='ltr'><strong>in</strong></span> <span class='ocrx_word' id='word_1_459' title='bbox 1663 3200 1802 3244; x_wconf 60' lang='lat' dir='ltr'><strong>castris</strong></span> <span class='ocrx_word' id='word_1_460' title='bbox 1821 3196 2006 3247; x_wconf 88' lang='lat' dir='ltr'><strong>Domini,</strong></span> 
     </span>
    </p>
   </div>
  </div>
 </body>
</html>
