2135 3442
180 157 256 193 572
545 154 728 191 THESES
757 156 826 190 AD
854 155 1200 192 APOSTOLICAM
1229 155 1393 191 SEDEM
1420 155 1644 192 DELATAE.

232 247 297 281 57.
328 241 524 293 Principia
539 241 765 292 Evangelica
785 255 830 279 eo
849 242 1024 290 tendunt,
1044 250 1087 279 ut
1105 250 1314 279 extenuent
1333 251 1370 279 et
1390 240 1469 280 fere
1495 243 1719 293 extinguant
1737 242 1927 294 legitimos
1948 255 2015 280 ac-

180 300 335 338 tivitatis
357 301 532 338 humanae
552 313 776 352 progressus
796 299 835 337 in
855 300 990 338 ordine
1013 300 1215 341 materiali.

304 376 402 415 Falsa,
418 377 561 417 religioni
578 377 745 406 cliristianae
760 376 922 415 injuriosa,
940 376 1127 406 calumniosa
1142 383 1171 406 et
1187 376 1291 406 haeresi
1306 376 1457 415 proxima.

236 454 300 492 58.
331 453 570 492 Elementum
593 452 788 491 materiale
814 452 885 490 sibi
922 453 1065 504 primas
1088 463 1213 505 partes
1242 453 1435 490 vindicare
1466 453 1581 490 debet
1609 454 1648 490 in
1679 452 1888 500 juventutis
1919 454 2017 491 edu-

181 520 344 550 catione.

298 589 450 628 Impietati
466 589 580 626 favens,
596 589 779 628 perniciosa,
794 598 930 624 erronea,
946 588 1038 617 verbo
1054 588 1109 618 Dei
1127 589 1289 620 contraria.

236 668 300 705 59.
332 670 410 704 Lex
427 666 621 717 religiosa,
647 679 730 717 quae
751 673 853 702 vetat
872 664 1101 715 quibusdam
1122 665 1257 702 diebus
1273 665 1423 702 servilia
1444 678 1563 715 opera
1580 677 1761 702 exercere
1781 665 1831 701 ad
1849 663 1919 701 Dei
1935 663 2019 699 cul-

184 726 237 764 tui
260 727 489 773 vacandum,
511 725 710 778 principiis
731 725 841 761 bonae
864 724 1084 761 oeconomiae
1104 723 1269 775 politicae
1288 725 1529 761 adversatur.

306 803 414 842 Impia,
435 803 601 839 temeraria,
620 804 684 831 Deo
701 808 730 830 et
744 801 884 832 Ecclesiae
899 801 1063 839 injuriosa.

234 947 298 983 60.
330 944 627 982 protestationes
665 943 945 994 Episcoporum
976 940 1153 979 catholici
1189 941 1293 978 orbis
1325 939 1364 976 in
1402 939 1571 976 favorem
1603 938 1764 976 dominii
1795 936 2022 989 temporalis

183 1005 327 1043 Summi
346 1003 552 1051 Pontificis,
573 1018 594 1040 a
614 1004 739 1040 studio
760 1003 926 1054 partium
947 1001 1191 1052 politicarum
1209 999 1398 1050 originem
1420 1007 1636 1036 traxerunt.

306 1082 403 1117 Falsa,
422 1079 590 1118 temeraria,
605 1079 803 1115 calumniosa,
820 1078 908 1107 coetui
925 1077 1148 1116 Episcoporum
1164 1076 1322 1115 injuriosa.

236 1162 277 1196 61
292 1188 300 1196 .
331 1156 523 1195 Exercitia
541 1155 768 1208 spiritualia,
786 1153 1093 1192 extraordinaria
1107 1167 1171 1190 seu
1189 1152 1403 1199 missiones,
1424 1151 1562 1202 quibus
1581 1164 1628 1188 ex
1647 1151 1828 1188 mandato
1845 1149 2025 1202 Episcopi

184 1231 341 1269 operam
361 1218 452 1253 dant
468 1215 684 1253 sacerdotes
702 1214 779 1251 sive
801 1213 998 1250 saeculares
1027 1213 1106 1249 sive
1126 1211 1335 1263 regulares,
1365 1224 1442 1248 non
1472 1210 1588 1246 alium
1615 1208 1825 1259 generatim
1848 1208 2024 1247 effectum

180 1277 412 1328 producunt,
449 1288 561 1325 quam
605 1287 744 1311 vanum
784 1271 978 1322 religionis
1017 1284 1236 1318 rumorem,
1272 1279 1308 1308 ct
1337 1278 1473 1308 natura
1515 1282 1582 1305 sua
1624 1269 1709 1319 paci
1745 1267 1907 1318 publicae
1941 1275 2027 1303 sunt

184 1336 344 1373 infensa.

309 1414 372 1441 Iam
388 1413 526 1440 damnata
550 1410 580 1439 in
599 1410 682 1439 Bulla
699 1408 952 1444 Auctorcmsz'alei‚
967 1419 1058 1447 prop.
1078 1412 1127 1437 65.
