2135 3442
148 119 222 156 516
817 113 1007 149 LETTRE
1036 113 1100 148 DE
1129 113 1208 148 PlE
1236 113 1308 150 IX.

145 206 330 254 Clerum,
359 201 469 243 etin
498 199 777 242 christianam
814 200 983 265 plebem
1018 199 1132 240 bona
1167 198 1427 249 redundant,
1464 209 1506 239 et
1536 197 1685 239 iccirco
1716 198 1833 238 omni
1865 198 1988 239 laude

145 274 241 307 sunt
281 260 513 320 dignissimi
549 260 775 301 Sacrorum
804 258 1039 308 Antistites‚
1074 257 1144 315 qui
1177 260 1421 299 Conventus
1452 257 1583 315 ipsos,
1618 257 1731 298 hisce
1760 257 1988 314 praesertim

169 327 408 388 asperrimis
432 326 712 383 temporibus,
739 323 930 382 provide,
955 323 1249 380 sapienterque
1271 322 1428 364 habere
1451 332 1615 363 curant.
1628 321 1775 380 Perge,
1800 322 1989 362 Venera-

147 395 242 436 bilis
274 394 437 444 Frater,
465 401 511 431 ut
540 389 681 431 adhuc
715 390 863 438 fecisti,
888 403 1037 429 omnes
1059 399 1151 429 tuas
1172 403 1293 429 curas
1315 386 1674 444 cogitationesque
1700 387 1741 426 in
1770 384 1830 427 tui
1859 386 1993 443 gregis

162 459 338 501 salutem
371 454 701 513 procurandam,
735 453 779 494 in
807 451 907 504 Dei,
947 453 1120 509 ejusque
1158 464 1312 494 sanctae
1346 451 1540 493 Ecclesiae
1569 466 1738 492 causam
1769 450 1985 500 tuendam,

154 535 280 581 atque
299 521 342 563 in
362 536 511 579 pravas
536 519 765 578 impiorum
787 485 1011 559 hominum
1028 516 1203 559 insidias
1217 516 1491 575 detegendas,
1505 532 1669 558 errores
1686 514 1988 574 profligandos,

158 599 414 660 conatusque
437 584 729 643 reprimendos
750 582 961 625 confelffre
982 582 1080 624 Tibi
1097 594 1237 624 autem
1257 580 1479 641 persuade,
1500 580 1755 639 peculiarem
1777 595 1881 631 esse,
1910 595 1990 637 qua

156 665 197 696 te
217 654 260 694 in
281 650 465 693 Domino
489 649 802 708 piosequimur,
827 647 1184 690 benevolentiam.
1210 649 1336 702 Cujus
1356 661 1524 704 quoque
1544 645 1822 687 certissimum
1840 644 1992 703 pignus

158 718 301 775 accipe
320 715 613 773 Apostolicam
627 713 991 766 Benedictionem,
1013 729 1140 771 quam
1169 712 1303 755 effuso
1325 711 1465 754 cordis
1483 710 1635 753 affectu
1653 710 1757 752 tibi
1747 710 1839 769 ipsi,
1858 711 1993 752 Vene-

160 781 302 825 rabilis
331 782 490 851 Frater,
518 779 757 836 cunctisque
781 778 949 821 Clericis
972 778 1169 836 laicisque
1192 777 1387 820 fidelibus
1410 788 1490 818 tuae
1515 775 1738 835 vigilantiae
1763 774 1993 845 commissis

145 856 411 906 peramanter
430 844 708 903 impertimus.
1950 842 1985 872 γῇ

216 913 371 953 Datum
394 912 541 952 Romae
572 909 685 967 apud
703 910 746 950 S.
771 909 956 962 Petrum,
981 908 1049 950 die
1071 913 1124 951 29
1151 907 1408 966 Septembris
1435 923 1545 948 anno
1569 889 1993 960 1864,P0ntificat{1s

150 976 282 1019 nostri
304 992 418 1018 anno
441 975 604 1017 decimo
630 991 762 1017 nono.

1313 1050 1436 1091 PIUS
1472 1050 1556 1090 ΡΡ.
1591 1050 1666 1091 ΙΧ.
