2135 3442
217 130 292 166 160
610 125 797 160 Lai-Tim
825 125 1138 172 ENCYCLIQUE
1166 126 1232 160 DE
1262 115 1522 161 GREGOIRE
1551 124 1657 159 xvl.

219 214 472 262 continetur,
506 226 658 252 vesana
689 211 891 269 opinandi
927 211 1100 253 libidine
1139 211 1400 269 improbari,
1438 209 1503 250 vel
1533 219 1581 249 ut
1613 209 1734 250 certis
1758 209 1862 265 juris
1889 219 2049 250 naturae

221 275 432 336 principiis
452 275 644 316 infestam
670 276 826 327 notari,
855 276 919 318 vel
944 291 1137 317 mancam
1164 275 1246 317 dici
1270 287 1396 332 atque
1421 272 1728 332 imperfectam,
1755 273 1947 332 civilique
1972 289 2047 314 au-

220 341 399 384 ctoritati
422 340 668 395 subjectam.

277 408 383 447 Cum
403 416 556 455 autem,
584 416 629 446 ut
653 406 999 447 Tridentinorum
1023 406 1197 446 Patrum
1227 404 1365 446 verbis
1394 415 1578 453 utamur,
1605 413 1785 455 constet,
1820 403 2052 444 Ecclesiam

226 493 243 508 «
270 470 477 514 eruditam
500 468 623 511 fuisse
653 486 676 511 a
710 470 874 510 Christo
906 472 1024 519 Jesu,
1050 471 1221 527 ejusque
1251 469 1484 527 Apostolis,
1514 479 1638 524 atque
1671 483 1693 508 a
1723 467 1877 524 Spiritu
1907 477 2052 508 sancto

226 558 242 573 α
269 535 328 577 illi
345 551 515 577 omnem
531 538 747 575 veritatem
765 534 807 574 in
832 534 920 576 dies
944 546 1191 592 suggerente
1216 534 1383 576 edoceri
1402 534 1437 584 ¹,
1467 555 1484 570 η
1513 532 1742 573 absurdum
1759 531 1881 589 plane
1909 542 1985 581 est,
2006 547 2053 572 ac

219 602 399 643 maxime
420 601 462 641 in
485 616 580 641 eam
598 600 862 656 injuriosum,
889 622 906 635 «
933 599 1283 641 restaurationem
1308 615 1355 640 ac
1376 597 1749 655 regenerationem
1777 616 1794 631 »
1826 595 2054 653 quamdam

221 665 406 716 obtrudi,
443 665 559 722 quasi
587 664 880 716 necessariam,
918 676 963 705 ut
994 667 1082 720 ejus
1114 663 1395 705 incolumitati
1422 674 1462 705 et
1491 664 1753 704 incremento
1786 660 2051 712 consulatur;

220 730 396 789 perinde
414 745 461 770 ac
478 729 511 770 si
528 728 687 770 censeri
709 730 798 787 ipsa
821 729 953 786 possit
975 729 1042 770 vel
1069 729 1266 779 defectui,
1290 729 1355 770 vel
1379 727 1683 780 obscurationi,
1715 726 1780 767 vel
1800 725 1888 767 aliis
1904 725 2053 781 hujus-

223 795 387 838 cemodi
410 793 690 835 incommodis
710 795 914 845 obnoxia3
936 810 1020 850 quo
1041 793 1213 851 quidem
1232 792 1451 834 molimine
1469 808 1520 833 eo
1541 803 1734 850 spectant
1751 802 1988 844 novatores,
2009 801 2056 831 ut

229 883 244 896 ιε
272 859 452 902 recentis
478 860 673 900 humanae
693 859 961 899 institutionis
977 860 1184 914 jaciantur
1206 857 1494 907 fundamenta,
1536 878 1552 893 »
1588 856 1778 913 illudque
1806 857 1943 913 ipsum
1962 870 2058 896 eve-

225 926 329 974 niat,
354 923 471 981 quod
490 923 721 965 detestatur
745 924 993 979 Cyprianus,
1016 934 1077 973 ut,
1106 939 1197 980 quse
1218 922 1358 964 divina
1379 938 1445 963 res
1462 932 1537 974 cst,
1565 942 1581 956 «
1609 923 1798 962 humana
1816 920 1887 961 fiat
1910 919 2057 961 Eccle-

230 1012 247 1025 «
277 990 336 1031 sia
355 989 385 1031 2.
420 1010 436 1025 υ
460 987 732 1045 Perpendant
760 1003 874 1036 vero,
903 989 974 1044 qui
1005 988 1175 1028 consilia
1207 987 1251 1028 id
1277 1002 1406 1044 genus
1425 986 1742 1036 machinantur,
1771 986 1842 1026 uni
1862 988 2056 1026 Romano

222 1054 428 1104 Pontifici,
450 1069 498 1093 ex
517 1054 560 1093 S.
580 1051 732 1092 Leonis
750 1052 1010 1104 testimonio,
1038 1075 1054 1089 «
1081 1067 1293 1093 canonum
1312 1051 1670 1109 dispensationem
1686 1066 1771 1092 esse
1788 1050 2008 1098 creditam,
2036 1070 2053 1086 »

222 1117 430 1177 ipsiusque
455 1117 674 1158 dumtaxat
700 1131 805 1168 esse,
833 1132 920 1156 non
940 1132 1040 1157 vero
1063 1115 1213 1174 privati
1246 1116 1447 1169 hominis,
1479 1136 1495 1150 «
1523 1115 1575 1156 de
1602 1125 1875 1172 paternarum
1906 1113 2058 1172 regulis

227 1203 244 1219 «
270 1183 532 1224 sanctionum
559 1201 577 1216 υ
603 1179 820 1237 quidpiam
843 1180 1086 1232 decernere,
1116 1191 1239 1238 atque
1262 1179 1335 1230 ita,
1356 1179 1721 1237 quemadmodum
1747 1178 1890 1220 scribit
1907 1179 1948 1220 S.
1970 1179 2056 1220 Ge—

224 1248 349 1288 lasius
366 1246 399 1297 ³,
428 1268 445 1282 «
472 1245 638 1286 decreta
667 1260 878 1286 canonum
900 1245 1070 1296 librare,
1094 1244 1447 1301 decessorumque
1466 1255 1674 1302 praecepta
1706 1243 1859 1293 metiri,
1893 1254 1940 1284 ut
1967 1259 2058 1300 qua:

228 1310 494 1353 «necessitas
534 1321 773 1367 temporum
820 1310 1103 1351 restaurandis
1141 1309 1336 1351 Ecclesiis
1368 1308 1596 1350 relaxanda
1632 1307 1836 1365 deposcit,
1868 1307 2057 1348 adhibita

226 1397 243 1412 «
273 1375 611 1418 consideratione
636 1374 842 1432 diligenti,
866 1385 1174 1432 temperentur.
1200 1395 1216 1411 »

282 1441 361 1481 Hic
389 1450 530 1481 autem
557 1450 732 1479 vestram
766 1439 957 1480 volumus
984 1440 1208 1480 excitatam
1224 1455 1303 1497 pro
1324 1438 1529 1497 religione
1552 1437 1833 1479 constantiam
1863 1435 2060 1477 adversus

224 1503 494 1546 foedissimam
515 1503 558 1543 in
577 1502 812 1544 clericalem
837 1504 1077 1545 coelibatum
1102 1504 1451 1559 conjurationem,
1483 1517 1611 1560 quam
1634 1502 1766 1543 nostis
1790 1499 2059 1542 effervescere

224 1568 267 1609 in
285 1569 373 1610 dies
387 1568 522 1618 latius,
544 1567 857 1609 connitentibus
883 1584 980 1609 cum
1000 1567 1289 1625 perditissimis
1321 1568 1450 1609 nostri
1477 1566 1550 1608 aevi
1571 1566 1831 1624 philosophis
1848 1564 2060 1606 nonnullis

224 1633 351 1674 etiam
376 1648 427 1674 ex
448 1633 539 1689 ipso
557 1631 830 1673 ecclesiastico
852 1632 1014 1682 ordine,
1037 1633 1107 1690 qui
1124 1648 1311 1690 personae
1335 1631 1470 1683 obliti,
1492 1631 1760 1687 munerisque
1776 1631 1853 1684 sui,
1873 1646 1920 1671 ac
1936 1629 2058 1671 blan-

226 1697 339 1739 ditiis
370 1696 529 1754 abrepti
558 1696 838 1753 voluptatum,
862 1712 912 1738 eo
944 1696 1119 1738 licentiae
1149 1707 1446 1754 proruperunt,
1480 1706 1527 1736 ut
1563 1695 1750 1752 publicas
1778 1694 1904 1735 etiam
1936 1704 2060 1751 atque

221 1763 391 1803 iteratas
411 1761 617 1817 aliquibus
636 1760 679 1801 in
700 1761 802 1802 locis
821 1762 908 1802 ausi
930 1761 1012 1802 sint
1028 1761 1228 1803 adhibere
1247 1760 1511 1818 principibus
1527 1758 1833 1817 postulationes
1853 1757 1903 1800 ad
1930 1758 2056 1800 disci-

221 1826 382 1883 plinam
418 1825 534 1866 illam
574 1826 880 1867 sanctissimam
915 1826 1272 1885 perfringendam.
1311 1825 1394 1867 Sed
1430 1826 1546 1884 piget
1585 1823 1637 1865 de
1678 1823 1922 1881 turpissimis
1945 1823 2060 1865 hisce

221 1890 439 1931 conatibus
470 1890 599 1948 longo
631 1905 704 1931 vos
739 1906 931 1932 sermone
971 1891 1183 1941 distinere,
1216 1901 1447 1947 vestrseque
1483 1890 1623 1947 potius
1660 1887 1852 1945 religioni
1885 1886 2061 1929 fidentes

223 1953 540 2006 committimus,
568 1965 614 1995 ut
630 1955 767 2012 legem
790 1955 964 1996 maximi
983 1956 1204 2006 momenti,
1230 1956 1273 1995 in
1296 1971 1423 2012 quam
1442 1952 1752 1996 lascivientium
1770 1951 1853 1994 tela
1874 1951 2060 2010 undique

224 2030 320 2059 sunt
337 2019 513 2070 intenta,
538 2030 693 2059 sartam
714 2031 865 2061 tectam
901 2019 1114 2070 custodiri,
1153 2019 1372 2070 vindicari,
1408 2017 1596 2069 defendi,
1624 2033 1675 2059 ex
1702 2032 1916 2058 sacrorum
1936 2032 2062 2058 cano-

224 2099 327 2124 num
345 2083 602 2140 prfescripto,
631 2084 745 2125 omni
767 2101 846 2142 ope
871 2084 1157 2127 contendatis.

282 2147 542 2188 Honorabile
576 2148 729 2190 deinde
753 2149 1077 2191 christianorum
1097 2149 1377 2203 connubium,
1413 2147 1531 2205 quod
1577 2169 1595 2184 «
1626 2156 1933 2188 sacramentum
1972 2161 2061 2186 ma-

229 2232 245 2246 «
273 2227 403 2268 gnum
433 2233 449 2248 »
482 2213 735 2270 nuncupavit
755 2214 910 2255 Paulus
951 2235 968 2249 «
997 2215 1040 2254 in
1071 2215 1237 2255 Christo
1263 2225 1304 2255 et
1318 2213 1505 2255 Ecclesia
1524 2212 1557 2262 Δ,
1592 2233 1609 2247 »
1634 2225 1876 2253 communes
1899 2221 2061 2252 nostras

224 2290 344 2316 curas
375 2275 588 2333 efflagitat,
612 2293 665 2319 ne
684 2277 785 2335 quid
805 2279 1001 2320 adversus
1022 2279 1150 2335 ipsius
1173 2278 1453 2328 sanctitatem,
1496 2292 1543 2318 ac
1568 2276 1620 2317 de
1649 2275 1929 2316 indissolubili
1951 2276 2063 2329 ejus-

223 2338 321 2379 dem
342 2340 508 2380 vinculo
531 2342 670 2383 minus
688 2354 798 2384 recte
816 2344 1032 2393 sentiatur,
1055 2342 1119 2383 vel
1138 2354 1342 2392 tentetur,
1373 2342 1536 2383 induci.
1559 2343 1755 2397 Impense
1775 2338 1819 2379 id
1837 2340 1927 2394 jam
1946 2354 2061 2380 com-

223 2403 444 2444 mendarat
460 2405 542 2445 suis
556 2405 611 2446 ad
629 2423 703 2448 vos
726 2408 871 2448 litteris
888 2407 1017 2449 felicis
1033 2406 1337 2448 recordationis
1355 2405 1644 2464 praedecessor
1665 2414 1808 2445 noster
1827 2404 1925 2444 Pius
1940 2404 2057 2456 V1113

224 2467 362 2508 adhuc
384 2467 526 2509 tamen
542 2469 692 2511 infesta
713 2471 852 2513 eidem
872 2472 1087 2513 molimina
1108 2482 1388 2512 succrescunt,
1418 2468 1613 2511 Doccndi
1631 2470 1772 2525 itaque
1795 2479 1891 2509 sunt
1912 2467 2059 2509 sedulo

223 2531 383 2588 populi,
417 2532 733 2576 matrimonium
755 2536 884 2577 semel
913 2538 991 2577 rite
1013 2537 1166 2576 initum
1190 2534 1327 2576 dirimi
1363 2534 1544 2592 amplius
1574 2549 1661 2574 non
1693 2549 1829 2590 posse,
1860 2533 2060 2590 nexisque

225 2596 439 2637 connubio
470 2598 607 2639 Deum
641 2600 838 2641 indidisse
866 2612 1111 2659 perpetuam
1141 2601 1237 2641 vitae
1269 2599 1534 2650 societatem,
1574 2598 1821 2655 nodumque
1836 2598 2061 2639 necessitu-

227 2658 349 2709 dinis,
371 2661 440 2717 qui
463 2662 634 2714 exsolvi,
665 2664 740 2705 nisi
774 2677 926 2716 morte,
953 2681 1040 2706 non
1059 2666 1203 2722 possit.
1233 2666 1444 2706 Memores
1468 2664 1592 2704 sacris
1627 2663 1735 2704 illud
1767 2663 1893 2704 rebus
1927 2662 2061 2703 adnu-

227 2725 391 2775 merari,
416 2736 457 2765 et
472 2726 666 2768 Ecclesiae
685 2730 864 2786 proinde
886 2730 1045 2785 subjici,
1068 2730 1315 2787 praestitutas
1337 2729 1389 2770 de
1408 2730 1498 2786 ipso
1525 2728 1714 2783 ejusdem
1730 2728 1924 2770 Ecclesiae
1946 2727 2059 2785 leges

227 2787 412 2829 habeant
429 2791 484 2830 ob
504 2791 662 2843 oculos,
685 2792 816 2849 iisque
830 2806 1005 2851 pareant
1023 2805 1179 2844 sancte,
1201 2804 1494 2850 accurateque,
1525 2810 1576 2835 ex
1598 2810 1778 2851 quarum
1807 2791 2056 2834 executione

229 2853 402 2894 omnino
417 2854 573 2911 pendet
598 2857 786 2912 ejusdem
815 2859 1015 2900 connubii
1045 2858 1120 2909 vis,
1144 2859 1288 2909 robur,
1324 2874 1370 2900 ac
1399 2859 1511 2914 justa
1549 2858 1824 2902 consociatio.
1852 2860 2051 2908 Caveant,

280 3010 312 3042 1.
340 3008 449 3041 Cone.
469 3008 568 3043 Trid.
589 3022 669 3044 sess.
690 3024 769 3057 x111,
789 3011 884 3048 decr.
905 3014 944 3046 de
964 3013 1150 3045 Eucharist.
1169 3014 1333 3058 inproem.

280 3057 311 3088 2.
341 3054 377 3088 S.
395 3055 485 3101 Cyp.
502 3056 568 3102 Ep.
590 3069 652 3097 LII,
671 3057 754 3093 edit.
775 3060 892 3095 Baluz.

281 3103 315 3135 3.
342 3102 374 3135 Sv
400 3103 554 3136 Gelasius
573 3104 637 3138 ΡΡ.
659 3104 695 3138 in
715 3107 781 3152 Ep.
802 3106 846 3140 ad
865 3107 1029 3154 Episcop.
1049 3108 1230 3143 Lucaniae.

285 3151 317 3182 4.
344 3148 398 3182 Ad
419 3150 526 3185 Hebr.
548 3163 629 3188 xm.
653 3154 687 3186 li.
