2135 3442
140 176 216 212 294
633 176 821 212 LETTRE
850 175 1192 223 APOSTOLIQUE
1219 178 1284 212 DE
1314 177 1392 212 PIE
1421 178 1492 214 IX.

140 258 344 301 Romanis
369 258 645 301 Pontificibus
678 261 1060 303 Praedecessoribus
1093 262 1272 312 Nostris,
1300 263 1529 319 praesertim
1549 263 1709 305 Joanne
1734 266 1876 318 XXII,
1903 270 1982 309 Be-

140 324 311 366 nedicto
338 325 456 377 XIV,
487 326 564 367 Pio
599 326 672 379 5³1,
708 342 755 367 ac
788 327 994 384 Gregorio
1023 327 1140 378 XVI,
1176 338 1302 383 atque
1332 343 1355 367 a
1385 337 1448 367 tot
1470 327 1758 369 Conciliorum
1787 329 1979 383 decretis,

140 390 367 448 praesertim
393 405 415 430 a
442 391 714 432 Laterancnsi
749 391 854 448 (IV),
890 391 1136 433 florentino
1165 407 1211 433 ac
1239 391 1491 433 Tridentino
1523 392 1722 434 damnata
1742 394 1904 448 jamdiu
1935 412 1982 438 ac

140 457 295 511 rejecta
317 465 433 507 sunt,
458 455 646 512 quodam
670 456 765 497 fuco
793 454 991 496 novitatis
1018 456 1230 513 adspersa,
1256 468 1381 513 atque
1407 456 1511 497 illita
1535 456 1798 499 auditoribus
1824 476 1982 518 propo-

139 535 240 562 nere
258 521 357 572 suis,
378 536 426 561 ac
447 521 558 578 typis
580 521 706 562 edere
726 536 814 561 non
840 520 1022 562 erubuit.
1051 521 1407 578 Quandoquidem
1425 521 1564 579 palam
1582 532 1623 562 et
1646 534 1786 579 aperte
1806 524 1849 564 in
1864 524 1985 567 editis

139 584 240 627 dicti
276 585 474 626 Auctoris
510 585 627 626 libris
667 586 865 626 asseritur
889 601 897 626 ι
932 605 946 621 «
986 586 1215 627 Ecclesiam
1250 586 1308 627 vis
1348 586 1578 628 inferendae
1615 598 1867 644 potestatem
1899 605 1985 630 non

138 650 318 701 habere,
348 666 486 707 neque
506 661 759 708 potestatem
780 650 911 690 ullam
936 650 1217 708 temporalem
1243 651 1463 701 directam,
1488 650 1555 693 vel
1582 651 1854 705 indirectam3
1879 652 1984 695 divi-

139 714 245 755 sioni
267 714 462 756 Ecclcsise
478 715 521 756 in
540 715 791 756 orientalem
812 725 939 771 atque
959 715 1264 758 occidentalem
1279 715 1407 757 nimia
1422 718 1715 757 Romanorum
1730 717 1986 760 Pontificum

139 779 314 820 arbitria
333 780 561 821 contulisse
574 795 583 834 3
595 792 748 838 praeter
760 790 1015 836 potestatem
1028 780 1299 839 Episcopatui
1313 781 1604 832 inhaerentem,
1621 780 1745 823 aliam
1759 797 1845 825 esse
1867 783 1987 824 attri—

137 842 288 886 butam
312 846 590 903 temporalem
615 861 637 885 a
661 843 770 885 civili
786 843 965 902 imperio
985 844 1052 886 vel
1066 862 1260 903 expresse
1280 846 1345 887 vel
1364 847 1487 888 tacite
1509 862 1768 898 concessam,
1782 863 1986 891 revocan-

140 907 238 949 dam
254 920 479 967 propterea
508 925 603 950 cum
625 907 794 950 libuerit
812 924 836 949 a
856 908 965 950 civili
978 910 1176 967 imperio,
1192 911 1300 953 civili
1321 913 1517 969 potestati
1531 912 1596 954 vel
1613 913 1664 953 ab
1679 912 1837 955 infideli
1851 913 1984 971 impe-

138 984 260 1015 rante
290 974 480 1015 exercitae
504 985 742 1031 competere
764 985 1017 1032 potestatem
1043 975 1294 1017 indirectam
1317 976 1551 1034 negativam
1577 976 1620 1017 in
1651 977 1797 1031 Sacra,
1821 977 1985 1019 civilem

139 1050 410 1095 potestatem,
425 1039 477 1078 ab
495 1038 786 1081 Ecclesiastica
803 1040 835 1081 si
851 1039 1010 1080 damno
1029 1039 1245 1090 afficiatur,
1267 1040 1345 1081 sibi
1366 1042 1586 1083 consulere
1599 1053 1853 1099 potestatem
1872 1042 1985 1084 indi-

137 1115 298 1145 rectam
322 1104 559 1162 negativam
579 1102 622 1144 in
645 1104 791 1158 Sacra,
808 1105 869 1145 illi
883 1116 1122 1163 competere
1138 1105 1296 1146 nedum
1306 1107 1387 1160 jus,
1410 1106 1525 1163 quod
1542 1117 1712 1158 vocant,
1736 1114 1983 1165 exequatur,

141 1168 217 1210 sed
231 1184 329 1210 vero
347 1169 474 1210 etiam
488 1168 815 1227 appellationem
835 1170 887 1210 ab
909 1170 1040 1210 abusu
1056 1183 1065 1221 3
1087 1170 1129 1210 in
1147 1169 1346 1211 conflictu
1363 1170 1504 1228 legum
1520 1170 1736 1229 utriusque
1751 1173 1985 1229 potestatis,

136 1233 203 1288 jus
227 1233 346 1274 civile
369 1233 616 1291 praevalere,
641 1235 745 1274 nihil
767 1245 909 1275 vetare
936 1235 1108 1291 alicujus
1135 1235 1311 1277 Concilii
1329 1236 1534 1294 generalis
1554 1236 1775 1286 sententia,
1796 1247 1867 1277 aut
1890 1238 1985 1278 uni-

140 1313 356 1339 versorum
392 1298 649 1356 populorum
686 1300 820 1353 facto,
858 1300 1079 1343 Summum
1113 1300 1414 1343 Pontificatum
1444 1301 1496 1341 ab
1523 1302 1719 1342 Romano
1748 1301 1988 1360 Episcopo,

142 1374 266 1421 atque
286 1364 404 1405 Urbe
433 1363 488 1405 ad
515 1364 643 1405 alium
669 1365 946 1423 Episcopum,
983 1365 1192 1423 aliamque
1226 1365 1449 1408 Civitatem
1487 1365 1725 1418 transferri3
1764 1366 1990 1408 nationalis

141 1428 317 1470 Concilii
340 1428 632 1470 definitionem
654 1430 813 1471 nullam
839 1430 963 1471 aliam
986 1430 1208 1472 admittere
1229 1429 1577 1488 disputationem,
1605 1441 1647 1472 et
1663 1429 1828 1472 civilem
1851 1430 1990 1472 admi-

142 1493 433 1535 nistrationem
452 1510 543 1536 rem
564 1494 619 1535 ad
640 1494 766 1537 hosce
792 1494 995 1537 terminos
1020 1496 1187 1553 exigere
1206 1511 1330 1553 posse
1353 1511 1362 1537 ε
1393 1495 1632 1538 doctrinam
1651 1496 1988 1552 comparantium

142 1556 277 1600 libero
297 1558 482 1617 Principi
513 1560 758 1601 Romanum
782 1559 1049 1612 Pontificem,
1078 1571 1119 1601 et
1144 1560 1297 1617 agendi
1321 1562 1364 1601 in
1388 1561 1583 1601 universa
1606 1559 1806 1612 Ecclesia,
1832 1558 1990 1602 doctri-

142 1637 242 1663 nam
267 1639 371 1674 esse,
394 1640 485 1681 quae
507 1623 649 1665 medio
673 1639 760 1665 aevo
776 1624 1007 1681 praevaluit,
1031 1623 1291 1681 effectusque
1309 1624 1447 1665 adhuc
1460 1639 1653 1664 manere:
1680 1623 1733 1665 de
1748 1624 1989 1681 temporalis

141 1687 260 1745 regni
279 1704 376 1730 cum
400 1689 602 1746 spirituali
625 1688 974 1747 compatibilitate
994 1687 1207 1746 disputare
1230 1689 1338 1729 inter
1362 1704 1405 1730 se
1431 1687 1676 1729 Christiana*
1703 1699 1744 1729 et
1762 1689 1988 1730 Catholicae

142 1753 338 1794 Ecclesiae
360 1753 482 1796 filios.
515 1775 532 1791 >›
557 1754 683 1795 Plura
708 1769 876 1811 quoque
902 1753 954 1795 de
976 1753 1251 1794 Matrimonio
1280 1753 1387 1794 falsa
1417 1764 1685 1795 asseruntur:
1718 1773 1734 1788 «
1767 1753 1893 1795 Nulla
1918 1770 1985 1795 ra-

143 1818 259 1859 tione
282 1818 381 1859 ferri
406 1835 527 1876 posse
547 1819 759 1860 Christum
782 1819 967 1860 evexisse
996 1818 1318 1860 Matrimonium
1346 1818 1399 1860 ad
1428 1819 1676 1877 dignitatem
1702 1819 1983 1870 Sacramenti3

142 1882 403 1924 Matrimonii
425 1885 746 1925 Sacramentum
767 1900 854 1925 non
872 1900 959 1925 esse
978 1883 1056 1925 nisi
1076 1884 1179 1945 quid
1202 1885 1437 1925 contractui
1461 1883 1759 1936 accessorium,
1780 1884 1834 1924 ab
1854 1899 1988 1942 eoque

144 1946 394 2004 separabile,
417 1948 639 2006 ipsumque
663 1950 984 1990 Sacramentum
999 1950 1043 1990 in
1066 1965 1150 1990 una
1168 1960 1333 1990 tantum
1349 1949 1527 2007 nuptiali
1546 1948 1846 1991 benedictione
1865 1950 1990 1993 situm

145 2027 232 2053 esse
248 2044 258 2065 s·
273 2014 366 2068 jure
389 2024 551 2054 naturae
571 2012 835 2055 Matrimonii
864 2013 1080 2055 vinculum
1105 2030 1194 2054 non
1212 2030 1299 2056 esse
1313 2013 1627 2065 indissolubile3
1648 2013 1879 2056 Ecclesiam
1903 2029 1989 2055 non

143 2077 302 2118 habere
325 2089 580 2135 potestatem
603 2078 911 2136 impedimenta
931 2077 1254 2120 Matrimonium
1277 2078 1518 2120 dirimentia
1536 2077 1783 2126 inducendi,
1809 2077 1882 2118 sed
1896 2093 1990 2119 eam

144 2141 254 2183 civili
280 2142 477 2200 potestati
502 2154 742 2200 competere
767 2159 791 2186 a
820 2160 902 2200 qua
924 2142 1231 2200 impedimenta
1257 2143 1478 2184 existentia
1498 2142 1690 2184 tollenda
1713 2143 1818 2183 sint:
1846 2157 1991 2184 causas

144 2208 489 2259 matrimoniales,
509 2220 549 2249 et
566 2207 775 2266 sponsalia
797 2224 947 2266 suapse
967 2219 1116 2249 natura
1137 2207 1190 2249 ad
1209 2207 1351 2248 forum
1368 2206 1489 2248 civile
1506 2206 1741 2264 pertinere3
1760 2206 1991 2248 Ecclesiam

135 2268 408 2329 'sequioribus
431 2273 592 2314 saeculis
616 2273 863 2315 dirimentia
889 2272 1196 2331 impedimenta
1216 2272 1416 2314 inducere
1439 2271 1627 2329 coepisse,
1652 2287 1740 2312 non
1765 2273 1861 2326 jure
1883 2287 1987 2329 pro-

143 2336 252 2395 prio,
278 2336 352 2378 sed
384 2337 456 2378 illo
481 2340 575 2392 jure
611 2355 748 2391 usam,
776 2338 894 2396 quod
923 2354 945 2379 a
970 2337 1081 2379 civili
1106 2348 1315 2396 potestate
1348 2347 1541 2378 mutuata
1573 2347 1685 2389 erat3
1717 2336 1989 2379 Tridentinos

144 2403 338 2444 Canones
361 2401 483 2458 (Sess.
508 2418 626 2455 XXIV,
658 2403 709 2443 cle
731 2405 944 2453 Manita„
975 2419 1012 2445 c.
1039 2403 1112 2460 lv),
1137 2403 1211 2459 qui
1236 2401 1514 2443 anathematis
1539 2416 1760 2442 censuram
1778 2400 1856 2442 illis
1875 2402 1988 2443 infe-

143 2478 257 2518 runt,
270 2467 342 2524 qui
352 2466 594 2508 facultatem
606 2467 910 2525 impedimenta
922 2466 1163 2508 dirimentia
1178 2465 1405 2507 inducendi
1419 2465 1611 2507 Ecclesiae
1624 2481 1776 2524 negare
1789 2465 1986 2520 audeant,

143 2532 209 2575 vel
235 2547 319 2573 non
343 2547 429 2573 esse
450 2531 729 2590 dogmaticos,
756 2532 822 2573 vel
848 2533 900 2573 de
923 2532 1003 2573 hac
1028 2542 1217 2572 mutuata
1243 2541 1450 2590 potestate
1479 2529 1791 2588 intelligendos.
1824 2552 1841 2568 υ
1874 2530 1985 2587 Quin

145 2596 265 2638 addit
292 2611 301 2638 :
333 2617 349 2632 «
379 2596 672 2638 Tridentinam
708 2596 890 2637 formam
921 2597 999 2637 sub
1032 2595 1283 2636 infirmitatis
1315 2611 1438 2652 poena
1470 2611 1558 2637 non
1592 2596 1782 2656 obligare
1811 2595 1885 2638 ubi
1919 2595 1989 2638 lex

144 2660 276 2704 civilis
301 2659 427 2703 aliam
456 2660 636 2702 formam
661 2661 907 2719 praestituat,
934 2672 975 2702 et
993 2659 1093 2703 velit
1114 2661 1192 2703 hac
1211 2674 1320 2700 nova
1345 2659 1480 2701 forma
1506 2659 1812 2705 interveniente
1835 2661 1984 2703 Matri-

144 2725 338 2768 monium
373 2725 534 2779 valere,
573 2725 839 2768 Bonifacium
865 2726 966 2768 VIII
996 2736 1142 2767 votum
1174 2725 1371 2766 castitatis
1402 2725 1446 2765 in
1480 2724 1759 2770 ordinatione
1787 2725 1986 2771 emissum

144 2792 313 2850 nuptias
350 2790 488 2833 nullas
520 2789 697 2833 reddere
729 2791 912 2848 primum
944 2788 1165 2833 asseruisse
1191 2788 1222 2829 ¹.
1258 2810 1274 2826 »
1308 2789 1434 2832 Plura
1470 2790 1652 2848 denique
1687 2790 1739 2836 de
1775 2801 1982 2849 potestate

195 2946 228 2978 1.
256 2942 287 2976 Il
308 2948 391 2989 peut
403 2952 426 2987 y
444 2937 542 2974 avoir
563 2940 712 2984 quelque
733 2939 844 2972 utilite
859 2942 877 2972 a
897 2938 1075 2972 connaitre
1090 2938 1139 2971 les
1154 2936 1391 2983 propositions
1405 2951 1472 2984 que
1490 2939 1522 2971 le
1539 2939 1735 2984 professeur
1748 2936 1944 2971 condamm}
1962 2947 1983 2968 a

144 2991 344 3024 enumerees
362 2988 552 3033 lui-meme
572 2987 659 3020 dans
673 2999 721 3019 un
742 2986 898 3019 discours
918 2986 1038 3031 public
1052 2993 1083 3018 et
1103 2984 1187 3030 qu⁷il
1204 2996 1222 3017 a
1241 2985 1382 3030 persiste
1409 2989 1424 3018 ὲ
1456 2987 1612 3019 soutenir
1637 2994 1757 3020 contre
1776 2984 1979 3027 l’enseigne-

145 3047 239 3072 ment
260 3037 309 3071 du
334 3037 426 3070 Chef
438 3036 481 3069 de
502 3035 643 3080 l’Eglise
660 3042 691 3066 et
708 3033 757 3066 du
776 3034 917 3067 Concile
935 3032 978 3066 de
993 3033 1136 3067 Trente.
1153 3031 1258 3064 Voici
1279 3045 1332 3065 ces
1349 3033 1598 3079 propositionS,
1620 3033 1755 3079 d’apres
1776 3043 1825 3066 un
1840 3028 1983 3076 Journal

146 3084 190 3119 de
205 3086 319 3118 Turin
339 3084 409 3118 ami
429 3083 488 3117 des
508 3082 685 3119 doctrines
702 3080 745 3114 de
762 3081 910 3113 l'auteur
931 3079 976 3124 (la
997 3083 1096 3112 Croce
1116 3079 1148 3111 di
1166 3080 1298 3123 Savoia)
1320 3091 1327 3113 :

195 3146 213 3165 ι
237 3136 274 3166 1⁰
298 3128 454 3178 L’Eglise
467 3130 667 3176 catholique
684 3128 740 3161 n'a
760 3141 820 3175 pas
838 3129 870 3160 le
888 3126 1040 3173 pouvoir
1058 3126 1101 3160 de
1118 3126 1278 3159 conferer
1298 3128 1330 3161 la
1349 3127 1444 3161 force
1463 3128 1672 3170 materielle3

200 3192 216 3213 c<
239 3180 277 3214 2⁰
302 3180 377 3212 Elle
392 3179 449 3212 n’a
467 3179 499 3211 16
518 3176 672 3226 pouvoir
688 3175 858 3222 temporel
875 3175 912 3207 ni
931 3173 1039 3207 direct
1058 3173 1094 3207 ni
1112 3172 1281 3215 indirect3

194 3240 212 3262 κ
236 3230 275 3263 3⁰
299 3228 347 3260 Le
366 3225 518 3272 pouvoir
532 3224 628 3270 civil,
648 3224 716 3257 lese
727 3235 792 3270 par
808 3224 839 3257 le
851 3222 1003 3269 pouvoir
1022 3220 1292 3267 ecclesiastique‚
1313 3234 1331 3255 a
1357 3222 1388 3256 Ie
1416 3220 1509 3256 droit
1537 3220 1580 3256 de
1605 3233 1640 3255 se
1660 3221 1811 3266 separer,
1831 3229 1894 3264 par
1918 3227 1979 3250 son
