2135 3442
607 237 690 272 DIE
719 236 807 271 VIII
835 230 1111 269 DECEMBRIS
1142 227 1437 264 MDCCCLXIV.

423 416 491 482 S.
538 413 605 481 S.
657 409 964 478 DOMINI
1011 404 1323 474 NOSTRl
1373 402 1492 470 PII
1541 402 1627 467 IX

666 550 980 602 EPISTOLA
1022 544 1382 597 mercum

115 754 439 784 VENERABILIBL‘S
459 751 685 778 FRATmnus
707 747 997 782 PATmARcffls,
1015 743 1279 780 PRIMATIBUS,
1292 742 1646 777 ARCHIEPISCOPIS,
1667 742 1716 768 ET
1736 743 1944 769 EPISCOPIS

236 812 443 840 [NIVERSIS
477 811 662 837 GRATIAM
697 809 745 835 ET
776 804 1084 833 COMMUNIONEM
1116 802 1374 829 APOSTOLICAE
1405 802 1517 828 SEDlS
1551 801 1819 828 HABENTIBUS.

788 894 933 944 PIUS
971 891 1137 942 PAPA
1175 890 1264 939 IX.

313 1012 588 1054 ls‘enerabiles
614 1010 804 1062 Fratres,
830 1007 1007 1049 salutem
1035 1015 1075 1046 et
1092 1004 1385 1060 Apostolicam
1405 1003 1757 1044 Beneclictionem.

184 1110 368 1166 Quanta
406 1121 516 1152 cura
543 1120 596 1150 ac
632 1102 851 1166 pastorali
886 1100 1124 1162 vigilantia
1157 1097 1359 1143 Romani
1397 1096 1644 1143 Pontifices
1675 1097 1944 1143 Praedeces-

122 1191 248 1220 sores
292 1171 459 1229 Nostri,
490 1176 792 1229 exsequentes
834 1164 1171 1211 demandatum
1203 1162 1291 1208 sibi
1324 1161 1384 1207 ab
1404 1162 1507 1226 ipso
1531 1161 1714 1208 Christo
1735 1163 1944 1208 Domino

123 1242 169 1283 in
196 1251 397 1301 persona
432 1232 683 1280 Beatissimi
707 1231 829 1277 Petri
856 1229 1188 1293 Apostolorum
1221 1227 1451 1290 Principis
1477 1226 1703 1284 officium,
1747 1244 1945 1272 munus·

122 1319 214 1365 que
239 1299 460 1365 pascendi
491 1313 635 1358 agnos
668 1306 714 1341 et
739 1311 851 1341 oves
878 1310 1123 1357 nunquam
1166 1292 1503 1338 intermiserint
1542 1293 1814 1337 universum
1847 1295 1944 1337 Do-

122 1367 346 1412 minicum
384 1378 570 1425 gregem
609 1360 773 1406 sedulo
807 1359 1010 1406 enutrire
1048 1356 1203 1403 verbis
1241 1356 1368 1416 fidei,
1411 1372 1464 1402 ac
1499 1357 1691 1402 salutari
1729 1356 1947 1403 doctrina

124 1431 353 1486 imbuere,
391 1442 593 1488 eumque
619 1425 678 1471 ab
719 1424 957 1470 venenatis
998 1423 1179 1487 pascuis
1210 1437 1386 1480 arcere,
1414 1420 1637 1466 omnibus
1674 1421 1867 1483 quidem
1893 1437 1947 1468 ac

122 1495 263 1541 ¹Vobis
286 1491 538 1557 praesertim
563 1499 875 1551 compertum,
903 1489 1292 1552 exploratumque
1311 1496 1396 1543 est,
1423 1485 1722 1532 Venerabiles
1745 1489 1944 1532 Fratres.

125 1563 181 1604 Et
198 1575 307 1605 sane
331 1558 471 1602 iidem
489 1559 765 1601 Decessores
788 1554 950 1612 nostri,
975 1562 1176 1614 augustae
1201 1551 1444 1597 catholicae
1466 1551 1719 1612 religionis,
1745 1551 1948 1597 veritatis

126 1641 178 1670 ac
199 1623 382 1684 justitia?
405 1629 655 1666 assertores
682 1628 726 1663 et
749 1617 975 1678 vindices,
1002 1618 1060 1662 de
1084 1617 1348 1662 animarum
1372 1615 1516 1661 salute
1540 1617 1742 1661 maxime
1764 1615 1950 1662 solliciti

126 1688 241 1733 nihil
284 1687 435 1750 potius
468 1699 677 1746 unquam
702 1683 927 1737 habuere,
968 1698 1110 1745 quam
1150 1681 1502 1744 sapientissimis
1541 1680 1633 1725 suis
1668 1680 1866 1740 Litteris,
1905 1691 1950 1726 et

126 1749 549 1798 Constitutionibus
588 1758 795 1808 retegere
822 1757 865 1792 et
899 1746 1123 1792 damnare
1158 1762 1323 1790 omnes
1348 1745 1543 1790 liaereses
1571 1755 1616 1790 et
1639 1761 1838 1802 errores,
1868 1746 1949 1807 qui

128 1817 305 1862 Divinae
337 1814 463 1859 Fidei
487 1823 672 1869 nostrae,
698 1811 935 1857 catholicae
962 1812 1174 1856 Ecclesiae
1198 1810 1441 1862 doctrinae,
1474 1825 1663 1854 morum
1693 1809 1945 1867 honestati,

129 1898 181 1926 ac
208 1880 496 1943 sempiternae
523 1877 772 1922 hominum
797 1876 930 1921 saluti
952 1876 1148 1934 adversi,
1186 1891 1347 1937 graves
1390 1875 1657 1936 frequenter
1690 1875 1951 1920 excitarunt

131 1954 442 2007 tempestates,
470 1952 514 1987 et
543 1942 842 1987 christianam
876 1942 1153 2003 civilemque
1178 1939 1522 2003 rempublicam
1550 1939 1872 1984 miserandum
1900 1940 1949 1984 in

131 2011 326 2054 modum
366 2008 673 2052 funestarunt.
714 2006 943 2061 Quocirca
982 2006 1124 2051 iidem
1161 2008 1438 2051 Decessores
1488 2005 1642 2050 Nostri
1684 2004 1951 2067 Apostolica

131 2073 399 2119 fortitudine
446 2072 740 2116 continenter
795 2069 1074 2116 obstiterunt
1127 2069 1314 2115 nefariis
1367 2069 1640 2131 iniquorum
1699 2069 1949 2114 hominum

135 2136 472 2193 molitionibus,
493 2136 571 2196 qui
597 2135 926 2197 despumantes
943 2145 1183 2197 tamquam
1202 2134 1372 2180 fluctus
1393 2133 1476 2179 feri
1491 2134 1630 2179 maris
1650 2134 1951 2179 confusiones

131 2219 253 2259 suas,
290 2218 342 2247 ac
373 2200 633 2246 libertatem
670 2200 1011 2261 promittentes,
1046 2217 1155 2245 cum
1184 2203 1303 2244 servi
1329 2199 1420 2244 sint
1451 2199 1782 2261 corruptionis,
1819 2198 1948 2244 falla-

133 2267 262 2311 cibus
289 2266 382 2311 suis
408 2263 726 2327 opinionibus,
757 2274 799 2309 et
823 2264 1221 2325 perniciosissimis
1246 2263 1429 2327 scriptis
1452 2263 1691 2309 catholicae
1714 2263 1951 2324 religionis

133 2332 369 2392 civilisque
407 2329 636 2374 societatis
667 2327 968 2374 fundamenta
1002 2329 1283 2385 convellere,
1322 2343 1609 2388 omnemque
1637 2328 1859 2373 virtutem
1897 2344 1951 2374 ac

125 2395 349 2457 justitiam
375 2393 432 2437 de
453 2392 608 2439 medio
632 2392 809 2448 tollere,
839 2394 1145 2456 omniumque
1174 2395 1356 2439 animos
1377 2402 1653 2454 mentesque
1673 2391 1949 2455 depravare,

133 2470 177 2506 et
203 2461 414 2504 incautos
441 2457 798 2519 imperitamque
822 2459 1074 2519 praesertim
1095 2460 1390 2519 juventutem
1417 2474 1443 2502 a
1466 2467 1590 2502 recta
1611 2473 1798 2502 morum
1818 2457 1953 2502 disci-

134 2524 263 2587 plina
285 2531 507 2576 avertere‚
538 2537 733 2582 eamque
771 2521 1089 2567 miserabiliter
1114 2539 1435 2586 corrumpere,
1479 2523 1526 2567 in
1559 2522 1730 2566 erroris
1759 2521 1952 2584 laqueos

133 2589 371 2639 inducere,
412 2602 463 2631 ac
492 2585 682 2630 taudem
717 2584 776 2630 ab
803 2585 1012 2631 Ecclesiae
1036 2586 1273 2633 catholicae
1294 2589 1398 2632 sinu
1423 2586 1620 2632 avellere
1642 2587 1799 2631 conati
1823 2596 1946 2632 sunt.

197 2655 297 2697 Jam
327 2667 455 2705 vero,
483 2650 548 2695 uti
579 2652 599 2693 N
617 2649 737 2705 obis,
763 2650 1064 2696 Venerabiles
1092 2654 1288 2711 Fratres,
1316 2652 1529 2715 apprime
1547 2661 1715 2696 notum
1740 2661 1826 2708 est,
1858 2654 1952 2697 Nos

133 2718 207 2762 vix
233 2716 346 2761 dum
388 2730 558 2760 arcano
598 2714 763 2758 divinae
788 2714 1095 2760 Providentiae
1119 2717 1313 2761 consilio
1335 2716 1474 2762 nullis
1502 2725 1625 2762 certe
1649 2716 1826 2761 Nostris
1853 2732 1952 2762 me·-

135 2782 231 2827 ritis
253 2780 310 2825 ad
336 2779 457 2824 hanc
486 2779 607 2823 Petri
629 2777 910 2823 Cathedram
944 2780 1091 2824 evecti
1130 2780 1316 2839 suimus,
1343 2797 1453 2826 cum
1477 2781 1741 2826 videremus
1764 2796 1950 2826 summo

134 2846 277 2892 animi
303 2844 454 2889 Nostri
484 2842 647 2887 dolore
669 2841 942 2888 horribilem
962 2860 1072 2889 sane
1092 2844 1345 2907 procellam
1368 2856 1435 2891 tot
1470 2846 1624 2909 pravis
1647 2845 1950 2907 opinionibus

135 2910 396 2966 excitatam,
430 2917 474 2953 et
498 2907 780 2968 gravissima,
822 2923 875 2952 ac
904 2924 1145 2969 nunquam
1177 2908 1283 2954 satis
1309 2910 1514 2970 lugenda
1543 2909 1734 2968 damna,
1768 2926 1870 2972 quae
1901 2909 1948 2953 in

134 2974 439 3020 christianum
482 2971 710 3034 populum
750 2987 804 3015 ex
850 2981 916 3016 tot
961 2972 1196 3017 erroribus
1242 2973 1529 3029 redundant,
1577 2990 1663 3037 pro
1704 2973 1951 3036 Apostolici

135 3039 287 3084 Nostri
326 3036 565 3082 Ministerii
597 3035 751 3080 ossicio
791 3035 984 3081 illustria
1022 3036 1417 3083 praedecessorum
1453 3042 1730 3085 Nostrorum
1762 3037 1950 3099 vestigia

133 3112 360 3149 sectantes
395 3103 609 3145 Nostram
633 3099 880 3146 extulimus
913 3117 1097 3158 vocem,
1122 3117 1175 3146 ac
1199 3101 1408 3163 pluribus
1435 3104 1482 3148 in
1503 3104 1667 3164 vulgus
1691 3101 1825 3147 editis
1860 3104 1952 3147 En

132 3168 315 3230 cyclicis
352 3163 567 3229 Epistolis
609 3173 654 3209 et
699 3164 1072 3210 Allocutionibus
1109 3166 1156 3210 in
1197 3167 1485 3212 Consistorio
1523 3168 1713 3224 habitis,
1760 3166 1952 3229 aliisque
