2135 3442
839 242 935 278 XIII
961 241 1136 277 MARTII
1164 238 1475 276 MDCCCXXVI.

1096 329 1230 337 ——.—-

442 411 554 479 SS.
621 411 931 478 DOMINI
1002 409 1318 476 NOSTRI
1374 409 1679 477 LEONIS
1750 411 1876 476 XII

827 524 1088 566 LITTERAE
1120 523 1487 566 APOSTOLICAE

995 693 1320 737 DAMNATIO

233 791 681 848 GONVENTIGUM
745 789 1088 848 NUNGUPATI
1155 791 1283 842 DE’
1336 792 1606 842 LIBERI
1667 788 2083 843 MURATOBI

625 895 684 930 ET
712 894 941 931 CUJUSVIS
971 895 1104 930 ALIAE
1134 894 1361 930 SECRETAE
1390 892 1684 930 SOCIETATIS.

847 1008 992 1057 LEO
1046 1007 1452 1058 EPISCOPUS

903 1108 1054 1133 SERVUS
1088 1108 1310 1134 SERVORUM
1343 1108 1408 1132 DEI

768 1176 842 1216 Ad
875 1185 1123 1232 perpelllsllll
1163 1182 1226 1217 rel·
1267 1179 1528 1216 memoriam.

289 1251 314 1304 §
340 1256 372 1291 1.
398 1251 493 1303 Quo
517 1252 710 1309 graviora
731 1252 843 1293 mala
866 1251 1021 1293 Christi
1041 1253 1135 1304 Dei,
1157 1263 1198 1294 et
1214 1252 1444 1294 Servatoris
1464 1251 1609 1293 Nostri
1626 1251 1742 1309 gregi
1761 1250 1999 1300 imminent,
2024 1264 2075 1290 eo

229 1316 432 1388 majorem
475 1316 841 1358 sollicitudinem
831 1333 874 1356 m
912 1318 961 1357 iis
985 1316 1177 1358 arcendis
1198 1317 1401 1358 adhibere
1437 1315 1595 1358 debent
1616 1314 1798 1356 Romani
1830 1313 2070 1363 Pontifices,

229 1379 419 1434 quibus
410 1397 453 1420 m
476 1382 604 1423 beato
634 1382 761 1423 Petlo
787 1381 1077 1438 apostolorum
1104 1382 1291 1454 principe
1321 1380 1431 1423 illius
1452 1380 1652 1439 pascendi
1677 1391 1719 1421 et
1746 1378 1924 1437 legendi
1949 1389 2073 1435 pote-

229 1453 309 1484 stas
330 1454 370 1485 et
387 1460 486 1486 cuia
508 1448 729 1488 commissa
752 1458 827 1487 est
851 1446 1039 1487 Pertinet
1063 1447 1177 1487 enim
1196 1447 1250 1487 ad
1272 1462 1358 1499 eos,
1380 1445 1539 1504 quippe
1564 1446 1636 1503 qui
1653 1446 1696 1486 in
1718 1459 1913 1503 suplema
1935 1443 2078 1484 Eccle-

228 1509 298 1548 siae
317 1511 485 1566 specula
507 1512 633 1569 positi
657 1512 755 1560 sint,
798 1510 964 1568 longius
993 1512 1235 1568 piospiceie
1269 1479 1458 1565 insidias,
1498 1526 1600 1568 quas
1640 1510 1855 1551 christiani
1890 1507 2076 1549 nominis

232 1572 369 1615 hostes
405 1575 641 1616 moliuntur
685 1575 739 1616 ad
762 1573 917 1615 Christi
940 1575 1169 1616 Ecclesiam
1208 1576 1341 1632 (quod
1378 1587 1521 1617 tamen
1545 1591 1762 1632 nunquam
1785 1572 2076 1630 assequentur)

230 1640 615 1690 exterminandam,
643 1655 798 1696 easque
822 1650 913 1679 tum
934 1639 1130 1682 fidelibus
1150 1639 1337 1680 indicare
1358 1651 1400 1681 et
1435 1640 1610 1697 aperire,
1640 1651 1687 1680 ut
1713 1639 1766 1680 ab
1801 1638 1849 1679 iis
1881 1648 2074 1685 caveant,

230 1713 319 1743 tum
337 1705 584 1747 auctoritate
607 1720 679 1746 sua
703 1715 906 1755 avertere,
935 1715 975 1745 et
997 1705 1178 1746 amoliri.
1201 1705 1503 1746 Gravissimum
1520 1706 1602 1746 hoc
1625 1720 1778 1746 munus
1799 1703 1877 1745 sihi
1898 1701 2075 1761 imposi-

230 1778 319 1807 tum
339 1767 617 1827 intelligentes
635 1770 818 1810 Romani
836 1769 1060 1809 Pontifices
1077 1769 1404 1825 praedecessores
1418 1770 1574 1819 Nostri,
1593 1769 1753 1827 vigilias
1771 1768 1875 1809 boni
1899 1768 2078 1825 pastoris

231 1844 437 1889 perpetuo
451 1833 689 1891 vigilarunt,
711 1844 752 1874 et
767 1832 1148 1883 adhortationibus,
1166 1832 1383 1882 doctrinis,
1406 1832 1599 1883 decretis,
1622 1833 1796 1890 ipsaque
1820 1833 1961 1872 anima
1979 1831 2076 1872 data

230 1911 308 1952 pro
337 1896 484 1939 ovibus
507 1899 602 1948 suis,
629 1909 759 1940 sectas
782 1908 1020 1938 extremum
1039 1897 1234 1938 Ecclesiae
1257 1898 1434 1938 exitium
1457 1897 1699 1937 minitantes
1724 1895 2014 1954 prohibendas
2037 1906 2078 1936 et

231 1962 395 2017 penitus
417 1963 619 2004 delendas
640 1976 852 2004 curarunt.
870 1962 958 2003 Nec
978 1978 1029 2003 ex
1046 1961 1261 2002 annalium
1286 1960 1662 2002 ecclesiasticorum
1678 1971 1884 2002 vetustate
1912 1971 2076 2002 tantum

233 2025 322 2066 erui
345 2037 484 2083 potest
511 2027 734 2085 pontificiae
753 2029 876 2083 hujus
894 2027 1183 2068 sollicitudinis
1204 2026 1428 2067 memoria.
1452 2028 1556 2080 Quae
1576 2037 1719 2067 nostra
1738 2038 1780 2068 et
1799 2036 1968 2084 patrum
1997 2042 2077 2067 no—

233 2099 418 2131 strorum
443 2103 562 2133 aetate
579 2103 693 2151 gesta
714 2103 810 2133 sunt
826 2108 849 2132 a
869 2091 1072 2132 Romanis
1091 2092 1381 2142 Pontificibus,
1400 2102 1446 2132 ut
1469 2090 1738 2133 clandestinis
1756 2091 1982 2132 hominum
2003 2092 2075 2133 ad-

234 2169 376 2196 versus
394 2156 604 2198 Christum
621 2157 944 2215 malignantium
969 2156 1090 2197 sectis
1109 2172 1152 2198 se
1176 2156 1426 2212 objicerent,
1446 2155 1491 2197 id
1510 2155 1729 2215 perspicue
1751 2154 1963 2197 evincunt.
1991 2157 2077 2197 Ubi

236 2219 349 2260 enim
381 2220 572 2263 Clemens
604 2224 700 2273 XII,
729 2222 1010 2280 praedecessor
1032 2223 1200 2273 Noster,
1227 2222 1332 2263 vidit
1355 2223 1398 2262 iu
1423 2221 1512 2263 dies
1539 2221 1810 2269 invalescere,
1837 2237 2077 2279 novamque

176 2292 181 2296 “
236 2283 477 2326 firmitatem
495 2288 709 2342 acquirere
730 2298 883 2328 sectam
900 2287 966 2327 (le'
988 2286 1131 2327 Liberi
1147 2288 1363 2327 Muratori
1384 2287 1468 2327 sive
1489 2287 1561 2327 cles
1583 2286 1622 2325 F
1623 2286 1970 2342 ναηοε-Νίαςοηε,
1992 2287 2076 2328 sive

237 2347 356 2389 aliter
371 2350 639 2406 appellatam,
665 2367 792 2409 quam
807 2367 895 2392 non
921 2350 1051 2392 modo
1076 2362 1327 2410 suspectam,
1346 2366 1492 2392 verum
1508 2350 1634 2391 etiam
1654 2349 1829 2391 omnino
1852 2351 2077 2393 Catholicae

237 2412 432 2454 Ecclesiae·
452 2414 663 2456 inimicam
693 2415 835 2455 multis
857 2414 1112 2472 argumentis
1135 2426 1250 2456 certo
1274 2425 1462 2464 noverat,
1504 2429 1598 2455 eam
1627 2413 1842 2455 damnavit
1863 2414 2075 2457 luculenta

238 2477 535 2519 constitutione
551 2479 617 2519 cui
637 2480 802 2521 initium
822 2480 846 2519 I
848 2497 872 2520 η
892 2486 1105 2532 eminenti,
1128 2479 1240 2521 edita
1261 2490 1409 2536 quarto
1429 2478 1643 2520 Kalendas
1660 2478 1795 2521 Maias
1814 2494 1926 2521 anno
1946 2480 2079 2522 mille-

239 2543 344 2584 simo
368 2545 740 2602 septingentesimo
757 2544 970 2602 trigesimo
993 2555 1158 2595 octavo,
1185 2546 1301 2599 cujus
1324 2554 1447 2585 tenor
1469 2545 1504 2584 is
1525 2554 1601 2594 est,
1631 2544 1702 2600 qui
1722 2546 1939 2601 subjicitur
1967 2564 1976 2587 ε

813 2835 1109 2885 CLEMENS
1150 2836 1502 2886 EPISCOPUS

900 2947 1051 2972 snuvus
1082 2947 1299 2973 SERVORUM
1333 2948 1417 2974 DEI.

400 3030 614 3071 Universis
635 3027 1000 3084 Clzristificlelz'bus
1019 3029 1197 3070 salntem
1219 3039 1259 3070 et
1269 3029 1560 3086 Apostolicam
1576 3031 1931 3072 Benecltctionem.

304 3128 326 3176 S
350 3129 390 3165 2.
413 3144 430 3160 «
449 3125 498 3164 In
517 3122 718 3165 eminenti
741 3123 995 3181 apostolatus
1014 3124 1195 3181 specula,
1214 3124 1372 3165 meritis
1386 3124 1486 3166 licet
1500 3125 1748 3183 imparibus,
1772 3124 1913 3166 divina
1937 3123 2082 3182 dispo-

251 3209 268 3223 «
297 3199 425 3230 nente
448 3187 685 3240 clementia,
716 3188 927 3230 constituti
942 3190 1059 3244 juxta
1088 3187 1293 3230 creditum
1315 3189 1451 3230 Nobis
1468 3190 1685 3247 pastoralis
1704 3189 1978 3247 providentiae
2002 3189 2079 3231 de—
