2135 3442
130 171 205 207 212
743 165 1052 202 ALLOCUTION
1082 166 1146 201 DE
1175 167 1252 202 PIE
1280 166 1350 200 IX.

131 267 296 294 morare
320 266 368 291 ea
397 264 497 290 sane
529 259 670 290 mente
701 249 952 298 censuimus,
980 259 1026 289 ut
1049 263 1196 290 omnes
1226 248 1348 289 bonae
1377 246 1602 288 voluntatis
1629 246 1824 288 homines
1853 246 1963 288 clare

135 328 359 376 aperteque
382 324 654 373 cognoscant,
679 312 781 371 quid
806 314 881 354 Dei
901 324 942 354 et
966 313 1141 354 humani
1165 314 1327 371 generis
1349 312 1488 353 hostes
1507 311 1652 364 velint,
1677 310 1778 367 quid
1798 322 1962 369 optent,

135 382 318 440 quidque
336 378 432 438 ipsis
451 380 493 419 in
518 378 660 419 animo
679 394 842 435 semper
866 376 995 418 fixum
1016 377 1357 434 destinatumque
1381 377 1447 418 sit.

190 447 273 487 Pro
289 445 488 504 singulari
510 444 665 485 Nostro
687 442 731 483 in
755 442 946 483 subditos
964 441 1115 483 affectu
1135 441 1396 492 dolebamus,
1422 457 1469 482 ac
1487 441 1762 482 vehementer
1781 441 1966 497 angeba—

135 528 245 564 mur,
266 509 535 551 Venerabiles
572 509 752 559 Fratres,
786 523 881 548 cum
917 506 1102 547 assiduos
1127 506 1218 547 illos
1249 506 1471 564 populares
1505 516 1644 546 motus
1675 515 1762 545 tum
1792 503 1968 561 publicae

135 574 439 633 tranquillitati,
467 585 508 615 et
540 573 697 623 ordini,
721 583 809 613 tum
839 573 1009 630 privatae
1034 571 1284 612 familiarum
1309 572 1436 628 quieti
1462 586 1510 612 ac
1540 569 1630 627 paci
1654 579 1874 626 tantopere
1896 567 1970 608 ad-

135 657 274 683 versos
293 640 548 688 videremus,
577 653 653 678 nec
678 637 863 694 perferre
888 647 1130 694 poteramus
1153 637 1322 677 crebras
1355 635 1443 676 illas
1468 635 1729 693 pecuniarias
1756 632 1966 682 collectas,

136 723 227 765 quae
250 706 367 747 variis
391 704 646 753 nominibus,
670 718 754 743 non
773 703 861 742 sine
882 701 963 742 levi
987 700 1138 742 civium
1156 700 1429 741 incommodo
1453 712 1494 741 et
1518 699 1757 757 dispendio,
1783 698 1970 756 postula·

137 774 306 814 bantur.
332 771 479 825 Itaque
502 784 644 809 mense
662 767 811 825 Aprili,
830 782 940 807 anno
963 769 1088 815 1847,
1111 781 1187 822 per
1209 766 1424 822 publicum
1447 764 1643 806 Edictum
1663 763 1804 805 Nostri
1823 762 1972 803 Cardi—

138 837 244 878 nalis
265 852 286 875 a
304 833 480 892 publicis
501 832 677 890 negotiis
693 847 839 872 omnes
855 846 1026 871 monere
1042 830 1158 871 haud
1179 831 1410 884 omisimus,
1433 841 1478 870 ut
1500 830 1552 870 ab
1573 827 1780 884 ejusmodi
1794 827 1974 885 popula-

139 903 255 944 ribus
275 899 548 940 conventibus
573 909 614 938 et
641 896 935 954 largitionibus
957 911 1044 936 sese
1064 895 1340 946 abstinerent,
1367 906 1492 952 atque
1522 895 1575 935 ad
1595 893 1765 951 propria
1785 903 1974 951 pertrac-

140 965 267 1007 tanda
292 964 460 1021 negotia
492 963 680 1003 animum
706 972 975 1016 mentemque
1007 960 1148 1000 denuo
1176 971 1485 1009 converterent,
1508 975 1761 1015 omnemque
1782 959 1823 998 in
1840 958 1976 999 Nobis

143 1031 340 1073 fiduciam
363 1028 634 1078 collocarent,
655 1042 702 1066 ac
721 1042 797 1083 pro
818 1036 933 1066 certo
955 1026 1177 1075 haberent,
1203 1036 1398 1082 paternas
1420 1025 1593 1065 Nostras
1612 1039 1730 1064 curas
1753 1021 1974 1080 cogitatio-

142 1112 299 1153 nesque
318 1094 370 1136 ad
388 1093 555 1151 publica
574 1090 798 1132 commoda
819 1089 1103 1147 comparanda
1122 1090 1242 1130 unice
1258 1105 1346 1130 esse
1362 1105 1596 1139 conversas,
1616 1087 1973 1145 quemadmodum

138 1164 225 1217 jam
244 1159 433 1218 pluribus
451 1173 498 1198 ac
516 1154 852 1197 luculentissimis
876 1153 1132 1212 argumentis
1153 1153 1484 1195 ostenderamus.
1502 1155 1661 1195 Verum
1678 1152 1869 1202 salutaria
1890 1153 1977 1193 lizec

142 1228 293 1268 Nostra
311 1223 487 1273 monita,
509 1221 658 1278 quibus
681 1231 822 1260 tantos
842 1219 1064 1277 populares
1084 1230 1222 1260 motus
1243 1234 1524 1276 compescere,
1542 1230 1583 1260 et
1602 1217 1780 1276 populos
1799 1218 1909 1275 ipsos
1923 1217 1977 1258 ad

145 1291 294 1350 quietis
320 1300 361 1330 et
386 1286 697 1344 tranquillitatis
720 1285 857 1326 studia
880 1300 1076 1325 revocare
1102 1284 1357 1335 nitebamur,
1382 1284 1521 1342 pravis
1536 1282 1814 1340 quorumdam
1836 1283 1977 1322 homi-

146 1372 246 1398 num
277 1350 509 1403 desideriis,
537 1363 579 1393 et
608 1350 990 1391 machinationibus
1020 1349 1292 1390 vehementer
1316 1349 1659 1390 adversabantur.
1687 1349 1833 1403 Itaque
1856 1346 1979 1387 inde-

146 1422 238 1464 fessi
267 1418 545 1477 agitationum
580 1427 786 1467 auctores,
807 1416 877 1471 qui
895 1417 981 1469 jam
1013 1415 1132 1455 alteri
1160 1413 1419 1455 ordinationi
1438 1415 1553 1470 jussu
1574 1413 1731 1453 Nostro
1752 1412 1804 1452 ab
1828 1410 1979 1452 eodem

146 1483 357 1529 Cardinali
385 1481 438 1522 ad
461 1493 619 1522 rectam
641 1480 869 1536 utilemque
894 1479 1041 1537 populi
1071 1479 1368 1520 educationem
1388 1477 1725 1536 promovendam
1754 1475 1875 1518 editae
1900 1476 1979 1517 ob-

147 1553 352 1598 stiterant,
380 1546 447 1587 vix
481 1546 581 1586 dum
611 1546 773 1586 monita
798 1545 865 1586 illa
896 1545 1049 1586 Nostra
1077 1555 1312 1595 noverunt,
1342 1544 1457 1586 haud
1492 1543 1686 1584 destitere
1715 1552 1860 1583 contra
1891 1540 1978 1598 ipsa

146 1616 303 1671 ubique
338 1612 589 1661 inclamare,
637 1622 678 1650 et
716 1609 914 1651 acriorius
955 1609 1096 1650 studio
1138 1609 1323 1650 incautas
1355 1609 1646 1650 multitudines
1694 1621 1976 1655 commovere,

148 1681 287 1738 eisque
317 1676 582 1719 callidissime
615 1676 841 1726 insinuare,
864 1690 911 1715 ac
931 1673 1198 1732 persuadere,
1226 1690 1278 1715 ne
1299 1674 1357 1714 illi
1377 1673 1665 1730 tranquillitati
1685 1689 1707 1713 a
1727 1672 1860 1713 Nobis
1882 1681 1978 1711 tan-

147 1758 293 1803 topere
313 1752 520 1799 exoptatae
540 1756 582 1782 se
604 1756 805 1796 umquam
830 1739 928 1780 dare
948 1739 1119 1789 vellent,
1147 1755 1243 1779 cum
1261 1738 1511 1779 insidiosum
1530 1739 1573 1778 in
1597 1753 1644 1778 ea
1668 1737 1815 1778 lateret
1838 1735 1977 1776 consi-

146 1812 266 1860 lium,
292 1820 338 1849 ut
365 1805 510 1864 populi
535 1804 854 1862 quodammodo
875 1803 1169 1853 indormirent,
1198 1815 1322 1860 atque
1344 1803 1399 1844 ita
1423 1802 1464 1843 in
1486 1814 1702 1861 posterum
1727 1802 1833 1843 duro
1851 1800 1979 1841 servi-

146 1876 245 1917 tutis
264 1875 366 1930 jugo
388 1871 544 1912 facilius
565 1870 745 1928 opprimi
769 1880 954 1928 possent.
980 1870 1118 1925 Atque
1136 1885 1187 1910 ex
1210 1885 1261 1910 eo
1282 1880 1473 1927 tempore
1497 1868 1675 1925 plurima
1701 1867 1851 1923 scripta
1875 1865 1982 1922 typis

148 1953 313 1998 quoque
342 1936 469 1986 edita,
505 1947 628 1992 atque
665 1932 936 1975 acerbissimis
962 1934 1193 1990 quibusque
1224 1932 1501 1982 contumeliis,
1527 1930 1738 1981 conviciis,
1774 1929 1981 1986 minisque

147 2003 384 2063 plenissima
404 2001 453 2041 ad
473 2001 558 2041 Nos
580 1999 700 2041 missa
731 2000 860 2051 fuere,
884 2014 976 2055 quse
1003 1999 1213 2039 oblivione
1243 2000 1496 2056 sempiterna
1521 1998 1754 2046 obruimus,
1786 1993 1982 2036 flammis-

148 2085 228 2126 que
258 2065 523 2108 tradidimus.
551 2066 605 2105 Ut
626 2076 766 2105 autem
792 2063 948 2104 inimici
965 2065 1156 2104 homines
1181 2063 1306 2104 fidem
1331 2063 1514 2120 aliquam
1531 2061 1717 2103 facerent
1734 2060 1842 2101 falsis
1865 2060 1979 2117 peri„

148 2132 265 2183 culis,
287 2146 377 2188 qua*
404 2129 446 2170 in
474 2129 677 2187 populum
708 2128 954 2186 impendere
985 2128 1274 2180 clamitabant,
1300 2128 1413 2169 haud
1440 2127 1768 2168 reformidarunt
1794 2126 1979 2166 mentitae

148 2196 365 2254 cujusdam
389 2194 688 2248 conjurationis
721 2194 772 2233 ab
799 2193 898 2250 ipsis
929 2192 1118 2250 apposite
1150 2194 1392 2251 excogitatae
1418 2208 1649 2242 rumorem,
1678 2207 1725 2232 ac
1754 2200 1911 2230 metum
1935 2190 1979 2230 in

146 2263 295 2320 vulgus
326 2275 532 2317 spargere,
556 2275 602 2299 ac
631 2259 870 2316 turpissimo
901 2257 1123 2298 mendacio
1150 2257 1383 2311 vociferari>
1413 2257 1618 2313 ejusmodi
1643 2254 1978 2310 conjurationem

147 2327 294 2369 initam
319 2340 405 2365 esse
430 2324 483 2364 ad
507 2324 655 2364 urbem
676 2326 857 2364 Romam
874 2323 981 2364 civili
998 2323 1126 2373 bello,
1151 2323 1333 2364 caedibus
1355 2338 1403 2363 ac
1424 2323 1642 2363 funeribus
1663 2319 1974 2370 flammandam,

149 2404 194 2433 ut
231 2390 348 2432 novis
390 2387 720 2429 institutionibus
754 2389 920 2445 penitus
955 2388 1128 2428 sublatis
1161 2400 1284 2444 atque
1312 2388 1472 2435 deletis,
1505 2387 1675 2443 pristina
1715 2384 1978 2443 gubernandi

149 2457 283 2498 forma
307 2456 458 2495 iterum
478 2452 755 2494 revivisceret.
781 2453 862 2494 Sed
876 2454 997 2509 hujus
1017 2453 1239 2494 falsissimae
1265 2452 1564 2507 conjurationis
1593 2462 1795 2508 prartextu
1820 2449 1978 2491 inimici

146 2521 339 2563 homines
376 2534 426 2559 eo
463 2518 724 2575 spectabant,
756 2529 801 2558 ut
835 2518 979 2575 populi
1015 2529 1320 2575 contemptum,
1356 2516 1577 2565 invidiam,
1611 2515 1797 2556 furorem
1828 2527 1978 2556 contra

148 2585 355 2643 quosdam
376 2581 625 2623 lectissimos
647 2599 814 2640 quoqne
834 2582 946 2623 viros
969 2584 1135 2633 virtute,
1153 2584 1353 2641 religione
1370 2592 1623 2639 przrstantes,
1642 2592 1683 2622 et
1701 2579 1978 2622 ecclesiastica

148 2649 272 2692 etiam
294 2648 498 2706 dignitate
525 2648 704 2704 insignes
728 2648 884 2689 nefarie
910 2659 1224 2688 commoverent
1249 2658 1374 2703 atque
1397 2646 1640 2686 excitarent.
1664 2647 1804 2687 Probe
1826 2645 1973 2695 nostis,

147 2716 191 2756 in
210 2715 292 2755 hoc
311 2728 453 2754 rerum
474 2723 571 2752 {estu
594 2712 767 2752 civicam
794 2712 982 2752 militiam
1005 2712 1130 2752 fuisse
1154 2711 1426 2768 propositam,
1453 2727 1500 2750 ac
1521 2722 1634 2751 tanta
1656 2711 1867 2751 celeritate
1891 2710 1979 2751 col-

148 2779 315 2828 lectam,
343 2788 388 2818 ut
409 2787 529 2817 rectae
549 2775 657 2816 illius
681 2775 933 2816 institutioni
953 2787 993 2816 et
1017 2776 1242 2832 disciplinae
1266 2775 1424 2816 consuli
1444 2775 1614 2816 minime
1636 2776 1834 2833 potuerit.

206 2843 291 2883 Ubi
323 2842 503 2899 primum
539 2839 590 2881 ad
627 2840 803 2897 publicae
839 2840 1208 2880 administrationis
1246 2840 1566 2897 prosperitatem
1598 2839 1729 2898 magis
1762 2839 1974 2898 magisque

148 2906 461 2965 procurandam
488 2916 771 2962 opportunum
799 2905 888 2945 fore
916 2904 1152 2946 censuimus
1179 2904 1315 2945 Status
1347 2904 1707 2945 Consultationem
1744 2904 1972 2952 instituere,

149 2971 306 3013 inimici
329 2969 522 3011 homines
553 2969 816 3010 occasionem
840 2968 993 3010 exinde
1017 2968 1155 3009 statim
1178 2968 1404 3025 arripuere,
1431 2980 1476 3009 ut
1507 2986 1614 3010 nova
1649 2968 1865 3011 Gubernio
1884 2966 1976 3007 vul-

150 3052 247 3077 nera
269 3036 537 3093 imponerent
553 3050 599 3075 ac
615 3034 737 3075 simul
758 3033 984 3084 efficerent,
1008 3045 1053 3074 ut
1077 3033 1315 3088 hujusmodi
1344 3033 1562 3084 institutio,
1591 3050 1682 3091 quae
1700 3031 1877 3091 publicis
1893 3047 1973 3088 po·—

148 3101 343 3158 pulorum
372 3099 604 3141 rationibus
636 3114 799 3157 magnac
835 3097 999 3138 utilitati
1031 3113 1118 3138 esse
1146 3109 1328 3155 poterat,
1362 3098 1403 3138 in
1433 3098 1650 3150 damnum,
1675 3115 1721 3139 ac
1746 3095 1974 3154 perniciem

150 3165 332 3207 cederet.
363 3167 415 3206 Et
436 3164 632 3221 qnoniam
665 3180 809 3205 corum
834 3162 977 3219 opinio
1003 3161 1173 3220 impune
1195 3163 1283 3217 jam
1309 3162 1550 3212 inxalucrat,
1576 3179 1623 3204 ca
1654 3160 1914 3203 institutione
1935 3171 1975 3199 ct

148 3229 355 3270 Pontificii
387 3229 601 3288 regiminis
627 3229 829 3279 indolem,
853 3243 900 3269 ac
919 3238 1110 3268 naturam
1135 3227 1362 3278 immutari,
1387 3238 1426 3268 ct
1455 3228 1653 3269 Nostram
1684 3224 1974 3267 auctoritatem
