2135 3442
199 164 273 200 ο232
807 165 1114 202 ALLOCUTION
1143 166 1206 202 DE
1234 167 1312 202 ΡΙΕ
1339 167 1410 202 ΙΧ.

199 249 341 291 omnia
360 250 519 302 conari,
540 261 586 292 ut
604 250 703 293 vel
692 267 777 309 ipsa
796 252 1035 309 Apostolica
1054 253 1181 295 Sedes
1206 270 1350 295 eorum
1377 252 1557 294 stultitia
1580 253 1786 312 particeps
1809 267 1850 297 et
1869 257 2018 298 fautrix

198 284 519 372 quodammodo⁷
547 328 759 388 appaleat.
795 317 961 358 Nemini
997 330 1135 360 autem
1170 318 1359 376 ignotum
1392 329 1469 370 est,
1496 334 1585 374 quse
1618 319 2012 372 tenebricosissimae,

196 395 313 437 aque
336 396 384 421 ac
405 381 761 438 perniciosissima*
785 382 1017 436 societates,
1041 394 1081 425 et
1095 394 1213 424 secta
1236 399 1258 424 a
1277 382 1594 424 fabiicatolibus
1618 383 1840 435 mendacii,
1863 397 1903 426 et
1924 402 2016 443 per-

195 460 409 486 versorum
434 446 678 504 dogmatum
701 446 927 487 cultolibus
947 447 1100 488 fuerint
1119 447 1240 489 variis
1263 447 1523 505 temporibus
1543 458 1711 497 coactae‚
1738 458 1780 489 et
1801 447 2011 499 institutae,

196 525 244 550 ae
266 510 385 550 variis
417 511 658 551 nominibus
683 510 915 568 appellatae,
942 526 1024 568 quo
1050 527 1194 553 eorum
1219 512 1505 561 deliramenta,
1535 523 1771 568 systemata,
1797 512 2014 555 molimina

195 574 238 614 in
259 574 436 616 aliorum
460 575 621 616 animos
646 576 770 615 tutius
797 574 1056 629 instillarent,
1082 577 1346 618 incautorum
1367 577 1496 618 corda
1521 588 1850 634 corrumperent,
1884 593 1931 618 ac
1951 577 2015 619 la-

196 637 396 680 tissimam
420 640 652 697 quibusque
675 640 898 682 sceleribus
917 641 1088 698 impune
1108 642 1319 699 patrandis
1338 644 1444 683 viam
1467 643 1694 684 munirent.
1715 643 1828 695 Quas
1851 642 2018 684 abomi-

194 703 355 744 nabiles
378 704 622 761 perditionis
644 717 774 746 sectas
791 721 876 746 non
902 705 1037 746 solum
1061 706 1295 748 animarum
1316 707 1453 757 saluti,
1478 723 1623 749 verum
1646 708 1772 748 etiam
1798 707 1927 748 civilis
1949 722 2018 748 so-

195 767 353 808 cietatis
375 769 490 809 bono
509 780 550 810 et
572 769 856 825 tranquillitati
875 770 937 810 vel
959 771 1137 812 maxime
1154 770 1322 812 infestas
1340 783 1465 828 atque
1490 789 1512 813 a
1530 771 1731 813 Romanis
1746 771 2019 813 Pontificibus

193 832 492 874 Decessoribus
512 834 674 874 Nostris
695 833 913 874 damnatas
932 835 1018 875 Nos
1035 835 1112 891 ipsi
1127 837 1280 893 jugiter
1295 836 1484 877 detestati
1511 852 1665 886 sumus,
1687 852 1733 877 ac
1752 837 1914 877 Nostris
1931 837 2018 877 En-

194 896 358 952 cyclicis
381 899 546 938 Litteris
569 897 636 938 die
666 903 690 939 9
727 899 977 940 Novembris
1003 915 1114 939 anno
1143 904 1252 941 1846
1277 900 1327 941 ad
1350 902 1562 942 universos
1582 900 1804 942 Catholicae
1827 900 2020 942 Ecclesiae

194 960 410 1003 Antistites
442 962 546 1003 datis
575 962 962 1010 condemnavimus,
991 975 1031 1004 et
1062 979 1173 1004 nunc
1195 966 1349 1021 pariter
1373 980 1567 1022 suprema
1597 966 1748 1006 Nostra
1776 965 2019 1023 Apostolica

195 1026 441 1066 auctoritate
465 1027 617 1067 iterum
638 1027 902 1077 damnamus,
926 1027 1215 1084 prohibemus,
1237 1040 1359 1086 atque
1382 1029 1696 1086 proscribimus·

253 1140 310 1179 At
332 1139 411 1179 hac
428 1138 582 1178 Nostra
610 1137 878 1179 Allocutione
904 1138 1019 1180 haud
1054 1155 1152 1180 sane
1174 1138 1383 1180 voluimus
1410 1140 1477 1181 vel
1500 1156 1646 1182 omnes
1664 1156 1824 1182 errores
1844 1156 2020 1181 enume-

194 1219 300 1253 rare,
329 1203 479 1259 quibus
507 1203 651 1260 populi
680 1203 827 1244 misere
852 1202 1017 1261 decepti
1042 1203 1095 1244 ad
1122 1214 1259 1245 tantas
1279 1204 1552 1261 impelluntur
1580 1206 1738 1258 ruinas,
1759 1205 1825 1246 vel
1841 1204 2023 1263 singulas

193 1283 440 1324 percensere
457 1268 806 1318 machinationes,
837 1267 987 1325 quibus
1011 1268 1169 1310 inimici
1179 1268 1384 1320 homines,
1406 1281 1448 1310 et
1471 1271 1682 1311 catholicae
1698 1269 1912 1327 religionis
1929 1286 2025 1328 per-

194 1330 345 1372 niciem
366 1331 521 1385 moliri,
544 1344 585 1373 et
608 1349 748 1374 arcem
768 1332 867 1373 Sion
893 1349 1190 1391 usquequaque
1211 1333 1430 1392 impetere,
1452 1346 1493 1375 et
1522 1334 1720 1376 invadere
1742 1334 2021 1376 contendunt.

195 1397 295 1450 Qua¹
313 1397 515 1438 hactenus
540 1397 733 1439 dolenter
757 1399 1180 1440 commemoravimus
1199 1399 1295 1440 satis
1314 1414 1522 1457 superque
1542 1399 1771 1441 ostendunt
1790 1414 1841 1440 ex
1856 1414 2026 1457 perver-

195 1461 248 1502 sis
270 1462 553 1518 grassantibus
577 1462 794 1513 doctrinis,
823 1474 945 1520 atque
969 1475 1009 1504 et
1036 1463 1218 1519 justitiae,
1260 1474 1300 1504 et
1325 1464 1539 1521 religionis
1570 1474 1815 1521 contemptu
1836 1478 1905 1505 eas
1925 1464 2024 1504 oriri

196 1527 452 1567 calamitates
467 1538 508 1568 et
537 1527 677 1577 exitia,
702 1528 854 1584 quibus
875 1529 1080 1579 nationes,
1106 1540 1146 1569 et
1167 1539 1310 1586 gentes
1330 1539 1551 1586 tantopere
1567 1530 1794 1585 jactantur.
1820 1529 1879 1569 Ut
1900 1527 2027 1585 igitur

196 1601 311 1632 tanta
340 1603 615 1632 amoveantur
655 1592 825 1645 damna,
863 1593 988 1634 nullis
1011 1609 1147 1650 neque
1172 1594 1297 1643 curis,
1325 1609 1462 1650 neque
1482 1593 1680 1645 consiliis,
1705 1608 1843 1650 neque
1862 1591 2024 1633 labori-

197 1656 290 1705 bus,
312 1672 449 1713 neque
470 1656 620 1714 vigiliis
641 1668 703 1698 est
720 1657 992 1715 parcendum,
1021 1674 1104 1715 quo
1129 1669 1192 1699 tot
1205 1659 1409 1717 perversis
1428 1658 1630 1699 doctrinis
1646 1657 1842 1699 radicitus
1857 1657 2022 1706 evulsis,

197 1736 341 1761 omnes
366 1721 617 1779 intelligant,
644 1738 801 1772 veram,
825 1723 1088 1779 solidamque
1110 1722 1350 1763 felicitatem
1372 1723 1548 1771 virtutis,
1573 1721 1755 1777 justitiae,
1785 1737 1833 1762 ac
1852 1721 2023 1778 religio-

196 1784 260 1825 nis
284 1787 485 1827 exercitio
504 1786 642 1827 inniti.
662 1788 810 1843 Itaque
830 1798 870 1828 et
905 1787 1054 1836 Nobis,
1082 1798 1124 1828 et
1146 1787 1279 1837 vobis,
1317 1798 1442 1844 atque
1471 1786 1562 1828 aliis
1582 1785 1895 1828 venerabilibus
1918 1786 2025 1827 Fra-

196 1848 330 1891 tribus
350 1852 479 1892 totius
500 1851 695 1893 catholici
714 1852 827 1893 orbis
850 1853 1068 1910 Episcopis
1090 1868 1251 1893 summa
1266 1868 1379 1901 cura,
1401 1851 1557 1902 studio,
1585 1851 1855 1892 contentione
1872 1850 1914 1890 in
1937 1851 2028 1908 pri-

196 1915 274 1955 mis
293 1927 354 1956 est
372 1916 706 1966 allaborandnm,
732 1928 777 1957 ut
807 1917 950 1958 fideles
981 1916 1125 1975 populi
1149 1917 1200 1958 ab
1227 1918 1441 1958 venenatis
1466 1916 1628 1974 pascuis
1652 1916 1798 1965 amoti,
1826 1925 1949 1972 atque
1972 1915 2026 1956 ad

198 1979 395 2021 salutaria
410 1980 594 2030 deducti,
618 1997 663 2022 ac
682 1983 812 2039 magis
830 1981 871 2022 in
890 1982 978 2023 dies
989 1982 1301 2023 enutritiverbis
1318 1981 1431 2034 fidei,
1445 1993 1485 2023 et
1504 1980 1793 2022 insidiantium
1808 1979 2028 2020 hominum

197 2044 380 2095 fraudes,
412 2057 451 2085 et
479 2045 661 2086 fallacias
685 2058 928 2103 agnoscant,
957 2046 1156 2096 devitent,
1188 2063 1234 2088 ac
1258 2046 1385 2104 plane
1409 2045 1702 2104 intelligentes,
1728 2045 1923 2085 timorem
1942 2046 2028 2085 Do-

197 2108 301 2149 mini
333 2110 546 2150 bonorum
581 2111 771 2151 omnium
799 2126 888 2152 esse
908 2110 1086 2161 fontem,
1123 2122 1164 2152 et
1187 2122 1359 2169 peccata
1383 2122 1508 2168 atque
1541 2111 1780 2166 iniquitates
1798 2124 2026 2166 provocare

198 2173 276 2215 Dei
299 2173 464 2231 flagella
493 2175 687 2216 studeant
705 2176 821 2217 omni
844 2192 942 2217 cura
964 2176 1172 2218 declinare
1194 2193 1217 2217 a
1239 2175 1367 2224 malo,
1393 2186 1432 2216 et
1454 2174 1591 2216 facere
1620 2175 1798 2215 bonum.

238 2375 563 2428 Quocircainter
579 2388 713 2418 tantas
732 2377 942 2436 angustias
959 2393 1046 2417 non
1066 2376 1143 2417 levi
1164 2375 1423 2417 certelaetitia
1442 2373 1749 2432 perfundimur,
1769 2389 1865 2414 cum
1877 2388 2022 2415 nosca-

198 2455 290 2479 mus
299 2450 452 2496 quanta
463 2441 591 2480 animi
606 2441 813 2491 firmitate,
827 2453 866 2483 et
875 2439 1367 2483 constantiavenerabiles
1379 2441 1542 2479 Fratres
1561 2438 1751 2479 catholici
1763 2438 1876 2479 orbis
1884 2439 2025 2480 Antis·

197 2503 290 2544 tites
302 2504 454 2556 Nobis,
469 2515 509 2544 et
532 2505 646 2545 Petri
658 2506 875 2546 Cathcdra‘
886 2505 1059 2546 firmiter
1074 2505 1231 2546 addicti
1245 2520 1329 2545 una
1344 2519 1439 2544 cum
1456 2503 1711 2558 obsequente
1735 2503 1813 2543 sibi
1829 2502 1950 2543 Clero
1967 2503 2021 2544 ad

198 2568 394 2609 Ecclesiae
411 2584 579 2609 causam
603 2570 820 2622 tuendam,
846 2572 1017 2627 ejusque
1043 2569 1278 2610 libertatem
1303 2567 1653 2625 propugnandam
1677 2578 1842 2609 strenue
1871 2569 2020 2609 conni-

196 2643 356 2681 tantur,
391 2643 433 2674 et
455 2649 535 2690 qua
560 2634 815 2675 Sacerdotali
839 2651 952 2684 cura,
973 2646 1014 2676 et
1039 2634 1176 2675 studio
1200 2648 1372 2674 omnem
1394 2632 1641 2689 impendant
1663 2647 1848 2690 operam,
1876 2648 1962 2689 quo
1979 2643 2021 2674 et

195 2697 333 2738 bonos
356 2698 487 2755 magis
506 2698 720 2755 magisque
741 2700 782 2739 in
807 2699 994 2739 bonitate
1016 2698 1277 2746 confirment,
1310 2707 1350 2736 et
1376 2708 1561 2737 errantes
1595 2697 1648 2738 ad
1663 2696 1830 2751 justitiae
1852 2696 2019 2737 semitas

196 2762 414 2811 reducant,
448 2774 489 2803 et
517 2764 750 2819 pervicaces
781 2763 994 2821 religionis
1018 2764 1156 2803 hostes
1182 2773 1270 2802 tum
1291 2777 1409 2810 voce,
1438 2772 1526 2801 tum
1564 2761 1724 2819 scriptis
1745 2761 2012 2819 redarguant,

195 2837 319 2883 atque
340 2826 550 2867 refellant.
570 2828 681 2867 Dum
702 2839 840 2868 autem
858 2828 930 2868 has
950 2828 1135 2876 meritas,
1159 2825 1400 2883 debitasque
1422 2825 1564 2867 laudes
1592 2826 1688 2883 ipsis
1711 2824 2015 2867 venerabilibus

194 2892 408 2933 Fratribus
429 2891 613 2932 tribuere
643 2891 851 2943 laetamur,
886 2893 1042 2933 eisdem
1065 2892 1227 2932 animos
1262 2890 1470 2939 addimus,
1501 2902 1547 2931 ut
1570 2890 1712 2933 divino
1743 2889 1895 2932 auxilio
1919 2889 2013 2931 freti

193 2967 371 3015 pergant
407 2955 595 2996 alacriori
619 2971 748 3012 usque
774 2956 863 2997 zelo
885 2956 1162 2997 ministerium
1196 2971 1317 2996 suum
1347 2955 1534 3012 implere,
1572 2971 1619 2997 ac
1655 2955 1830 3013 praeliari
1870 2953 2012 3011 praelia

193 3021 379 3071 Domini,
409 3032 449 3061 et
477 3021 660 3061 exaltare
697 3037 843 3062 vocem
874 3021 916 3060 in
949 3019 1165 3078 sapientia,
1208 3031 1248 3061 et
1284 3020 1529 3062 fortitudine
1553 3020 1606 3061 ad
1641 3017 2008 3076 evangelizandam

190 3086 434 3135 Jerusalem,
459 3085 514 3127 ad
533 3084 740 3126 sanandas
763 3085 1034 3126 contritiones
1049 3084 1191 3125 Israel.
1216 3086 1336 3125 Juxta
1357 3085 1441 3125 haec
1459 3100 1543 3125 non
1566 3083 1758 3125 desinant
1776 3081 1890 3123 adire
1912 3097 2009 3123 cum

192 3149 346 3192 fiducia
368 3151 420 3192 ad
440 3152 638 3192 thronum
659 3149 813 3207 gratiae,
840 3166 888 3191 ac
910 3149 1101 3207 publicis,
1128 3148 1381 3206 privatisque
1405 3148 1593 3206 precibus
1616 3147 1820 3196 insistere,
1846 3156 1886 3187 et
1902 3144 2007 3187 fide-

190 3214 299 3257 libus
318 3215 483 3273 populis
506 3214 652 3257 sedulo
670 3214 894 3268 inculcare,
917 3226 962 3256 ut
982 3230 1126 3257 omnes
1147 3213 1301 3271 ubique
1312 3213 1601 3271 poenitentiam
1621 3222 1760 3269 agant,
1776 3226 1860 3268 quo
1877 3209 2002 3253 mise-
