2135 3442
197 183 272 220 150
651 175 840 211 LETTRE
868 173 1206 220 APOSTOLIQUE
1232 172 1296 207 DE
1323 163 1453 208 LEON
1480 172 1572 208 XII.

197 276 399 327 spectent.
437 265 602 305 Docent
622 262 681 303 illi
704 261 876 319 quidem
899 261 1109 319 permulta
1128 270 1174 300 ut
1196 257 1400 299 suadeant
1418 259 1633 308 Nostram,
1662 269 1703 299 et
1723 259 2030 317 Episcoporum

198 341 451 391 potestatem
474 329 527 370 ab
548 327 611 382 iis,
638 326 708 384 qui
728 342 868 368 rerum
887 324 1107 383 potiuntur
1129 323 1460 364 imminuendam
1481 334 1523 364 et
1546 321 1851 365 debilitandam
1865 339 1968 379 esse,
1989 335 2032 366 et

201 398 254 439 ad
275 411 346 438 eos
378 394 500 452 plura
519 391 807 434 transferanda
825 393 934 446 jura,
953 401 1042 430 tum
1066 404 1118 429 ex
1138 387 1203 440 iis,
1229 403 1321 445 quae
1335 387 1506 446 propria
1531 397 1627 429 sunt
1650 388 1885 445 apostolicae
1905 389 2030 445 hujus

201 460 421 503 Cathedrae
458 470 499 499 et
526 456 719 499 Ecclesiae
749 454 1006 513 principalis,
1036 464 1126 494 tum
1153 468 1204 494 ex
1236 452 1301 503 iis,
1337 469 1429 510 qua¹
1462 452 1515 493 ad
1542 451 1771 509 Episcopos
1802 453 2026 510 pertinent,

200 526 331 585 quiin
355 525 517 566 Nostra*
541 520 830 564 sollicitudinis·
850 529 1015 576 partem
1039 528 1136 559 sunt
1160 517 1312 559 vocati.
1336 518 1492 559 Verum
1523 517 1611 558 haec
1634 516 1694 557 illi
1717 533 1805 558 non
1827 517 1956 558 modo
1980 533 2032 560 ex

199 590 417 632 teterrimo
442 604 524 646 quo
549 586 864 627 inflammantur
880 583 923 623 in
943 581 1192 640 religionem
1213 581 1327 633 odio,
1349 581 1422 623 sed
1440 597 1490 623 eo
1514 581 1640 622 etiam
1664 581 1838 623 consilio
1859 581 2029 632 docent,

199 654 315 714 quod
338 664 507 712 sperent
525 651 614 692 fore
637 661 683 691 ut
705 659 866 707 gentes,
891 663 982 704 quae
1003 657 1138 688 vestro
1166 646 1344 704 imperio
1370 646 1664 702 subjiciuntur,
1687 645 1719 687 si
1742 646 1850 687 forte
1868 645 2034 704 perspi-

198 720 310 762 ciant
336 717 465 759 everti
490 715 691 757 terminos
710 728 815 770 quos
836 711 887 752 de
916 711 1042 752 rebus
1070 710 1194 752 sacris
1215 711 1401 752 Christus
1426 721 1467 752 et
1486 711 1670 752 Ecclesia
1696 711 1749 751 ab
1771 727 1820 752 eo
1843 710 2035 752 instituta

199 783 525 832 constituerunt,
551 779 667 821 facile
695 779 776 819 hoc
797 776 991 834 exemplo
1019 776 1284 818 adducantur
1305 776 1358 818 ad
1380 775 1539 834 politici
1565 774 1691 816 etiam
1714 774 1928 833 regiminis
1945 775 2034 816 for-

197 865 311 891 mam
330 845 638 889 immutandam
655 855 695 884 et
716 841 1032 884 destruendam.

256 914 344 954 Vos
368 911 495 953 etiam
527 925 688 959 omnes,
727 924 752 948 o
775 906 915 947 dilecti
948 906 1063 959 Filii,
1096 906 1169 963 qui
1195 906 1454 948 Catholicam
1481 905 1728 963 religionem
1756 903 2033 962 profitemini,

200 976 401 1037 peculiari
439 975 628 1016 oratione
671 984 712 1014 et
755 971 1067 1013 hortationibus
1106 971 1268 1013 Nostris
1300 971 1561 1030 respicimus.
1595 970 1813 1023 Homines,
1855 969 1924 1027 qui
1958 985 2038 1027 po-

201 1053 316 1089 nunt
337 1042 473 1082 lucem
497 1039 706 1089 tenebras,
738 1047 780 1078 et
804 1037 1002 1077 tenebras
1025 1036 1163 1077 lucem
1192 1037 1366 1077 omnino
1387 1036 1557 1078 evitate.
1577 1036 1679 1088 Quae
1704 1033 1818 1076 enim
1845 1034 1933 1076 veri
1953 1050 2036 1075 no·-

201 1106 326 1148 minis
348 1105 504 1146 utilitas
521 1101 675 1144 exoriri
695 1102 814 1142 vobis
832 1100 990 1158 poterit
1011 1116 1062 1141 ex
1087 1100 1382 1156 conjunctione
1405 1116 1502 1142 cum
1521 1099 1764 1141 hominibus
1784 1098 1854 1156 qui
1875 1098 2037 1139 nullam

200 1171 294 1224 Dei,
317 1170 474 1210 nullam
496 1166 790 1209 sublimiorum
814 1180 1074 1222 quarumque
1101 1176 1359 1222 potestatum
1377 1164 1585 1206 rationem
1607 1163 1849 1205 habendam
1870 1174 2035 1220 putant,

203 1235 275 1293 qui
294 1251 368 1293 per
389 1233 560 1274 insidias
579 1242 621 1273 et
643 1231 916 1272 clancularios
937 1241 1167 1271 conventus
1185 1230 1345 1272 bellum
1368 1230 1446 1271 illis
1467 1228 1618 1270 afferre
1638 1239 1860 1281 conantur,
1885 1227 2038 1284 quique

203 1300 278 1342 etsi
304 1300 347 1340 in
370 1299 480 1349 foro,
512 1309 553 1339 et
573 1296 731 1353 ubique
754 1296 937 1337 clament
963 1311 1004 1337 se
1023 1295 1180 1353 publici
1202 1295 1396 1337 Ecclesiae
1417 1305 1458 1336 et
1479 1293 1688 1336 societatis
1709 1293 1813 1333 boni
1837 1292 2040 1333 amantis-

204 1366 329 1406 simos
349 1378 454 1414 esse,
475 1373 618 1402 tamen
635 1359 837 1401 universis
856 1360 938 1401 suis
957 1359 1079 1417 gestis
1099 1362 1187 1415 jam
1211 1360 1479 1401 declararunt
1498 1357 1640 1400 omnia
1658 1358 1921 1415 perturbare,
1944 1372 2038 1397 om-

203 1428 274 1470 nia
294 1438 476 1469 evertere
494 1426 616 1466 velle.
646 1426 750 1466 Sunt
780 1424 829 1465 iis
853 1423 1024 1482 quidem
1047 1423 1074 1464 ii
1100 1424 1346 1465 hominibus
1369 1423 1521 1466 similes
1547 1423 1699 1480 quibus
1723 1438 1801 1463 nec
1815 1419 2046 1478 hospitium

205 1491 409 1541 dandum,
437 1506 515 1531 nec
537 1489 766 1531 dicendum
790 1504 863 1530 ave
883 1489 1004 1544 jubet
1025 1490 1045 1529 J
1050 1504 1208 1530 oannes
1231 1489 1275 1528 in
1298 1489 1479 1530 secunda
1501 1504 1572 1530 sua
1600 1486 1789 1545 Epistola
1810 1485 1868 1542 (v.
1892 1485 1979 1542 10),
2003 1497 2044 1526 et

205 1572 310 1614 quos
337 1554 640 1613 primogenitos
670 1552 829 1593 diaboli
859 1551 1071 1609 appellare
1101 1553 1282 1608 majores
1306 1553 1437 1595 nostri
1465 1569 1553 1594 non
1583 1552 1850 1593 dubitarunt.
1891 1551 2043 1591 Cavete

208 1621 333 1679 igitur
349 1622 402 1661 ab
423 1634 571 1660 eorum
587 1616 822 1667 blanditiis,
849 1627 890 1657 ct
909 1615 1080 1657 mellitis
1100 1617 1384 1670 sermonibus,
1403 1618 1556 1674 quibus
1571 1616 1693 1658 vobis
1714 1615 1972 1665 suadebunt,
1998 1625 2046 1656 ut

207 1701 363 1727 nomen
386 1684 464 1725 illis
488 1683 608 1725 sectis
634 1682 755 1731 detis,
776 1681 928 1738 quibus
946 1681 1024 1738 ipsi
1051 1681 1247 1739 adscripti
1270 1695 1381 1724 sunt.
1405 1683 1487 1724 Pro
1508 1692 1624 1723 certo
1647 1682 1801 1722 habete
1826 1681 2042 1721 neminem

211 1766 355 1792 earum
381 1748 631 1807 participem
667 1758 875 1788 sectarum
905 1762 994 1787 esse
1023 1762 1162 1803 posse,
1195 1747 1295 1804 quin
1326 1746 1556 1805 gravissimi
1584 1745 1726 1803 flagitii
1749 1761 1846 1786 reus
1877 1745 1944 1795 sit,
1971 1759 2045 1785 eo-

210 1830 388 1872 rumque
412 1815 540 1855 verba
573 1814 624 1853 ab
649 1811 817 1852 auribus
844 1810 994 1852 vestris
1022 1812 1223 1868 repellite,
1255 1813 1341 1869 qui,
1375 1823 1422 1853 ut
1446 1822 1595 1852 vestrae
1617 1811 1661 1850 in
1694 1809 1848 1867 gradus
1877 1824 2047 1849 suarum

211 1891 416 1921 sectarum
443 1877 662 1918 inferiores
692 1874 953 1933 cooptationi
980 1875 1281 1928 assentiamini,
1307 1877 1576 1917 vehementer
1612 1874 1837 1923 affirmant,
1869 1871 1974 1913 nihil
2005 1873 2048 1913 in

213 1943 413 2001 gradibus
436 1942 516 1983 illis
537 1940 720 1992 admitti,
745 1939 861 1997 quod
880 1939 1050 1990 rationi,
1072 1939 1177 1981 nihil
1204 1941 1320 1997 quod
1339 1940 1532 1997 religioni
1556 1938 1813 1987 adversetur,
1835 1937 1921 1978 imo
1944 1935 2048 1977 nihil

213 2008 278 2050 vel
299 2007 527 2065 praedicari,
555 2007 619 2047 vel
636 2005 794 2063 perfici,
817 2004 931 2061 quod
950 2021 1037 2046 non
1060 2017 1264 2057 sanctum,
1287 2005 1401 2062 quod
1421 2021 1507 2046 non
1529 2015 1705 2053 rectum,
1729 2001 1845 2060 quod
1867 2018 1956 2043 non
1977 2001 2048 2042 in-

215 2071 548 2114 contaminatum
571 2070 637 2112 sit.
656 2071 824 2111 Etenim
841 2069 1135 2125 jusjurandum
1155 2070 1259 2111 illud
1277 2071 1501 2121 nefarium,
1527 2068 1642 2127 quod
1659 2071 1748 2125 jam
1767 2076 2051 2108 memoratum

217 2148 296 2188 est,
317 2135 514 2193 quodque
543 2134 585 2175 in
607 2135 678 2175 illa
698 2134 823 2175 etiam
846 2133 1035 2175 inferiori
1061 2134 1330 2192 cooptatione
1352 2134 1485 2190 jurari
1513 2134 1653 2184 debet,
1677 2133 1776 2173 satis
1796 2145 1872 2188 per
1899 2145 1941 2171 se
1966 2141 2045 2181 est,

217 2213 263 2243 ut
284 2201 525 2258 intelligatis
553 2200 671 2241 nefas
698 2200 823 2240 etiam
850 2214 941 2240 esse
975 2199 1202 2241 levioribus
1231 2200 1311 2241 illis
1341 2200 1540 2259 gradibus
1559 2198 1756 2247 adscribi,
1783 2206 1909 2252 atque
1936 2196 1981 2236 in
2003 2195 2052 2237 iis

222 2267 391 2309 versari.
419 2265 584 2306 Deinde
616 2264 806 2321 quamvis
840 2280 931 2321 quse
958 2264 1165 2322 graviora,
1197 2276 1237 2306 et
1265 2264 1500 2306 scelestiora
1530 2275 1641 2312 sunt,
1670 2263 1719 2302 iis
1747 2260 1941 2301 mandari
1963 2275 2052 2301 non

220 2332 394 2386 soleant,
428 2330 500 2387 qui
546 2329 780 2388 superiores
813 2329 969 2386 gradus
1014 2330 1191 2370 assecuti
1233 2346 1319 2370 non
1355 2340 1465 2380 sunt,
1497 2326 1713 2386 perspicue
1744 2336 1887 2365 tamen
1917 2334 2048 2381 patet,

220 2395 665 2455 perniciosissimarum
683 2396 836 2435 harum
859 2393 1106 2435 societatum
1127 2394 1226 2445 vim,
1254 2404 1295 2434 et
1314 2392 1532 2434 audaciam
1549 2406 1598 2433 ex
1618 2390 1808 2431 omnium
1826 2389 1899 2446 qui
1911 2389 1960 2430 iis
1977 2404 2054 2430 no-

221 2477 321 2501 men
338 2460 559 2512 dederunt,
582 2460 856 2500 consensione
879 2469 920 2500 et
942 2458 1210 2499 multitudine
1235 2458 1483 2499 coalescere.
1506 2457 1653 2512 Itaque
1680 2453 1708 2494 ii
1728 2452 1868 2504 etiam,
1899 2453 1969 2510 qui
1991 2452 2055 2493 in—

222 2525 393 2566 feriores
411 2524 505 2565 illos
525 2524 676 2580 gradus
701 2540 787 2564 non
811 2534 908 2564 sunt
930 2522 1228 2581 praetergressi,
1253 2522 1455 2564 scelerum
1482 2520 1649 2561 illorum
1668 2518 1888 2577 participes
1909 2516 2055 2558 haberi

223 2589 395 2631 debent.
438 2590 491 2629 Et
517 2587 560 2627 in
598 2603 670 2627 eos
709 2587 820 2628 cadit
854 2587 958 2629 illud
996 2587 1189 2645 Apostoli
1215 2587 1269 2628 ad
1289 2588 1505 2627 Romanos
1534 2585 1647 2643 (cap.
1677 2584 1717 2641 1)
1745 2601 1754 2624 :
1794 2603 1811 2618 «
1843 2583 1928 2636 Qui
1955 2581 2054 2622 talia

230 2675 245 2691 «ι
270 2664 414 2711 agunt,
445 2651 561 2710 digni
586 2662 683 2693 sunt
710 2662 863 2703 morte,
895 2663 935 2691 et
966 2667 1054 2692 non
1075 2652 1213 2693 solum
1237 2650 1309 2709 qui
1331 2667 1379 2692 ea
1399 2650 1573 2702 faciunt,
1600 2648 1674 2691 sed
1702 2649 1829 2690 etiam
1852 2647 1925 2706 qui
1948 2661 2053 2687 con-

227 2740 244 2755 «
270 2717 455 2759 sentiunt
473 2715 735 2757 facientibus.
760 2736 776 2751 »

279 2782 500 2823 Postremo
532 2797 617 2830 eOS,
659 2781 729 2837 qui
762 2796 856 2821 cum
880 2781 970 2834 jam
1001 2791 1138 2821 essent
1156 2780 1394 2833 illuminati,
1420 2791 1461 2822 et
1487 2778 1760 2838 gustavissent
1785 2777 1946 2820 donum
1967 2791 2053 2818 coe-

222 2848 338 2897 leste,
376 2858 417 2888 et
441 2845 665 2904 participes
696 2844 794 2885 facti
830 2855 965 2885 essent
989 2844 1162 2902 Spiritus
1184 2845 1340 2897 Sancti,
1377 2844 1530 2886 deinde
1551 2856 1687 2886 tamen
1710 2844 1938 2886 miserrime
1953 2857 2055 2899 pro-

224 2913 330 2970 lapsi
350 2923 460 2963 sunt,
490 2922 530 2953 et
557 2922 688 2952 sectas
708 2909 798 2950 illas
822 2920 1068 2966 sequuntur,
1090 2911 1176 2951 sive
1211 2909 1254 2950 in
1284 2909 1566 2959 inferioribus,
1595 2908 1678 2951 sive
1700 2910 1740 2950 in
1776 2905 2057 2965 superioribus

225 2993 369 3019 earum
393 2976 588 3035 gradibus
605 2986 835 3026 versentur,
853 2985 1125 3032 peramanter
1153 2973 1206 3015 ad
1230 2975 1318 3015 Nos
1343 2990 1554 3016 vocamus.
1582 2976 1682 3030 Ejus
1707 2973 1819 3016 enim
1851 2971 1940 3012 vice
1960 2970 2058 3012 fun-

225 3053 382 3100 gentes,
413 3040 483 3099 qui
504 3041 712 3099 professus
733 3050 807 3089 est,
844 3054 932 3079 non
960 3037 1126 3079 venisse
1155 3054 1197 3079 se
1224 3054 1373 3079 vocare
1389 3040 1537 3093 justos,
1574 3039 1648 3080 sed
1677 3047 1930 3096 peccatores,
1951 3045 1993 3075 et
2010 3049 2057 3075 se

224 3107 384 3164 pastori
405 3106 686 3164 aequiparavit,
718 3105 804 3162 qui,
836 3103 981 3145 relicto
1002 3103 1162 3160 reliquo
1191 3119 1330 3160 grege,
1373 3102 1544 3144 sollicite
1576 3118 1698 3144 ovem
1729 3099 1887 3158 quaerst,
1930 3113 2057 3155 quam

226 3172 423 3228 perdidit,
453 3186 524 3213 eos
543 3172 765 3212 hortamur
808 3179 850 3210 et
883 3169 1168 3217 obsecramus,
1194 3178 1240 3208 ut
1257 3167 1311 3208 ad
1331 3168 1542 3208 Christum
1571 3161 2059 3216 revertantur.Quamvis

226 3237 338 3278 enim
360 3237 541 3278 maximo
562 3251 604 3278 se
627 3235 851 3294 polluerint
870 3232 1058 3284 crimine,
1089 3247 1176 3273 non
1210 3231 1365 3273 debent
1387 3242 1525 3273 tamen
1551 3231 1603 3273 de
1621 3231 1715 3283 Dei,
1742 3240 1782 3271 et
1800 3230 1894 3270 Jesu
1908 3226 2059 3268 Christi
