2135 3442
769 212 899 246 XXVI
927 211 1104 246 MARTII
1132 209 1382 247 MDCCCLX.

502 432 612 501 SS.
664 432 975 498 DOMINI
1023 431 1342 500 NOSTRI
1392 430 1514 497 PII
1557 432 1647 499 IX

686 571 993 625 LITTERAE
1040 572 1468 625 APOSTOLICAE

882 817 1005 862 PIUS
1035 817 1177 863 PAPA
1209 820 1268 863 IX

741 942 816 983 Ad
815 953 1065 1000 perpetuam
1080 949 1144 984 rei
1157 949 1417 985 memoriam.

212 1058 356 1112 Quum
376 1054 593 1098 Catholica
615 1054 804 1096 Ecclesia
827 1070 850 1096 a
871 1055 1039 1096 Christo
1060 1055 1245 1097 Domino
1271 1055 1446 1096 fundata
1472 1066 1512 1096 et
1530 1054 1739 1105 instituta,
1766 1054 1820 1096 ad
1842 1055 2000 1113 sempi—

154 1135 319 1165 ternam
344 1120 568 1163 hominum
605 1120 783 1162 salutem
813 1121 1057 1170 curandam,
1100 1120 1296 1179 perfectae
1333 1120 1542 1162 societatis
1569 1120 1749 1161 formam
1776 1119 1815 1161 vi
1848 1119 2001 1161 divinae

156 1204 241 1230 suae
273 1185 551 1228 institutionis
582 1184 830 1236 obtinuerit,
861 1202 907 1227 ea
930 1185 1113 1243 proinde
1141 1186 1335 1227 libertate
1367 1185 1526 1243 pollere
1559 1184 1703 1236 debet,
1732 1196 1779 1226 ut
1815 1184 1859 1226 in
1880 1200 2000 1226 sacro

155 1268 230 1294 suo
252 1250 489 1293 ministerio
512 1250 714 1292 obeundo
735 1250 841 1291 nulli
866 1250 976 1291 civili
998 1250 1196 1308 potestati
1217 1251 1447 1306 subjaccat.
1471 1250 1525 1291 Et
1546 1249 1751 1307 quoniam
1771 1249 1825 1291 ad
1846 1248 1996 1300 libere,

153 1328 198 1358 ut
214 1333 290 1375 par
306 1327 410 1371 erat,
434 1316 663 1374 agendum,
688 1314 738 1357 iis
761 1315 981 1373 indigebat
998 1315 1202 1373 praesidiis
1223 1331 1316 1372 quae
1341 1327 1582 1373 temporum
1603 1313 1839 1357 conditioni
1860 1330 1909 1356 ac
1929 1330 2002 1356 ne-

153 1381 332 1424 cessitati
350 1392 652 1439 congruerent,
675 1380 831 1422 idcirco
853 1380 1056 1438 singulari
1093 1397 1265 1439 prorsus
1295 1380 1455 1422 Divinae
1489 1379 1777 1422 Providentiae
1813 1379 1996 1422 consilio

154 1445 313 1488 factum
334 1457 413 1497 est,
428 1457 474 1487 ut
492 1462 623 1503 quum
642 1448 886 1487 Romanum
906 1445 1066 1487 corruit
1084 1445 1316 1504 Imperium
1345 1457 1387 1487 et
1411 1445 1454 1486 in
1475 1445 1597 1503 plura
1623 1445 1702 1487 fuit
1721 1460 1854 1503 regna
1877 1443 1992 1486 divi-

152 1527 262 1562 sum,
291 1514 509 1553 Romanus
538 1510 753 1561 Pontifex,
783 1527 912 1568 quem
931 1509 1120 1552 Christus
1143 1510 1273 1552 totius
1298 1510 1494 1552 Ecclesiae
1515 1526 1597 1552 suae
1622 1521 1748 1568 capnt
1779 1521 1997 1552 centrum-

149 1591 233 1633 que
257 1576 492 1623 constituit,
528 1576 693 1617 civilem
722 1586 1017 1632 assequeretur
1043 1575 1343 1633 principatum.
1376 1576 1472 1628 Quo
1503 1591 1601 1617 sane
1625 1591 1648 1616 a
1677 1577 1770 1617 Deo
1807 1574 1898 1633 ipso
1928 1589 2001 1615 sa·-

152 1640 411 1698 pientissime
431 1641 672 1682 consultum
693 1651 772 1691 est,
796 1651 842 1681 ut
861 1639 905 1679 in
928 1650 1044 1680 tanta
1065 1639 1364 1696 temporalium
1387 1639 1633 1698 Principum
1653 1638 1923 1682 multitudine
1948 1654 1997 1680 ac

153 1704 355 1747 varietate
373 1706 572 1746 Summus
590 1704 788 1747 Pontifex
815 1704 885 1746 illa
906 1703 1115 1745 ἣυεΓεῑυΓ
1133 1704 1304 1762 politica
1329 1704 1539 1754 libertate,
1564 1721 1656 1763 quae
1676 1716 1899 1762 tantopere
1916 1721 1995 1746 ne-

153 1769 334 1811 cessaria
365 1780 428 1811 est
458 1769 508 1811 ad
535 1769 795 1827 spiritualem
825 1784 944 1810 suam
977 1780 1246 1826 potestatem,
1273 1769 1569 1811 auctoritatem
1592 1781 1633 1811 et
1652 1769 1999 1826 jurisdictionem

152 1844 242 1875 toto
266 1835 370 1876 orbe
394 1836 552 1892 absque
571 1835 658 1876 ullo
687 1833 993 1892 impedImento
1016 1834 1308 1876 exercendam.
1333 1836 1473 1891 Atque
1490 1834 1548 1876 ita
1575 1835 1701 1892 plane
1721 1834 1915 1886 decebat,
1946 1849 2002 1877 ne

151 1898 371 1940 Catholico
394 1899 497 1940 Orbi
524 1899 609 1940 ulla
634 1899 815 1941 oriretur
834 1898 999 1940 occasio
1032 1898 1272 1950 dubitandi,
1301 1899 1483 1956 impulsu
1507 1898 1683 1941 fortasse
1706 1898 1892 1941 civilium
1909 1915 1991 1958 po-

153 1973 369 2014 testatum,
387 1964 451 2005 vel
471 1980 548 2021 pal
554 1963 657 2005 tium
680 1963 820 2006 studio
843 1963 940 2005 duci
958 1964 1216 2021 quandoque
1236 1979 1359 2022 posse
1378 1963 1423 2005 in
1448 1964 1672 2006 universali
1691 1964 1995 2023 procuratione

152 2028 336 2085 gerenda
359 2029 513 2070 Sedem
528 2028 659 2079 illam,
687 2029 741 2071 ad
758 2045 884 2086 quam
909 2048 926 2063 «
926 2040 1128 2130 npropter
1143 2028 1359 2087 potiorem
1374 2029 1725 2088 principalitatem
1747 2046 1920 2073 necesse
1940 2040 2004 2072 est

160 2112 177 2126 α
208 2107 381 2133 omnem
403 2092 637 2135 Ecclesiam
660 2093 905 2135 convenire.

210 2175 350 2217 Facile
375 2187 515 2218 autem
535 2176 782 2235 intelligitur
812 2114 1174 2234 querriadmodum
1198 2176 1405 2232 ejusmodi
1425 2178 1628 2218 Romanae
1654 2177 1850 2220 Ecclesiae
1868 2178 1997 2221 Prin·

159 2239 334 2298 cipatus,
356 2240 453 2282 licet
476 2257 624 2299 suapse
648 2252 801 2283 natura
820 2241 1101 2299 temporalem
1122 2257 1212 2282 rem
1234 2241 1382 2299 sapiat,
1404 2241 1666 2300 spiritualem
1688 2253 1828 2285 tamen
1844 2243 2003 2286 induat

159 2304 347 2345 indolem
366 2304 406 2345 vi
430 2321 572 2355 sacrae,
603 2322 732 2363 quam
753 2307 899 2358 habet,
929 2305 1242 2356 destinationis,
1278 2318 1324 2348 et
1352 2306 1572 2348 arctissimi
1599 2306 1709 2348 illius
1728 2306 1883 2349 vinculi
1909 2324 1996 2365 quo

155 2385 252 2410 cum
271 2369 463 2411 maximis
481 2371 559 2412 Rei
576 2371 822 2413 Christianae
842 2370 1080 2413 rationibus
1101 2371 1390 2430 conjungitur.
1412 2371 1540 2425 Quod
1563 2382 1704 2414 tamen
1726 2372 1785 2414 nil
1802 2372 1999 2431 impedit,

156 2433 384 2491 quominus
408 2451 456 2475 ea
475 2436 620 2477 omnia
638 2452 729 2493 quae
748 2436 798 2478 ad
817 2436 1093 2494 temporalem
1117 2452 1288 2494 quoque
1302 2437 1560 2495 populorum
1580 2436 1825 2480 felicitatem
1842 2438 2003 2480 condu-

156 2510 257 2540 cunt
275 2498 420 2556 perfici
441 2512 612 2556 queant,
642 2501 1008 2558 quemadmodum
1029 2500 1174 2558 gestia
1202 2501 1407 2543 Romanis
1432 2501 1707 2544 Pontificibus
1731 2518 1810 2560 per
1834 2513 1899 2545 tot
1923 2519 2001 2545 sae-

156 2563 247 2605 cula
266 2562 399 2604 civilis
413 2564 630 2622 regiminis
648 2565 826 2608 historia
845 2566 1175 2608 luculentissime
1197 2577 1391 2608 testatur.

217 2628 361 2681 Quum
379 2643 509 2685 porro
535 2629 587 2670 ad
609 2630 802 2672 Ecclesiae
830 2631 993 2672 bonum
1011 2641 1052 2671 et
1072 2630 1293 2672 utilitatem
1311 2630 1505 2688 respiciat
1527 2631 1807 2690 Principatus,
1832 2632 1885 2674 de
1905 2648 1991 2690 quo

152 2691 384 2749 loquimur,
411 2692 566 2734 mirum
588 2710 677 2736 non
696 2707 756 2737 est
778 2696 896 2753 quod
908 2695 1099 2738 Ecclesiae
1119 2695 1249 2753 ipsius
1263 2697 1404 2738 hostes
1422 2697 1738 2755 persaepeillum
1752 2697 1992 2740 convellere

157 2768 197 2798 et
211 2756 465 2799 labefactare
492 2757 709 2816 multiplici
731 2760 980 2802 insidiarum
1002 2772 1043 2802 et
1059 2773 1288 2802 conatuum
1311 2777 1463 2819 genere
1490 2762 1787 2804 contenderint
1810 2780 1819 2804 ε
1845 2762 1889 2804 in
1906 2778 1993 2820 quo

157 2833 301 2863 tamen
320 2821 482 2863 nefaria
508 2821 677 2864 illorum
702 2824 937 2874 molimina,
977 2827 1066 2866 Deo
1093 2825 1322 2866 Ecclesiam
1355 2842 1475 2868 suam
1497 2827 1654 2885 jugiter
1687 2827 1927 2883 adjuvante,
1953 2827 1997 2868 in

158 2886 325 2928 irritum
347 2886 477 2928 serius
502 2886 615 2928 ocius
639 2887 897 2930 ceciderunt.
924 2892 944 2930 J
949 2906 1017 2930 am
1037 2906 1137 2931 vero
1162 2890 1280 2931 novit
1300 2891 1515 2933 universus
1538 2892 1651 2933 orbis
1669 2891 1889 2949 quomodo
1908 2892 1996 2933 luc-

159 2951 288 2993 tuosis
320 2951 434 2993 hisce
454 2953 717 3009 temporibus
741 2952 1002 2995 infestissimi
1033 2954 1256 2996 Catholicae
1280 2956 1474 2998 Ecclesiae
1502 2968 1543 2999 et
1576 2957 1702 3012 hujus
1736 2956 1991 3014 Apostolicae

156 3015 276 3057 Sedis
299 3031 441 3057 osores
467 3037 483 3052 «
516 3015 822 3057 abominabiles
856 3017 955 3059 facti
987 3018 1030 3059 in
1067 3018 1215 3060 studiis
1244 3020 1342 3071 suis,
1371 3038 1418 3063 ac
1448 3022 1670 3079 loquentes
1697 3020 1741 3062 in
1776 3018 1991 3078 hypocrisi

164 3101 181 3115 «
206 3079 491 3131 mendacium,
522 3102 538 3117 »
567 3081 678 3122 hanc
706 3080 839 3139 ipsam
862 3082 1029 3132 Sedem,
1051 3084 1304 3140 proculcatis
1333 3084 1485 3127 divinis
1506 3085 1788 3143 humanisque
1807 3083 1989 3140 juribus,

158 3143 282 3197 civili,
305 3160 390 3201 quo
412 3145 589 3203 potitur,
614 3144 856 3204 Principatu
878 3146 1057 3203 spoliare
1074 3147 1268 3205 nequiter
1287 3149 1545 3202 adnitantur,
1566 3151 1695 3208 idque
1720 3149 1879 3206 assequi
1902 3159 1992 3190 stu-
