2135 3442
180 128 255 164 370
853 124 1037 160 LETTRE
1066 124 1130 160 DE
1157 124 1237 159 PlE
1264 123 1335 159 IX.

180 212 460 269 eximiamque
489 221 673 252 vestram
700 209 982 268 episcopalem
1011 209 1271 267 vigilantiam
1300 209 1353 250 ad
1388 208 1484 250 illos
1507 207 1798 266 profligandos
1825 210 2006 252 excitare

180 276 478 319 censuerimus.
510 277 617 317 Cum
642 274 756 317 enim
776 273 971 315 inimicus
993 274 1123 315 homo
1147 290 1234 315 non
1255 284 1390 315 cesset
1418 273 1755 331 superseminare
1783 273 1941 316 zizania
1960 275 2006 316 in

177 341 320 384 medio
338 340 480 392 tritici,
503 350 593 380 tum
613 340 716 390 Nos,
743 337 813 396 qui
838 338 981 379 divina
1005 338 1254 395 disponente
1279 337 1550 379 Providentia
1572 337 1787 379 dominico
1813 354 1916 396 agro
1935 353 2009 380 ex-

179 405 358 449 colendo
371 420 616 464 praesumus,
639 415 763 461 atque
774 403 835 444 uti
850 402 958 444 servi
980 402 1138 453 fideles,
1164 414 1206 445 et
1224 402 1455 461 prudentes
1472 418 1599 460 super
1615 402 1786 443 Domini
1805 401 2007 444 familiam

179 466 395 512 constituti
418 468 602 520 sumus¹,
627 469 681 509 ab
707 467 754 508 iis
780 467 972 524 partibus
994 467 1210 524 explendis
1233 467 1434 509 desistere
1462 483 1551 508 non
1574 466 1814 518 debeamus,
1842 482 1934 524 quae
1952 468 2006 509 ab

177 534 426 594 Apostolico
441 535 596 576 Nostro
617 547 794 573 munere
818 531 1007 589 separari
1026 548 1113 572 non
1132 543 1327 590 possunt.

235 601 358 642 Nunc
382 614 482 641 vero
513 614 534 639 a
567 595 767 654 singulari
792 606 931 637 vestra
960 595 1116 653 pietate
1146 608 1187 638 et
1208 595 1434 654 prudentia
1465 595 1746 654 exposcimus,
1781 607 1828 637 ut
1854 596 1898 636 in
1926 595 2009 638 hoc

178 680 405 723 congressu
422 679 468 705 ea
485 662 750 721 potissimum
773 660 882 701 inter
901 661 988 701 Vos
1009 660 1182 702 consilia
1202 660 1377 718 provide
1395 659 1688 718 sapienterque
1709 660 1813 702 inire
1836 660 2007 702 studea-

177 731 246 781 tis,
273 745 364 786 quse
385 728 426 769 in
450 725 697 786 amplissimi
718 725 837 766 istius
853 724 1024 782 Imperii
1046 724 1293 782 regionibus
1307 725 1359 767 ad
1379 727 1585 781 majorem
1608 725 1685 767 Dei
1702 725 1883 783 gloriam
1904 740 2006 783 pro-

177 793 447 844 movendam,
474 808 520 833 ac
541 790 842 848 sempiternam
861 788 1087 830 hominum
1107 790 1283 831 salutem
1303 790 1617 848 procurandam
1638 790 1876 831 conducere
1899 789 2009 832 exis-

177 857 438 901 timaveritis.
459 857 549 898 Etsi
566 856 679 897 enim
696 855 970 896 vehementer
990 854 1033 895 in
1057 853 1242 895 Domino
1264 855 1470 907 laetemur,
1495 871 1591 896 cum
1609 870 1832 897 noscamus
1854 854 2011 896 multos

178 923 356 966 existere
377 933 468 964 tum
485 918 803 970 ecclesiasticos,
825 930 917 959 tum
936 918 1066 960 laicos
1090 919 1298 970 homines,
1327 919 1398 977 qui
1419 920 1653 961 christiana:
1679 919 1776 961 fidei
1796 930 1838 960 et
1859 919 2012 961 carita-

178 989 230 1030 tis
251 987 401 1046 spiritu
421 985 586 1044 egregie
604 983 775 1026 animati
800 985 963 1025 bonum
983 983 1139 1025 Christi
1162 983 1404 1025 diffundunt
1430 984 1624 1035 odorem,
1647 996 1786 1026 tamen
1813 999 1899 1025 non
1922 998 2014 1026 me-

180 1052 310 1094 diocri
331 1051 538 1093 afficimur
559 1050 724 1099 dolore,
749 1065 844 1090 cum
874 1048 988 1090 haud
1008 1048 1265 1107 ignoremus,
1290 1049 1332 1089 in
1358 1049 1567 1106 aliquibus
1590 1049 1694 1090 locis
1713 1049 1942 1090 nonnullos
1962 1063 2012 1089 ex

190 1118 312 1158 Clero
334 1132 416 1157 suae
437 1114 666 1174 dignitatis,
695 1124 736 1155 et
750 1113 875 1154 officii
898 1113 1054 1155 oblitos
1068 1113 1242 1154 minime
1262 1114 1481 1155 ambulare
1499 1130 1578 1172 pro
1602 1129 1650 1156 ea
1667 1114 1903 1164 vocatione,
1929 1129 2013 1170 qua

183 1181 322 1223 vocati
343 1191 455 1233 sunt,
469 1191 511 1221 et
527 1179 802 1221 christianum
813 1178 1021 1237 populum
1040 1178 1313 1220 sanctissimis
1333 1178 1483 1220 divinae
1502 1190 1655 1220 nostrae
1672 1177 1889 1236 religionis
1905 1193 2014 1236 prae-

185 1246 452 1304 ceptionibus
485 1260 636 1303 parum
666 1243 941 1295 instructum,
983 1242 1264 1301 gravibusque
1301 1243 1532 1285 obnoxium
1559 1243 1757 1301 periculis
1793 1259 1817 1284 a
1846 1242 2015 1301 pietatis

179 1311 393 1370 operibus,
421 1321 462 1350 et
487 1311 856 1351 Sacramentorum
876 1308 1112 1366 frequentia
1137 1307 1360 1349 infeliciter
1387 1307 1614 1361 abstinere,
1644 1318 1768 1365 atque
1799 1323 1822 1348 a
1843 1322 2013 1348 morum

177 1377 414 1425 honestate,
436 1373 760 1431 christianaeque
778 1373 872 1414 vitae
891 1373 1110 1430 disciplina
1130 1372 1368 1423 deflectere,
1386 1384 1428 1414 et
1447 1372 1500 1414 ad
1520 1372 1737 1414 interitum
1756 1387 1896 1414 ruere.
1915 1372 2015 1412 Per<

181 1439 469 1482 suasissimum
492 1438 621 1479 Nobis
641 1449 720 1489 est,
741 1439 829 1480 Vos
848 1454 928 1496 pro
949 1449 1136 1495 spectata
1157 1449 1295 1479 vestra
1316 1437 1545 1496 episcopali
1566 1436 1848 1479 sollicitudine
1868 1451 2014 1478 omnes

179 1521 315 1555 curas,
336 1503 700 1561 cogitationesque
715 1518 804 1545 esse
822 1503 1067 1553 collaturos,
1091 1514 1138 1544 ut
1156 1514 1490 1544 commemorata
1505 1503 1660 1544 damna
1680 1501 1856 1543 omnino
1880 1500 2014 1543 elimi-

178 1580 348 1611 nentur.
374 1570 426 1609 Et
446 1568 649 1625 quoniam
672 1568 832 1625 optime
848 1567 976 1617 scitis,
1001 1567 1153 1609 Dilecti
1174 1567 1268 1608 Filii
1288 1568 1446 1618 Nostri,
1465 1584 1513 1609 ac
1536 1567 1811 1609 Venerabiles
1826 1566 2009 1614 Fratres,

181 1645 385 1691 quantam
405 1633 457 1674 ad
475 1632 744 1673 ecclesiastici
759 1632 932 1673 Ordinis
947 1632 1213 1689 disciplinam
1233 1632 1568 1682 instaurandam,
1593 1632 1852 1689 populorum
1874 1645 2014 1672 mores

182 1698 472 1755 corrigendos,
498 1713 729 1753 eorumque
751 1697 906 1737 damna
929 1696 1155 1737 avertenda
1174 1696 1260 1736 vim
1282 1698 1467 1738 habeant
1487 1695 1762 1738 Provincialia
1785 1693 1973 1736 Concilia
1991 1709 2014 1734 a

182 1763 394 1805 canonicis
408 1762 695 1803 sanctionibus
707 1760 1011 1818 sapientissime
1025 1760 1282 1818 praescripta,
1297 1772 1337 1802 et
1353 1777 1375 1801 a
1387 1760 1819 1802 sanctis-antistitibus
1829 1761 2013 1801 maximo

182 1843 347 1885 semper
369 1827 564 1867 Ecclesia>
593 1826 710 1866 bono
737 1825 1020 1882 frequentata,
1055 1824 1207 1866 iccirco
1230 1825 1294 1865 vel
1322 1825 1503 1866 maxime
1530 1837 1740 1882 optamus,
1763 1835 1810 1865 ut
1836 1823 2016 1865 Provin-

181 1892 306 1934 ciales
337 1891 533 1949 Synodos
559 1889 613 1931 ad
639 1906 852 1931 sacrorum
872 1905 1086 1930 canonum
1108 1905 1300 1930 normam
1330 1890 1408 1930 rite
1432 1889 1752 1940 concelebretis,
1783 1905 1867 1946 qno
1897 1904 2014 1930 com-

182 1957 379 2000 munibus
413 1957 614 2012 cujusque
644 1954 935 1997 ecclesiasticae
960 1955 1078 1996 istius
1104 1953 1274 2012 Imperii
1302 1953 1533 1995 Provinciae
1559 1953 1680 1995 malis
1708 1964 1949 2011 opportuna
1967 1968 2014 1994 ac

185 2021 382 2064 salutaria
410 2019 644 2061 adhibeatis
668 2020 869 2060 remedia.
897 2020 1001 2059 Cum
1023 2030 1163 2060 autem
1185 2018 1317 2060 multa
1341 2030 1382 2060 et
1401 2018 1544 2077 gravia
1565 2018 1609 2059 in
1628 2017 1743 2060 hisce
1765 2017 2012 2060 Provincia-

185 2087 295 2128 libus
315 2084 498 2143 Synodis
518 2101 541 2125 a
559 2084 690 2125 Vobis
711 2085 792 2125 sint
819 2083 996 2141 agenda,
1021 2085 1183 2125 Nostris
1202 2085 1244 2125 in
1265 2084 1373 2126 votis
1391 2096 1467 2137 est,
1492 2096 1538 2125 ut
1557 2100 1634 2142 pro
1658 2094 1794 2125 vestra
1811 2083 2014 2140 sapientia

185 2151 229 2192 in
251 2152 332 2191 isto
351 2149 674 2190 Vindobonensi
701 2160 912 2190 conventu
933 2149 1272 2190 concordissimis
1293 2150 1441 2190 animis
1467 2165 1515 2190 ea
1534 2149 1642 2189 inter
1668 2148 1754 2188 Vos
1784 2148 2015 2205 suscipiatis

187 2215 376 2264 concilia,
402 2215 553 2271 quibus
577 2215 798 2255 unanimes
836 2230 921 2254 esse
965 2213 1129 2271 possitis
1161 2225 1252 2255 tum
1291 2214 1399 2255 circa
1437 2213 1621 2272 potiores
1663 2212 1894 2270 praesertim
1929 2227 2009 2263 res,

189 2296 278 2337 quae
306 2280 347 2319 in
375 2279 705 2320 Provincialibus
728 2279 911 2336 Synodis
932 2290 1056 2320 erunt
1080 2279 1322 2327 tractandae,
1349 2295 1397 2320 ac
1417 2278 1663 2328 statuendae,
1688 2288 1776 2318 tum
1797 2279 1905 2319 circa
1926 2277 2011 2327 illa,

191 2360 282 2400 quae
299 2359 383 2385 uno
398 2344 631 2400 eodemque
653 2344 792 2385 studio
813 2360 836 2384 a
850 2344 984 2385 Vobis
1002 2355 1126 2385 erunt
1143 2344 1394 2401 praestanda,
1408 2355 1453 2386 ut
1469 2346 1512 2384 in
1524 2343 1721 2384 omnibus
1741 2342 1859 2384 istius
1874 2343 2014 2400 Impe-

188 2409 261 2450 riis
275 2408 507 2449 Provinciis
526 2408 662 2449 divina
676 2420 820 2449 nostra
832 2409 997 2466 religiO,
1019 2409 1191 2466 eiusque
1210 2409 1401 2450 salutaris
1415 2408 1609 2450 doctrina
1629 2407 1761 2466 magis
1783 2407 1827 2448 in
1848 2406 1936 2448 dies
1951 2406 2015 2448 vi-

188 2484 296 2531 geat,
323 2472 485 2521 floreat,
504 2473 758 2523 dominetur,
783 2484 825 2514 et
840 2473 986 2515 fideles
1006 2473 1153 2532 populi
1175 2473 1434 2514 declinantes
1454 2488 1477 2513 a
1496 2472 1623 2522 malo,
1653 2484 1692 2514 et
1713 2471 1913 2513 facientes
1931 2473 2013 2513 bo-

193 2553 295 2578 num
308 2537 526 2578 ambulent
536 2549 581 2577 ut
592 2537 664 2577 filii
676 2537 780 2578 lucis
794 2537 837 2578 in
850 2537 965 2578 omni
983 2539 1188 2590 bonitate,
1198 2538 1373 2593 justitia,
1387 2554 1434 2579 ac
1445 2537 1634 2580 veritate.
1652 2539 1706 2578 Et
1719 2553 1815 2578 cum
1825 2536 1930 2578 nihil
1944 2536 2012 2590 sit,

191 2602 307 2658 quod
327 2600 429 2641 alios
441 2601 572 2658 magis
594 2601 646 2642 ad
670 2603 881 2651 virtutem,
908 2602 1126 2659 pietatem,
1150 2618 1198 2643 ac
1212 2602 1290 2644 Dei
1309 2602 1467 2644 cultum
1488 2602 1650 2644 assidue
1666 2601 1861 2653 instruat,
1889 2617 2016 2659 quam

191 2681 337 2708 eorum
348 2664 432 2706 vita
446 2698 454 2714 ,
475 2677 515 2706 et
529 2666 784 2723 exemplum,
804 2667 928 2723 quise
941 2667 1083 2708 divino
1098 2666 1330 2707 ministerio
1345 2667 1608 2721 dedicarunt,
1622 2683 1677 2708 ne
1689 2665 2018 2725 praetermittatis

193 2730 309 2772 omni
338 2728 543 2770 industria
570 2730 678 2770 inter
704 2731 741 2769 V
745 2746 791 2771 os
816 2746 863 2771 ea
888 2741 1084 2782 statuere,
1107 2730 1258 2787 quibus
1282 2730 1390 2772 Cleri
1418 2731 1699 2789 disciplinam,
1721 2731 1793 2773 ubi
1819 2731 2016 2790 prolapsa

194 2806 270 2849 est,
296 2793 553 2843 instauretis,
576 2805 616 2834 et
637 2805 877 2835 accuratam
898 2795 1007 2836 illius
1028 2795 1349 2846 institutionem,
1373 2796 1445 2837 ubi
1466 2813 1573 2854 opus
1596 2796 1736 2849 fuerit,
1761 2812 2013 2855 promovea-

194 2862 262 2902 tis.
294 2858 502 2911 Quocirca
538 2858 688 2899 Dilecti
714 2859 807 2899 Filii
837 2860 998 2910 Nostri,
1028 2876 1074 2901 ac
1099 2860 1369 2902 Venerabiles
1394 2863 1576 2917 Fratres,
1607 2861 1769 2904 collatis
1796 2863 1906 2903 inter
1929 2861 2017 2901 Vos

201 2924 384 2966 consiliis
419 2922 739 2979 coniunctisque
773 2923 920 2965 studiis
947 2924 1261 2982 diligentissime
1290 2926 1532 2983 prospicite,
1568 2937 1614 2968 ut
1645 2924 1911 2968 ecclesiastici
1939 2923 2016 2967 viri

194 2989 374 3047 propriae
403 2988 618 3046 dignitatis
645 2999 686 3028 et
711 2987 836 3028 officii
866 3004 1031 3046 semper
1054 3005 1263 3031 memores
1293 2992 1344 3032 ab
1372 2991 1421 3033 iis
1445 2991 1642 3033 omnibus
1669 2991 1896 3041 declinent,
1925 3003 2015 3047 quae

193 3054 363 3095 Clericis
386 3053 529 3105 vetita,
554 3068 729 3110 quaeque
755 3068 826 3093 eos
856 3068 1124 3110 nequaquam
1154 3054 1320 3106 decent,
1349 3072 1395 3097 ac
1420 3057 1622 3098 virtutum
1654 3056 1843 3099 omnium
1867 3063 2015 3097 ornatu

244 3158 274 3189 1.
303 3154 341 3189 S.
363 3154 525 3190 Ambros.
543 3152 586 3187 de
608 3152 677 3186 fide
689 3152 732 3187 ad
749 3152 915 3187 Gratiam.
933 3153 1096 3199 Imperat.
1118 3154 1179 3189 lib.
1202 3158 1234 3189 5.
1258 3155 1293 3188 in
1310 3156 1447 3201 prolog.
