<?xml version="1.0" encoding="UTF-8"?>
<!DOCTYPE html PUBLIC "-//W3C//DTD XHTML 1.0 Transitional//EN"
    "http://www.w3.org/TR/xhtml1/DTD/xhtml1-transitional.dtd">
<html xmlns="http://www.w3.org/1999/xhtml" xml:lang="en" lang="en">
 <head>
  <title>
</title>
<meta http-equiv="Content-Type" content="text/html;charset=utf-8" />
  <meta name='ocr-system' content='tesseract 3.04.00' />
  <meta name='ocr-capabilities' content='ocr_page ocr_carea ocr_par ocr_line ocrx_word'/>
</head>
<body>
  <div class='ocr_page' id='page_1' title='image "./recueildesallocu00cath_0222.png"; bbox 0 0 2135 3442; ppageno 0'>
   <div class='ocr_carea' id='block_1_1' title="bbox 788 229 1422 268">
    <p class='ocr_par' dir='ltr' id='par_1_1' title="bbox 788 229 1422 268">
     <span class='ocr_line' id='line_1_1' title="bbox 788 229 1422 268; baseline 0.003 -3"><span class='ocrx_word' id='word_1_1' title='bbox 788 230 864 265; x_wconf 85' lang='lat' dir='ltr'><strong>XX</strong></span> <span class='ocrx_word' id='word_1_2' title='bbox 891 229 1089 266; x_wconf 88' lang='lat' dir='ltr'><strong>APRILIS</strong></span> <span class='ocrx_word' id='word_1_3' title='bbox 1116 229 1422 268; x_wconf 84' lang='lat' dir='ltr'><strong>MDCCCXLIX.</strong></span> 
     </span>
    </p>
   </div>
   <div class='ocr_carea' id='block_1_2' title="bbox 1029 325 1172 335">
    <p class='ocr_par' dir='ltr' id='par_1_2' title="bbox 1029 325 1172 335">
     <span class='ocr_line' id='line_1_2' title="bbox 1029 325 1172 335; baseline 0 0"><span class='ocrx_word' id='word_1_4' title='bbox 1029 325 1172 335; x_wconf 95' lang='lat' dir='ltr'><strong> </strong></span> 
     </span>
    </p>
   </div>
   <div class='ocr_carea' id='block_1_3' title="bbox 493 437 1709 618">
    <p class='ocr_par' dir='ltr' id='par_1_3' title="bbox 493 437 1709 618">
     <span class='ocr_line' id='line_1_3' title="bbox 493 437 1709 506; baseline 0 -1"><span class='ocrx_word' id='word_1_5' title='bbox 493 437 558 505; x_wconf 91' lang='lat' dir='ltr'><strong>S.</strong></span> <span class='ocrx_word' id='word_1_6' title='bbox 609 437 675 504; x_wconf 90' lang='lat' dir='ltr'><strong>S.</strong></span> <span class='ocrx_word' id='word_1_7' title='bbox 727 438 1037 505; x_wconf 85' lang='lat' dir='ltr'><strong>DOMINI</strong></span> <span class='ocrx_word' id='word_1_8' title='bbox 1090 438 1400 505; x_wconf 86' lang='lat' dir='ltr'>NOSTRI</span> <span class='ocrx_word' id='word_1_9' title='bbox 1455 437 1576 504; x_wconf 90' lang='lat' dir='ltr'><strong>PII</strong></span> <span class='ocrx_word' id='word_1_10' title='bbox 1625 440 1709 506; x_wconf 92' lang='lat' dir='ltr'><strong>IX</strong></span> 
     </span>
     <span class='ocr_line' id='line_1_4' title="bbox 923 567 1287 618; baseline 0 -1"><span class='ocrx_word' id='word_1_11' title='bbox 923 567 1287 618; x_wconf 77' lang='lat' dir='ltr'>ALLOCUTIO</span> 
     </span>
    </p>
   </div>
   <div class='ocr_carea' id='block_1_4' title="bbox 527 681 1658 722">
    <p class='ocr_par' dir='ltr' id='par_1_4' title="bbox 527 681 1658 722">
     <span class='ocr_line' id='line_1_5' title="bbox 527 681 1658 722; baseline 0.001 -13"><span class='ocrx_word' id='word_1_12' title='bbox 527 684 571 709; x_wconf 80' lang='lat' dir='ltr'><strong>IN</strong></span> <span class='ocrx_word' id='word_1_13' title='bbox 603 683 867 710; x_wconf 85' lang='lat' dir='ltr'>CONSISTORIO</span> <span class='ocrx_word' id='word_1_14' title='bbox 884 684 1062 711; x_wconf 86' lang='lat' dir='ltr'>SECRETO</span> <span class='ocrx_word' id='word_1_15' title='bbox 1083 691 1133 711; x_wconf 84' lang='lat'><strong>20</strong></span> <span class='ocrx_word' id='word_1_16' title='bbox 1154 685 1315 711; x_wconf 80' lang='lat' dir='ltr'>APRILIS</span> <span class='ocrx_word' id='word_1_17' title='bbox 1342 692 1356 712; x_wconf 89' lang='lat'>1</span> <span class='ocrx_word' id='word_1_18' title='bbox 1370 681 1387 712; x_wconf 88' lang='lat'><em>8</em></span> <span class='ocrx_word' id='word_1_19' title='bbox 1400 687 1467 722; x_wconf 69' lang='lat'><strong>49,</strong></span> <span class='ocrx_word' id='word_1_20' title='bbox 1490 684 1658 714; x_wconf 78' lang='lat' dir='ltr'>HABITA.</span> 
     </span>
    </p>
   </div>
   <div class='ocr_carea' id='block_1_5' title="bbox 858 803 1351 855">
    <p class='ocr_par' dir='ltr' id='par_1_5' title="bbox 858 803 1351 855">
     <span class='ocr_line' id='line_1_6' title="bbox 858 803 1351 855; baseline 0.002 -11"><span class='ocrx_word' id='word_1_21' title='bbox 858 804 906 844; x_wconf 94' lang='lat' dir='ltr'><em>V</em></span> <span class='ocrx_word' id='word_1_22' title='bbox 903 803 1135 846; x_wconf 81' lang='lat' dir='ltr'><strong>enerabiles</strong></span> <span class='ocrx_word' id='word_1_23' title='bbox 1161 805 1351 855; x_wconf 74' lang='lat' dir='ltr'><strong>Fratres,</strong></span> 
     </span>
    </p>
   </div>
   <div class='ocr_carea' id='block_1_6' title="bbox 165 913 2024 3174">
    <p class='ocr_par' dir='ltr' id='par_1_6' title="bbox 165 913 2024 3174">
     <span class='ocr_line' id='line_1_7' title="bbox 190 913 2020 972; baseline 0.004 -19"><span class='ocrx_word' id='word_1_24' title='bbox 190 950 192 953; x_wconf 80' lang='grc'>,</span> <span class='ocrx_word' id='word_1_25' title='bbox 247 915 410 968; x_wconf 85' lang='lat' dir='ltr'><strong>Quibus</strong></span> <span class='ocrx_word' id='word_1_26' title='bbox 441 913 690 972; x_wconf 82' lang='lat' dir='ltr'>quantisque</span> <span class='ocrx_word' id='word_1_27' title='bbox 728 913 936 955; x_wconf 85' lang='lat' dir='ltr'><strong>malorum</strong></span> <span class='ocrx_word' id='word_1_28' title='bbox 975 915 1168 972; x_wconf 88' lang='lat' dir='ltr'><strong>procellis</strong></span> <span class='ocrx_word' id='word_1_29' title='bbox 1201 931 1366 956; x_wconf 90' lang='lat' dir='ltr'><strong>summo</strong></span> <span class='ocrx_word' id='word_1_30' title='bbox 1401 931 1496 956; x_wconf 87' lang='lat' dir='ltr'><strong>curn</strong></span> <span class='ocrx_word' id='word_1_31' title='bbox 1526 915 1655 957; x_wconf 87' lang='lat' dir='ltr'><strong>animi</strong></span> <span class='ocrx_word' id='word_1_32' title='bbox 1692 916 1835 957; x_wconf 84' lang='lat' dir='ltr'><strong>Nostri</strong></span> <span class='ocrx_word' id='word_1_33' title='bbox 1872 917 2020 962; x_wconf 85' lang='lat' dir='ltr'><strong>dolore</strong></span> 
     </span>
     <span class='ocr_line' id='line_1_8' title="bbox 187 978 2024 1038; baseline 0.001 -15"><span class='ocrx_word' id='word_1_34' title='bbox 187 980 406 1023; x_wconf 85' lang='lat' dir='ltr'><strong>Pontificia</strong></span> <span class='ocrx_word' id='word_1_35' title='bbox 426 980 579 1021; x_wconf 62' lang='lat' dir='ltr'><strong>Nostra</strong></span> <span class='ocrx_word' id='word_1_36' title='bbox 603 978 725 1030; x_wconf 85' lang='lat' dir='ltr'><strong>ditio,</strong></span> <span class='ocrx_word' id='word_1_37' title='bbox 749 978 971 1036; x_wconf 83' lang='lat' dir='ltr'><strong>omnisque</strong></span> <span class='ocrx_word' id='word_1_38' title='bbox 995 979 1083 1021; x_wconf 87' lang='lat' dir='ltr'><strong>fere</strong></span> <span class='ocrx_word' id='word_1_39' title='bbox 1113 979 1231 1020; x_wconf 86' lang='lat' dir='ltr'><strong>Italia</strong></span> <span class='ocrx_word' id='word_1_40' title='bbox 1257 979 1544 1022; x_wconf 89' lang='lat' dir='ltr'><strong>miserandum</strong></span> <span class='ocrx_word' id='word_1_41' title='bbox 1565 980 1606 1020; x_wconf 90' lang='lat' dir='ltr'><strong>in</strong></span> <span class='ocrx_word' id='word_1_42' title='bbox 1637 981 1814 1022; x_wconf 89' lang='lat' dir='ltr'><strong>modum</strong></span> <span class='ocrx_word' id='word_1_43' title='bbox 1842 983 2024 1038; x_wconf 85' lang='lat' dir='ltr'><strong>jactetur</strong></span> 
     </span>
     <span class='ocr_line' id='line_1_9' title="bbox 186 1042 2018 1104; baseline 0.001 -17"><span class='ocrx_word' id='word_1_44' title='bbox 186 1062 234 1087; x_wconf 91' lang='lat' dir='ltr'><strong>ac</strong></span> <span class='ocrx_word' id='word_1_45' title='bbox 255 1044 540 1104; x_wconf 81' lang='lat' dir='ltr'><strong>perturbetur,</strong></span> <span class='ocrx_word' id='word_1_46' title='bbox 561 1058 687 1084; x_wconf 88' lang='lat' dir='ltr'><strong>nemo</strong></span> <span class='ocrx_word' id='word_1_47' title='bbox 703 1053 814 1083; x_wconf 89' lang='lat' dir='ltr'><strong>certe</strong></span> <span class='ocrx_word' id='word_1_48' title='bbox 839 1042 1020 1100; x_wconf 85' lang='lat' dir='ltr'><strong>ignorat,</strong></span> <span class='ocrx_word' id='word_1_49' title='bbox 1045 1044 1317 1085; x_wconf 86' lang='lat' dir='ltr'><strong>Venerabiles</strong></span> <span class='ocrx_word' id='word_1_50' title='bbox 1328 1046 1508 1086; x_wconf 82' lang='lat' dir='ltr'><strong>Fratres.</strong></span> <span class='ocrx_word' id='word_1_51' title='bbox 1528 1046 1668 1101; x_wconf 85' lang='lat' dir='ltr'><strong>Atque</strong></span> <span class='ocrx_word' id='word_1_52' title='bbox 1692 1045 1855 1087; x_wconf 87' lang='lat' dir='ltr'><strong>utinam</strong></span> <span class='ocrx_word' id='word_1_53' title='bbox 1877 1047 2018 1088; x_wconf 89' lang='lat' dir='ltr'><strong>homi-</strong></span> 
     </span>
     <span class='ocr_line' id='line_1_10' title="bbox 186 1106 2019 1171; baseline 0.002 -19"><span class='ocrx_word' id='word_1_54' title='bbox 186 1126 258 1152; x_wconf 88' lang='lat' dir='ltr'><strong>nes</strong></span> <span class='ocrx_word' id='word_1_55' title='bbox 287 1108 529 1151; x_wconf 73' lang='lat' dir='ltr'>tristissimis</span> <span class='ocrx_word' id='word_1_56' title='bbox 562 1107 673 1148; x_wconf 84' lang='lat' dir='ltr'><strong>hisce</strong></span> <span class='ocrx_word' id='word_1_57' title='bbox 709 1122 851 1148; x_wconf 91' lang='lat' dir='ltr'><strong>rerum</strong></span> <span class='ocrx_word' id='word_1_58' title='bbox 879 1106 1038 1148; x_wconf 86' lang='lat' dir='ltr'><strong>vicibus</strong></span> <span class='ocrx_word' id='word_1_59' title='bbox 1073 1107 1211 1149; x_wconf 82' lang='lat' dir='ltr'><strong>edocti</strong></span> <span class='ocrx_word' id='word_1_60' title='bbox 1242 1108 1471 1166; x_wconf 88' lang='lat' dir='ltr'><strong>aliquando</strong></span> <span class='ocrx_word' id='word_1_61' title='bbox 1503 1109 1753 1168; x_wconf 84' lang='lat' dir='ltr'><strong>intelllgant,</strong></span> <span class='ocrx_word' id='word_1_62' title='bbox 1781 1111 1886 1153; x_wconf 87' lang='lat' dir='ltr'><strong>nihil</strong></span> <span class='ocrx_word' id='word_1_63' title='bbox 1922 1112 2019 1171; x_wconf 89' lang='lat' dir='ltr'><strong>ipsis</strong></span> 
     </span>
     <span class='ocr_line' id='line_1_11' title="bbox 183 1171 2020 1234; baseline 0.001 -17"><span class='ocrx_word' id='word_1_64' title='bbox 183 1174 453 1234; x_wconf 78' lang='lat' dir='ltr'><strong>perniciosius</strong></span> <span class='ocrx_word' id='word_1_65' title='bbox 470 1187 561 1214; x_wconf 87' lang='lat' dir='ltr'><strong>esse</strong></span> <span class='ocrx_word' id='word_1_66' title='bbox 578 1187 716 1230; x_wconf 89' lang='lat' dir='ltr'><strong>posse,</strong></span> <span class='ocrx_word' id='word_1_67' title='bbox 745 1188 871 1229; x_wconf 90' lang='lat' dir='ltr'><strong>quam</strong></span> <span class='ocrx_word' id='word_1_68' title='bbox 891 1187 912 1212; x_wconf 89' lang='lat' dir='ltr'><strong>a</strong></span> <span class='ocrx_word' id='word_1_69' title='bbox 933 1171 1138 1225; x_wconf 88' lang='lat' dir='ltr'><strong>veritatis,</strong></span> <span class='ocrx_word' id='word_1_70' title='bbox 1155 1172 1339 1228; x_wconf 79' lang='lat' dir='ltr'><strong>justitiae,</strong></span> <span class='ocrx_word' id='word_1_71' title='bbox 1360 1174 1589 1216; x_wconf 80' lang='lat' dir='ltr'><strong>honestatis</strong></span> <span class='ocrx_word' id='word_1_72' title='bbox 1605 1186 1646 1216; x_wconf 90' lang='lat' dir='ltr'><strong>et</strong></span> <span class='ocrx_word' id='word_1_73' title='bbox 1665 1175 1879 1233; x_wconf 84' lang='lat' dir='ltr'><strong>religionis</strong></span> <span class='ocrx_word' id='word_1_74' title='bbox 1898 1177 2020 1218; x_wconf 88' lang='lat' dir='ltr'><strong>semi-</strong></span> 
     </span>
     <span class='ocr_line' id='line_1_12' title="bbox 181 1236 2018 1297; baseline 0.001 -16"><span class='ocrx_word' id='word_1_75' title='bbox 181 1241 232 1281; x_wconf 88' lang='lat' dir='ltr'><strong>tis</strong></span> <span class='ocrx_word' id='word_1_76' title='bbox 264 1238 501 1286; x_wconf 73' lang='lat' dir='ltr'><strong>deflectere,</strong></span> <span class='ocrx_word' id='word_1_77' title='bbox 527 1253 574 1278; x_wconf 89' lang='lat' dir='ltr'><strong>ac</strong></span> <span class='ocrx_word' id='word_1_78' title='bbox 601 1236 863 1295; x_wconf 86' lang='lat' dir='ltr'><strong>nequissimis</strong></span> <span class='ocrx_word' id='word_1_79' title='bbox 888 1236 1116 1294; x_wconf 89' lang='lat' dir='ltr'><strong>impiorum</strong></span> <span class='ocrx_word' id='word_1_80' title='bbox 1145 1237 1327 1279; x_wconf 89' lang='lat' dir='ltr'><strong>consiliis</strong></span> <span class='ocrx_word' id='word_1_81' title='bbox 1353 1238 1632 1295; x_wconf 71' lang='lat' dir='ltr'><strong>acquiescere,</strong></span> <span class='ocrx_word' id='word_1_82' title='bbox 1659 1256 1894 1297; x_wconf 89' lang='lat' dir='ltr'><strong>eorumque</strong></span> <span class='ocrx_word' id='word_1_83' title='bbox 1913 1242 2018 1283; x_wconf 88' lang='lat' dir='ltr'><strong>insi-</strong></span> 
     </span>
     <span class='ocr_line' id='line_1_13' title="bbox 183 1301 2019 1360; baseline 0.001 -14"><span class='ocrx_word' id='word_1_84' title='bbox 183 1305 276 1356; x_wconf 89' lang='lat' dir='ltr'><strong>diis,</strong></span> <span class='ocrx_word' id='word_1_85' title='bbox 299 1303 516 1345; x_wconf 87' lang='lat' dir='ltr'><strong>fraudibus</strong></span> <span class='ocrx_word' id='word_1_86' title='bbox 538 1313 579 1344; x_wconf 87' lang='lat' dir='ltr'><strong>et</strong></span> <span class='ocrx_word' id='word_1_87' title='bbox 599 1301 810 1344; x_wconf 90' lang='lat' dir='ltr'><strong>erroribus</strong></span> <span class='ocrx_word' id='word_1_88' title='bbox 833 1301 971 1360; x_wconf 88' lang='lat' dir='ltr'><strong>decipi</strong></span> <span class='ocrx_word' id='word_1_89' title='bbox 993 1313 1119 1360; x_wconf 86' lang='lat' dir='ltr'><strong>atque</strong></span> <span class='ocrx_word' id='word_1_90' title='bbox 1139 1302 1315 1344; x_wconf 87' lang='lat' dir='ltr'><strong>irretiri!</strong></span> <span class='ocrx_word' id='word_1_91' title='bbox 1338 1303 1551 1360; x_wconf 88' lang='lat' dir='ltr'><strong>Equidem</strong></span> <span class='ocrx_word' id='word_1_92' title='bbox 1572 1303 1791 1346; x_wconf 86' lang='lat' dir='ltr'><strong>universus</strong></span> <span class='ocrx_word' id='word_1_93' title='bbox 1811 1316 2019 1348; x_wconf 88' lang='lat' dir='ltr'><strong>terrarum</strong></span> 
     </span>
     <span class='ocr_line' id='line_1_14' title="bbox 182 1367 2019 1426; baseline 0.001 -16"><span class='ocrx_word' id='word_1_94' title='bbox 182 1369 293 1410; x_wconf 85' lang='lat' dir='ltr'><strong>orbis</strong></span> <span class='ocrx_word' id='word_1_95' title='bbox 312 1369 445 1426; x_wconf 88' lang='lat' dir='ltr'><strong>probe</strong></span> <span class='ocrx_word' id='word_1_96' title='bbox 464 1367 616 1417; x_wconf 86' lang='lat' dir='ltr'><strong>noscit,</strong></span> <span class='ocrx_word' id='word_1_97' title='bbox 647 1378 772 1423; x_wconf 86' lang='lat' dir='ltr'><strong>atque</strong></span> <span class='ocrx_word' id='word_1_98' title='bbox 792 1377 982 1417; x_wconf 87' lang='lat' dir='ltr'><strong>testatur,</strong></span> <span class='ocrx_word' id='word_1_99' title='bbox 1012 1383 1103 1424; x_wconf 81' lang='lat' dir='ltr'><strong>quae</strong></span> <span class='ocrx_word' id='word_1_100' title='bbox 1124 1378 1369 1424; x_wconf 85' lang='lat' dir='ltr'><strong>quantaque</strong></span> <span class='ocrx_word' id='word_1_101' title='bbox 1393 1367 1517 1409; x_wconf 90' lang='lat' dir='ltr'><strong>fuerit</strong></span> <span class='ocrx_word' id='word_1_102' title='bbox 1538 1368 1702 1426; x_wconf 89' lang='lat' dir='ltr'><strong>paterni</strong></span> <span class='ocrx_word' id='word_1_103' title='bbox 1723 1380 1847 1426; x_wconf 87' lang='lat' dir='ltr'><strong>atque</strong></span> <span class='ocrx_word' id='word_1_104' title='bbox 1868 1385 2019 1412; x_wconf 88' lang='lat' dir='ltr'><strong>aman-</strong></span> 
     </span>
     <span class='ocr_line' id='line_1_15' title="bbox 179 1430 2022 1489; baseline 0.001 -14"><span class='ocrx_word' id='word_1_105' title='bbox 179 1433 327 1475; x_wconf 83' lang='lat' dir='ltr'><strong>tissimi</strong></span> <span class='ocrx_word' id='word_1_106' title='bbox 352 1431 642 1487; x_wconf 14' lang='lat' dir='ltr'><strong>animifiNostri</strong></span> <span class='ocrx_word' id='word_1_107' title='bbox 664 1447 761 1472; x_wconf 86' lang='lat' dir='ltr'><strong>eura</strong></span> <span class='ocrx_word' id='word_1_108' title='bbox 774 1441 814 1471; x_wconf 84' lang='lat' dir='ltr'><strong>et</strong></span> <span class='ocrx_word' id='word_1_109' title='bbox 826 1430 1066 1472; x_wconf 89' lang='lat' dir='ltr'><strong>sollicitudo</strong></span> <span class='ocrx_word' id='word_1_110' title='bbox 1085 1431 1129 1472; x_wconf 92' lang='lat' dir='ltr'><strong>in</strong></span> <span class='ocrx_word' id='word_1_111' title='bbox 1140 1447 1237 1473; x_wconf 68' lang='lat' dir='ltr'><strong>vera</strong></span> <span class='ocrx_word' id='word_1_112' title='bbox 1250 1431 1470 1489; x_wconf 90' lang='lat' dir='ltr'><strong>solidaque</strong></span> <span class='ocrx_word' id='word_1_113' title='bbox 1481 1432 1710 1474; x_wconf 84' lang='lat' dir='ltr'><strong>Pontificiae</strong></span> <span class='ocrx_word' id='word_1_114' title='bbox 1721 1434 1883 1475; x_wconf 79' lang='lat' dir='ltr'><strong>Nostrae</strong></span> <span class='ocrx_word' id='word_1_115' title='bbox 1895 1434 2022 1477; x_wconf 85' lang='lat' dir='ltr'><strong>ditio-</strong></span> 
     </span>
     <span class='ocr_line' id='line_1_16' title="bbox 179 1495 2019 1558; baseline 0.001 -18"><span class='ocrx_word' id='word_1_116' title='bbox 179 1499 242 1540; x_wconf 89' lang='lat' dir='ltr'><strong>nis</strong></span> <span class='ocrx_word' id='word_1_117' title='bbox 258 1497 513 1558; x_wconf 82' lang='lat' dir='ltr'><strong>populorum</strong></span> <span class='ocrx_word' id='word_1_118' title='bbox 535 1495 730 1546; x_wconf 85' lang='lat' dir='ltr'><strong>utilitate,</strong></span> <span class='ocrx_word' id='word_1_119' title='bbox 752 1495 1070 1553; x_wconf 76' lang='lat' dir='ltr'><strong>tranquillitate,</strong></span> <span class='ocrx_word' id='word_1_120' title='bbox 1098 1495 1380 1554; x_wconf 86' lang='lat' dir='ltr'><strong>prosperitate</strong></span> <span class='ocrx_word' id='word_1_121' title='bbox 1403 1497 1690 1554; x_wconf 84' lang='lat' dir='ltr'><strong>procuranda,</strong></span> <span class='ocrx_word' id='word_1_122' title='bbox 1714 1510 1755 1539; x_wconf 90' lang='lat' dir='ltr'><strong>et</strong></span> <span class='ocrx_word' id='word_1_123' title='bbox 1777 1498 1870 1555; x_wconf 87' lang='lat' dir='ltr'><strong>quis</strong></span> <span class='ocrx_word' id='word_1_124' title='bbox 1892 1511 2019 1541; x_wconf 84' lang='lat' dir='ltr'><strong>tantae</strong></span> 
     </span>
     <span class='ocr_line' id='line_1_17' title="bbox 178 1560 2018 1620; baseline -0.001 -14"><span class='ocrx_word' id='word_1_125' title='bbox 178 1566 339 1606; x_wconf 68' lang='lat' dir='ltr'><strong>Nostrae</strong></span> <span class='ocrx_word' id='word_1_126' title='bbox 358 1561 626 1620; x_wconf 80' lang='lat' dir='ltr'><strong>indulgentiae</strong></span> <span class='ocrx_word' id='word_1_127' title='bbox 652 1573 692 1602; x_wconf 90' lang='lat' dir='ltr'><strong>et</strong></span> <span class='ocrx_word' id='word_1_128' title='bbox 714 1560 870 1602; x_wconf 89' lang='lat' dir='ltr'><strong>amoris</strong></span> <span class='ocrx_word' id='word_1_129' title='bbox 892 1561 1047 1603; x_wconf 87' lang='lat' dir='ltr'><strong>fructus</strong></span> <span class='ocrx_word' id='word_1_130' title='bbox 1070 1561 1270 1603; x_wconf 77' lang='lat' dir='ltr'><strong>extiterit.</strong></span> <span class='ocrx_word' id='word_1_131' title='bbox 1297 1561 1464 1615; x_wconf 87' lang='lat' dir='ltr'><strong>Quibus</strong></span> <span class='ocrx_word' id='word_1_132' title='bbox 1486 1562 1658 1619; x_wconf 88' lang='lat' dir='ltr'><strong>quidem</strong></span> <span class='ocrx_word' id='word_1_133' title='bbox 1679 1563 1816 1604; x_wconf 89' lang='lat' dir='ltr'><strong>verbis</strong></span> <span class='ocrx_word' id='word_1_134' title='bbox 1835 1564 2018 1606; x_wconf 83' lang='lat' dir='ltr'><strong>callidis-</strong></span> 
     </span>
     <span class='ocr_line' id='line_1_18' title="bbox 176 1625 2018 1684; baseline 0.001 -14.001"><span class='ocrx_word' id='word_1_135' title='bbox 176 1629 302 1670; x_wconf 88' lang='lat' dir='ltr'><strong>simos</strong></span> <span class='ocrx_word' id='word_1_136' title='bbox 330 1638 546 1668; x_wconf 82' lang='lat' dir='ltr'><strong>tantoium</strong></span> <span class='ocrx_word' id='word_1_137' title='bbox 575 1627 709 1667; x_wconf 74' lang='lat' dir='ltr'><strong>malor</strong></span> <span class='ocrx_word' id='word_1_138' title='bbox 714 1642 785 1666; x_wconf 88' lang='lat' dir='ltr'><strong>um</strong></span> <span class='ocrx_word' id='word_1_139' title='bbox 814 1625 990 1668; x_wconf 80' lang='lat' dir='ltr'><strong>altifices</strong></span> <span class='ocrx_word' id='word_1_140' title='bbox 1014 1626 1232 1668; x_wconf 81' lang='lat' dir='ltr'><strong>dumtaxat</strong></span> <span class='ocrx_word' id='word_1_141' title='bbox 1255 1627 1518 1677; x_wconf 85' lang='lat' dir='ltr'><strong>damnamus,</strong></span> <span class='ocrx_word' id='word_1_142' title='bbox 1551 1627 1654 1684; x_wconf 91' lang='lat' dir='ltr'><strong>quin</strong></span> <span class='ocrx_word' id='word_1_143' title='bbox 1673 1629 1802 1669; x_wconf 89' lang='lat' dir='ltr'><strong>ullam</strong></span> <span class='ocrx_word' id='word_1_144' title='bbox 1825 1629 2018 1671; x_wconf 77' lang='lat' dir='ltr'><strong>maximae</strong></span> 
     </span>
     <span class='ocr_line' id='line_1_19' title="bbox 176 1691 2018 1763; baseline 0.001 -28"><span class='ocrx_word' id='word_1_145' title='bbox 176 1693 430 1763; x_wconf 82' lang='lat' dir='ltr'><strong>populorum</strong></span> <span class='ocrx_word' id='word_1_146' title='bbox 460 1692 570 1750; x_wconf 88' lang='lat' dir='ltr'><strong>parti</strong></span> <span class='ocrx_word' id='word_1_147' title='bbox 601 1692 767 1748; x_wconf 84' lang='lat' dir='ltr'><strong>culpam</strong></span> <span class='ocrx_word' id='word_1_148' title='bbox 802 1691 987 1733; x_wconf 81' lang='lat' dir='ltr'><strong>tribueie</strong></span> <span class='ocrx_word' id='word_1_149' title='bbox 1018 1692 1209 1734; x_wconf 81' lang='lat' dir='ltr'><strong>velimus</strong></span> <span class='ocrx_word' id='word_1_150' title='bbox 1237 1694 1538 1734; x_wconf 83' lang='lat' dir='ltr'><strong>Veiumtamen</strong></span> <span class='ocrx_word' id='word_1_151' title='bbox 1571 1693 1795 1750; x_wconf 76' lang='lat' dir='ltr'><strong>deplmare</strong></span> <span class='ocrx_word' id='word_1_152' title='bbox 1827 1694 2018 1751; x_wconf 82' lang='lat' dir='ltr'><strong>cogimur</strong></span> 
     </span>
     <span class='ocr_line' id='line_1_20' title="bbox 176 1726 2018 1815; baseline 0 -15"><span class='ocrx_word' id='word_1_153' title='bbox 176 1759 330 1800; x_wconf 89' lang='lat' dir='ltr'><strong>multos</strong></span> <span class='ocrx_word' id='word_1_154' title='bbox 355 1758 481 1799; x_wconf 89' lang='lat' dir='ltr'><strong>etiam</strong></span> <span class='ocrx_word' id='word_1_155' title='bbox 504 1773 526 1798; x_wconf 94' lang='lat' dir='ltr'><strong>e</strong></span> <span class='ocrx_word' id='word_1_156' title='bbox 547 1757 704 1815; x_wconf 85' lang='lat' dir='ltr'><strong>populo</strong></span> <span class='ocrx_word' id='word_1_157' title='bbox 728 1757 787 1797; x_wconf 88' lang='lat' dir='ltr'><strong>ita</strong></span> <span class='ocrx_word' id='word_1_158' title='bbox 805 1757 958 1799; x_wconf 82' lang='lat' dir='ltr'><strong>miseie</strong></span> <span class='ocrx_word' id='word_1_159' title='bbox 975 1756 1099 1798; x_wconf 85' lang='lat' dir='ltr'><strong>fuisse</strong></span> <span class='ocrx_word' id='word_1_160' title='bbox 1119 1757 1334 1815; x_wconf 88' lang='lat' dir='ltr'><strong>deceptos,</strong></span> <span class='ocrx_word' id='word_1_161' title='bbox 1363 1769 1408 1798; x_wconf 89' lang='lat' dir='ltr'><strong>ut</strong></span> <span class='ocrx_word' id='word_1_162' title='bbox 1426 1773 1501 1798; x_wconf 87' lang='lat' dir='ltr'><strong>au1</strong></span> <span class='ocrx_word' id='word_1_163' title='bbox 1504 1772 1548 1798; x_wconf 91' lang='lat' dir='ltr'><strong>es</strong></span> <span class='ocrx_word' id='word_1_164' title='bbox 1565 1773 1658 1799; x_wconf 89' lang='lat' dir='ltr'><strong>suas</strong></span> <span class='ocrx_word' id='word_1_165' title='bbox 1676 1774 1699 1799; x_wconf 90' lang='lat' dir='ltr'><strong>a</strong></span> <span class='ocrx_word' id='word_1_166' title='bbox 1720 1726 1903 1800; x_wconf 53' lang='lat' dir='ltr'>Nomi?</span> <span class='ocrx_word' id='word_1_167' title='bbox 1906 1759 2018 1801; x_wconf 87' lang='lat' dir='ltr'><strong>voci-</strong></span> 
     </span>
     <span class='ocr_line' id='line_1_21' title="bbox 175 1821 2015 1880; baseline 0.001 -16"><span class='ocrx_word' id='word_1_168' title='bbox 175 1825 253 1864; x_wconf 84' lang='lat' dir='ltr'><strong>bus</strong></span> <span class='ocrx_word' id='word_1_169' title='bbox 278 1838 324 1864; x_wconf 87' lang='lat' dir='ltr'><strong>ac</strong></span> <span class='ocrx_word' id='word_1_170' title='bbox 347 1822 520 1864; x_wconf 88' lang='lat' dir='ltr'><strong>monitis</strong></span> <span class='ocrx_word' id='word_1_171' title='bbox 550 1833 798 1866; x_wconf 77' lang='lat' dir='ltr'><strong>avertentes</strong></span> <span class='ocrx_word' id='word_1_172' title='bbox 827 1821 917 1863; x_wconf 88' lang='lat' dir='ltr'><strong>illas</strong></span> <span class='ocrx_word' id='word_1_173' title='bbox 943 1822 1160 1864; x_wconf 86' lang='lat' dir='ltr'><strong>fallacibus</strong></span> <span class='ocrx_word' id='word_1_174' title='bbox 1185 1822 1469 1880; x_wconf 89' lang='lat' dir='ltr'><strong>quorumdam</strong></span> <span class='ocrx_word' id='word_1_175' title='bbox 1488 1822 1788 1879; x_wconf 85' lang='lat' dir='ltr'><strong>magistrorum</strong></span> <span class='ocrx_word' id='word_1_176' title='bbox 1810 1822 2015 1867; x_wconf 87' lang='lat' dir='ltr'><strong>doctrinis</strong></span> 
     </span>
     <span class='ocr_line' id='line_1_22' title="bbox 176 1886 2013 1945; baseline 0.002 -17"><span class='ocrx_word' id='word_1_177' title='bbox 176 1887 447 1945; x_wconf 66' lang='lat' dir='ltr'><strong>praebuerint,</strong></span> <span class='ocrx_word' id='word_1_178' title='bbox 472 1886 544 1944; x_wconf 89' lang='lat' dir='ltr'><strong>qui</strong></span> <span class='ocrx_word' id='word_1_179' title='bbox 567 1887 852 1944; x_wconf 84' lang='lat' dir='ltr'><strong>relinquentes</strong></span> <span class='ocrx_word' id='word_1_180' title='bbox 877 1893 957 1928; x_wconf 79' lang='lat' dir='ltr'><strong>iter</strong></span> <span class='ocrx_word' id='word_1_181' title='bbox 982 1896 1137 1928; x_wconf 79' lang='lat' dir='ltr'><strong>rectum</strong></span> <span class='ocrx_word' id='word_1_182' title='bbox 1166 1897 1206 1929; x_wconf 83' lang='lat' dir='ltr'><strong>et</strong></span> <span class='ocrx_word' id='word_1_183' title='bbox 1229 1904 1312 1944; x_wconf 80' lang='lat' dir='ltr'><strong>per</strong></span> <span class='ocrx_word' id='word_1_184' title='bbox 1337 1893 1427 1930; x_wconf 73' lang='lat' dir='ltr'><strong>vias</strong></span> <span class='ocrx_word' id='word_1_185' title='bbox 1450 1887 1687 1929; x_wconf 79' lang='lat' dir='ltr'><strong>tenebrosas</strong></span> <span class='ocrx_word' id='word_1_186' title='bbox 1720 1887 1985 1931; x_wconf 89' lang='lat' dir='ltr'><strong>ambulantes</strong></span> <span class='ocrx_word' id='word_1_187' title='bbox 2002 1923 2013 1940; x_wconf 92' lang='lat'><strong>,</strong></span> 
     </span>
     <span class='ocr_line' id='line_1_23' title="bbox 176 1951 2015 2010; baseline 0.001 -16"><span class='ocrx_word' id='word_1_188' title='bbox 176 1968 226 1994; x_wconf 92' lang='lat' dir='ltr'><strong>eo</strong></span> <span class='ocrx_word' id='word_1_189' title='bbox 248 1952 369 1994; x_wconf 88' lang='lat' dir='ltr'><strong>unice</strong></span> <span class='ocrx_word' id='word_1_190' title='bbox 388 1952 648 2010; x_wconf 74' lang='lat' dir='ltr'><strong>spectabant,</strong></span> <span class='ocrx_word' id='word_1_191' title='bbox 676 1963 721 1993; x_wconf 91' lang='lat' dir='ltr'><strong>ut</strong></span> <span class='ocrx_word' id='word_1_192' title='bbox 745 1951 1038 2009; x_wconf 89' lang='lat' dir='ltr'><strong>imperitorum</strong></span> <span class='ocrx_word' id='word_1_193' title='bbox 1059 1952 1290 2010; x_wconf 84' lang='lat' dir='ltr'><strong>praesertim</strong></span> <span class='ocrx_word' id='word_1_194' title='bbox 1321 1952 1483 1994; x_wconf 88' lang='lat' dir='ltr'><strong>animos</strong></span> <span class='ocrx_word' id='word_1_195' title='bbox 1509 1963 1757 2009; x_wconf 84' lang='lat' dir='ltr'><strong>mentesque</strong></span> <span class='ocrx_word' id='word_1_196' title='bbox 1783 1952 2015 2010; x_wconf 86' lang='lat' dir='ltr'><strong>magnificis</strong></span> 
     </span>
     <span class='ocr_line' id='line_1_24' title="bbox 174 2016 2017 2075; baseline 0.001 -17"><span class='ocrx_word' id='word_1_197' title='bbox 174 2017 369 2074; x_wconf 84' lang='lat' dir='ltr'><strong>falsisque</strong></span> <span class='ocrx_word' id='word_1_198' title='bbox 398 2016 615 2075; x_wconf 86' lang='lat' dir='ltr'><strong>promissis</strong></span> <span class='ocrx_word' id='word_1_199' title='bbox 644 2016 687 2057; x_wconf 91' lang='lat' dir='ltr'><strong>in</strong></span> <span class='ocrx_word' id='word_1_200' title='bbox 718 2016 908 2057; x_wconf 89' lang='lat' dir='ltr'><strong>fraudem</strong></span> <span class='ocrx_word' id='word_1_201' title='bbox 935 2017 1037 2058; x_wconf 86' lang='lat' dir='ltr'><strong>etin</strong></span> <span class='ocrx_word' id='word_1_202' title='bbox 1059 2033 1245 2059; x_wconf 90' lang='lat' dir='ltr'><strong>errorem</strong></span> <span class='ocrx_word' id='word_1_203' title='bbox 1275 2017 1540 2067; x_wconf 88' lang='lat' dir='ltr'><strong>inducerent,</strong></span> <span class='ocrx_word' id='word_1_204' title='bbox 1571 2033 1618 2058; x_wconf 89' lang='lat' dir='ltr'><strong>ac</strong></span> <span class='ocrx_word' id='word_1_205' title='bbox 1636 2017 1762 2075; x_wconf 88' lang='lat' dir='ltr'><strong>plane</strong></span> <span class='ocrx_word' id='word_1_206' title='bbox 1785 2018 2017 2075; x_wconf 87' lang='lat' dir='ltr'><strong>compelle-</strong></span> 
     </span>
     <span class='ocr_line' id='line_1_25' title="bbox 174 2081 2012 2140; baseline 0.001 -18"><span class='ocrx_word' id='word_1_207' title='bbox 174 2093 282 2123; x_wconf 84' lang='lat' dir='ltr'><strong>rent.</strong></span> <span class='ocrx_word' id='word_1_208' title='bbox 307 2083 465 2123; x_wconf 89' lang='lat' dir='ltr'><strong>Omnes</strong></span> <span class='ocrx_word' id='word_1_209' title='bbox 481 2082 671 2139; x_wconf 86' lang='lat' dir='ltr'><strong>profecto</strong></span> <span class='ocrx_word' id='word_1_210' title='bbox 692 2093 861 2131; x_wconf 88' lang='lat' dir='ltr'><strong>norunt,</strong></span> <span class='ocrx_word' id='word_1_211' title='bbox 887 2081 1038 2139; x_wconf 90' lang='lat' dir='ltr'><strong>quibus</strong></span> <span class='ocrx_word' id='word_1_212' title='bbox 1061 2082 1235 2124; x_wconf 87' lang='lat' dir='ltr'><strong>laudum</strong></span> <span class='ocrx_word' id='word_1_213' title='bbox 1257 2082 1476 2140; x_wconf 55' lang='lat' dir='ltr'><strong>praeconiis</strong></span> <span class='ocrx_word' id='word_1_214' title='bbox 1496 2081 1623 2124; x_wconf 91' lang='lat' dir='ltr'><strong>fuerit</strong></span> <span class='ocrx_word' id='word_1_215' title='bbox 1644 2081 1801 2139; x_wconf 91' lang='lat' dir='ltr'><strong>ubique</strong></span> <span class='ocrx_word' id='word_1_216' title='bbox 1821 2082 2012 2124; x_wconf 89' lang='lat' dir='ltr'><strong>concele-</strong></span> 
     </span>
     <span class='ocr_line' id='line_1_26' title="bbox 173 2145 2011 2204; baseline -0.001 -16"><span class='ocrx_word' id='word_1_217' title='bbox 173 2148 294 2188; x_wconf 88' lang='lat' dir='ltr'><strong>brata</strong></span> <span class='ocrx_word' id='word_1_218' title='bbox 316 2145 594 2187; x_wconf 85' lang='lat' dir='ltr'><strong>memoranda</strong></span> <span class='ocrx_word' id='word_1_219' title='bbox 611 2146 681 2186; x_wconf 86' lang='lat' dir='ltr'><strong>illa</strong></span> <span class='ocrx_word' id='word_1_220' title='bbox 701 2157 741 2187; x_wconf 89' lang='lat' dir='ltr'><strong>et</strong></span> <span class='ocrx_word' id='word_1_221' title='bbox 757 2146 1011 2204; x_wconf 87' lang='lat' dir='ltr'><strong>amplissima</strong></span> <span class='ocrx_word' id='word_1_222' title='bbox 1026 2147 1187 2188; x_wconf 73' lang='lat' dir='ltr'><strong>venia&#39;a</strong></span> <span class='ocrx_word' id='word_1_223' title='bbox 1204 2146 1338 2188; x_wconf 87' lang='lat' dir='ltr'><strong>Nobis</strong></span> <span class='ocrx_word' id='word_1_224' title='bbox 1362 2147 1415 2188; x_wconf 90' lang='lat' dir='ltr'><strong>ad</strong></span> <span class='ocrx_word' id='word_1_225' title='bbox 1434 2146 1688 2188; x_wconf 81' lang='lat' dir='ltr'><strong>familiarum</strong></span> <span class='ocrx_word' id='word_1_226' title='bbox 1704 2162 1852 2204; x_wconf 88' lang='lat' dir='ltr'><strong>pacem</strong></span> <span class='ocrx_word' id='word_1_227' title='bbox 1875 2158 2011 2197; x_wconf 82' lang='lat' dir='ltr'><strong>,tran-</strong></span> 
     </span>
     <span class='ocr_line' id='line_1_27' title="bbox 176 2210 2011 2269; baseline 0.002 -18"><span class='ocrx_word' id='word_1_228' title='bbox 176 2211 440 2269; x_wconf 77' lang='lat' dir='ltr'><strong>quillitatem,</strong></span> <span class='ocrx_word' id='word_1_229' title='bbox 469 2210 795 2268; x_wconf 84' lang='lat' dir='ltr'><strong>felicitatemque</strong></span> <span class='ocrx_word' id='word_1_230' title='bbox 823 2212 1136 2269; x_wconf 86' lang='lat' dir='ltr'><strong>procurandam</strong></span> <span class='ocrx_word' id='word_1_231' title='bbox 1162 2227 1373 2253; x_wconf 87' lang='lat' dir='ltr'><strong>concessa.</strong></span> <span class='ocrx_word' id='word_1_232' title='bbox 1397 2215 1461 2254; x_wconf 81' lang='lat' dir='ltr'><strong>Ac</strong></span> <span class='ocrx_word' id='word_1_233' title='bbox 1483 2211 1701 2253; x_wconf 87' lang='lat' dir='ltr'><strong>neminem</strong></span> <span class='ocrx_word' id='word_1_234' title='bbox 1729 2212 1845 2261; x_wconf 86' lang='lat' dir='ltr'><strong>latet,</strong></span> <span class='ocrx_word' id='word_1_235' title='bbox 1870 2211 2011 2269; x_wconf 89' lang='lat' dir='ltr'><strong>plures</strong></span> 
     </span>
     <span class='ocr_line' id='line_1_28' title="bbox 174 2274 2008 2328; baseline 0 -10"><span class='ocrx_word' id='word_1_236' title='bbox 174 2291 222 2318; x_wconf 88' lang='lat' dir='ltr'><strong>ea</strong></span> <span class='ocrx_word' id='word_1_237' title='bbox 252 2275 371 2317; x_wconf 81' lang='lat' dir='ltr'><strong>venia</strong></span> <span class='ocrx_word' id='word_1_238' title='bbox 397 2275 575 2316; x_wconf 89' lang='lat' dir='ltr'><strong>donatos</strong></span> <span class='ocrx_word' id='word_1_239' title='bbox 605 2291 689 2317; x_wconf 90' lang='lat' dir='ltr'><strong>non</strong></span> <span class='ocrx_word' id='word_1_240' title='bbox 718 2276 855 2317; x_wconf 88' lang='lat' dir='ltr'><strong>solum</strong></span> <span class='ocrx_word' id='word_1_241' title='bbox 886 2292 1004 2317; x_wconf 87' lang='lat' dir='ltr'><strong>suam</strong></span> <span class='ocrx_word' id='word_1_242' title='bbox 1030 2288 1217 2318; x_wconf 86' lang='lat' dir='ltr'><strong>mentem</strong></span> <span class='ocrx_word' id='word_1_243' title='bbox 1247 2277 1313 2318; x_wconf 54' lang='lat' dir='ltr'><strong>tel</strong></span> <span class='ocrx_word' id='word_1_244' title='bbox 1344 2276 1570 2318; x_wconf 90' lang='lat' dir='ltr'><strong>minimum</strong></span> <span class='ocrx_word' id='word_1_245' title='bbox 1599 2274 1714 2317; x_wconf 87' lang='lat' dir='ltr'><strong>haud</strong></span> <span class='ocrx_word' id='word_1_246' title='bbox 1751 2275 2008 2328; x_wconf 86' lang='lat' dir='ltr'><strong>immutasse,</strong></span> 
     </span>
     <span class='ocr_line' id='line_1_29' title="bbox 175 2339 2011 2397; baseline 0.001 -16"><span class='ocrx_word' id='word_1_247' title='bbox 175 2339 535 2397; x_wconf 83' lang='lat' dir='ltr'><strong>quemadmodum</strong></span> <span class='ocrx_word' id='word_1_248' title='bbox 552 2341 836 2397; x_wconf 85' lang='lat' dir='ltr'><strong>sperabamus,</strong></span> <span class='ocrx_word' id='word_1_249' title='bbox 852 2356 997 2382; x_wconf 69' lang='lat' dir='ltr'><strong>verum</strong></span> <span class='ocrx_word' id='word_1_250' title='bbox 1015 2341 1142 2383; x_wconf 90' lang='lat' dir='ltr'><strong>etiam</strong></span> <span class='ocrx_word' id='word_1_251' title='bbox 1159 2358 1305 2383; x_wconf 91' lang='lat' dir='ltr'><strong>eorum</strong></span> <span class='ocrx_word' id='word_1_252' title='bbox 1317 2341 1501 2383; x_wconf 90' lang='lat' dir='ltr'><strong>consiliis</strong></span> <span class='ocrx_word' id='word_1_253' title='bbox 1516 2351 1556 2382; x_wconf 90' lang='lat' dir='ltr'><strong>et</strong></span> <span class='ocrx_word' id='word_1_254' title='bbox 1570 2340 1861 2382; x_wconf 87' lang='lat' dir='ltr'><strong>molitionibus</strong></span> <span class='ocrx_word' id='word_1_255' title='bbox 1875 2340 2011 2383; x_wconf 88' lang='lat' dir='ltr'><strong>acrius</strong></span> 
     </span>
     <span class='ocr_line' id='line_1_30' title="bbox 172 2404 2010 2463; baseline 0.001 -17"><span class='ocrx_word' id='word_1_256' title='bbox 172 2405 215 2446; x_wconf 89' lang='lat' dir='ltr'><strong>in</strong></span> <span class='ocrx_word' id='word_1_257' title='bbox 241 2404 329 2446; x_wconf 89' lang='lat' dir='ltr'><strong>dies</strong></span> <span class='ocrx_word' id='word_1_258' title='bbox 358 2404 609 2455; x_wconf 83' lang='lat' dir='ltr'><strong>insistentes,</strong></span> <span class='ocrx_word' id='word_1_259' title='bbox 638 2405 743 2446; x_wconf 87' lang='lat' dir='ltr'><strong>nihil</strong></span> <span class='ocrx_word' id='word_1_260' title='bbox 767 2420 972 2462; x_wconf 90' lang='lat' dir='ltr'><strong>umquam</strong></span> <span class='ocrx_word' id='word_1_261' title='bbox 993 2405 1200 2456; x_wconf 89' lang='lat' dir='ltr'><strong>inausum,</strong></span> <span class='ocrx_word' id='word_1_262' title='bbox 1222 2406 1410 2463; x_wconf 85' lang='lat' dir='ltr'><strong>nihilque</strong></span> <span class='ocrx_word' id='word_1_263' title='bbox 1438 2406 1691 2446; x_wconf 84' lang='lat' dir='ltr'><strong>intentatum</strong></span> <span class='ocrx_word' id='word_1_264' title='bbox 1707 2405 1939 2462; x_wconf 86' lang='lat' dir='ltr'><strong>reliquisse,</strong></span> <span class='ocrx_word' id='word_1_265' title='bbox 1964 2417 2010 2447; x_wconf 92' lang='lat' dir='ltr'><strong>ut</strong></span> 
     </span>
     <span class='ocr_line' id='line_1_31' title="bbox 172 2468 2007 2529; baseline 0.001 -20"><span class='ocrx_word' id='word_1_266' title='bbox 172 2469 334 2510; x_wconf 89' lang='lat' dir='ltr'><strong>civilem</strong></span> <span class='ocrx_word' id='word_1_267' title='bbox 357 2468 539 2510; x_wconf 86' lang='lat' dir='ltr'><strong>Romani</strong></span> <span class='ocrx_word' id='word_1_268' title='bbox 566 2469 780 2512; x_wconf 86' lang='lat' dir='ltr'><strong>Pontificis</strong></span> <span class='ocrx_word' id='word_1_269' title='bbox 808 2471 1112 2528; x_wconf 80' lang='lat' dir='ltr'><strong>principatum,</strong></span> <span class='ocrx_word' id='word_1_270' title='bbox 1138 2473 1308 2528; x_wconf 83' lang='lat' dir='ltr'><strong>ejusque</strong></span> <span class='ocrx_word' id='word_1_271' title='bbox 1337 2471 1541 2529; x_wconf 83' lang='lat' dir='ltr'><strong>regimen,</strong></span> <span class='ocrx_word' id='word_1_272' title='bbox 1569 2470 1631 2510; x_wconf 91' lang='lat' dir='ltr'><strong>uti</strong></span> <span class='ocrx_word' id='word_1_273' title='bbox 1657 2469 1823 2525; x_wconf 80' lang='lat' dir='ltr'><strong>jamdiu</strong></span> <span class='ocrx_word' id='word_1_274' title='bbox 1843 2469 2007 2512; x_wconf 86' lang='lat' dir='ltr'><strong>machi·</strong></span> 
     </span>
     <span class='ocr_line' id='line_1_32' title="bbox 171 2533 2007 2586; baseline 0.002 -13"><span class='ocrx_word' id='word_1_275' title='bbox 171 2534 395 2582; x_wconf 87' lang='lat' dir='ltr'><strong>nabantur,</strong></span> <span class='ocrx_word' id='word_1_276' title='bbox 423 2533 725 2575; x_wconf 80' lang='lat' dir='ltr'><strong>labefactarent</strong></span> <span class='ocrx_word' id='word_1_277' title='bbox 755 2546 795 2576; x_wconf 82' lang='lat' dir='ltr'><strong>et</strong></span> <span class='ocrx_word' id='word_1_278' title='bbox 828 2534 1015 2576; x_wconf 87' lang='lat' dir='ltr'><strong>funditus</strong></span> <span class='ocrx_word' id='word_1_279' title='bbox 1049 2547 1301 2586; x_wconf 87' lang='lat' dir='ltr'><strong>everterent,</strong></span> <span class='ocrx_word' id='word_1_280' title='bbox 1324 2551 1372 2576; x_wconf 89' lang='lat' dir='ltr'><strong>ac</strong></span> <span class='ocrx_word' id='word_1_281' title='bbox 1402 2534 1526 2575; x_wconf 88' lang='lat' dir='ltr'><strong>simul</strong></span> <span class='ocrx_word' id='word_1_282' title='bbox 1556 2535 1808 2575; x_wconf 88' lang='lat' dir='ltr'><strong>acerrimum</strong></span> <span class='ocrx_word' id='word_1_283' title='bbox 1833 2535 2007 2577; x_wconf 83' lang='lat' dir='ltr'><strong>sanctis-</strong></span> 
     </span>
     <span class='ocr_line' id='line_1_33' title="bbox 172 2597 2003 2657; baseline 0.001 -17"><span class='ocrx_word' id='word_1_284' title='bbox 172 2599 283 2640; x_wconf 59' lang='lat' dir='ltr'><strong>sima*</strong></span> <span class='ocrx_word' id='word_1_285' title='bbox 309 2609 458 2639; x_wconf 64' lang='lat' dir='ltr'><strong>nostrae</strong></span> <span class='ocrx_word' id='word_1_286' title='bbox 482 2597 677 2654; x_wconf 81' lang='lat' dir='ltr'><strong>religioni</strong></span> <span class='ocrx_word' id='word_1_287' title='bbox 697 2599 854 2640; x_wconf 89' lang='lat' dir='ltr'><strong>bellum</strong></span> <span class='ocrx_word' id='word_1_288' title='bbox 874 2598 1093 2642; x_wconf 87' lang='lat' dir='ltr'><strong>inferrent.</strong></span> <span class='ocrx_word' id='word_1_289' title='bbox 1120 2602 1177 2641; x_wconf 86' lang='lat' dir='ltr'><strong>Ut</strong></span> <span class='ocrx_word' id='word_1_290' title='bbox 1198 2611 1339 2642; x_wconf 88' lang='lat' dir='ltr'><strong>autem</strong></span> <span class='ocrx_word' id='word_1_291' title='bbox 1360 2599 1403 2640; x_wconf 90' lang='lat' dir='ltr'><strong>id</strong></span> <span class='ocrx_word' id='word_1_292' title='bbox 1424 2598 1584 2639; x_wconf 86' lang='lat' dir='ltr'><strong>facilius</strong></span> <span class='ocrx_word' id='word_1_293' title='bbox 1601 2599 1800 2657; x_wconf 88' lang='lat' dir='ltr'><strong>consequi</strong></span> <span class='ocrx_word' id='word_1_294' title='bbox 1820 2611 2003 2657; x_wconf 87' lang='lat' dir='ltr'><strong>possent,</strong></span> 
     </span>
     <span class='ocr_line' id='line_1_34' title="bbox 169 2662 2003 2721; baseline 0.002 -19"><span class='ocrx_word' id='word_1_295' title='bbox 169 2663 271 2703; x_wconf 86' lang='lat' dir='ltr'><strong>nihil</strong></span> <span class='ocrx_word' id='word_1_296' title='bbox 298 2663 505 2720; x_wconf 87' lang='lat' dir='ltr'><strong>antiquius</strong></span> <span class='ocrx_word' id='word_1_297' title='bbox 530 2663 733 2715; x_wconf 85' lang='lat' dir='ltr'><strong>habuere,</strong></span> <span class='ocrx_word' id='word_1_298' title='bbox 760 2680 885 2720; x_wconf 86' lang='lat' dir='ltr'><strong>quam</strong></span> <span class='ocrx_word' id='word_1_299' title='bbox 910 2664 1200 2705; x_wconf 86' lang='lat' dir='ltr'><strong>multitudines</strong></span> <span class='ocrx_word' id='word_1_300' title='bbox 1221 2665 1263 2704; x_wconf 88' lang='lat' dir='ltr'><strong>iu</strong></span> <span class='ocrx_word' id='word_1_301' title='bbox 1284 2664 1427 2721; x_wconf 89' lang='lat' dir='ltr'><strong>primis</strong></span> <span class='ocrx_word' id='word_1_302' title='bbox 1450 2678 1700 2718; x_wconf 74' lang='lat' dir='ltr'><strong>convocare,</strong></span> <span class='ocrx_word' id='word_1_303' title='bbox 1724 2662 2003 2716; x_wconf 84' lang='lat' dir='ltr'><strong>inflammare,</strong></span> 
     </span>
     <span class='ocr_line' id='line_1_35' title="bbox 171 2726 2006 2786; baseline 0.001 -18"><span class='ocrx_word' id='word_1_304' title='bbox 171 2743 321 2784; x_wconf 86' lang='lat' dir='ltr'><strong>easque</strong></span> <span class='ocrx_word' id='word_1_305' title='bbox 347 2726 520 2768; x_wconf 87' lang='lat' dir='ltr'><strong>assiduis</strong></span> <span class='ocrx_word' id='word_1_306' title='bbox 538 2729 784 2784; x_wconf 81' lang='lat' dir='ltr'><strong>magnisque</strong></span> <span class='ocrx_word' id='word_1_307' title='bbox 808 2728 992 2769; x_wconf 88' lang='lat' dir='ltr'><strong>motibus</strong></span> <span class='ocrx_word' id='word_1_308' title='bbox 1017 2729 1190 2786; x_wconf 81' lang='lat' dir='ltr'><strong>agitare,</strong></span> <span class='ocrx_word' id='word_1_309' title='bbox 1211 2744 1314 2785; x_wconf 90' lang='lat' dir='ltr'><strong>quos</strong></span> <span class='ocrx_word' id='word_1_310' title='bbox 1332 2728 1397 2769; x_wconf 81' lang='lat' dir='ltr'><strong>vel</strong></span> <span class='ocrx_word' id='word_1_311' title='bbox 1414 2728 1662 2769; x_wconf 77' lang='lat' dir='ltr'><strong>Nostrarum</strong></span> <span class='ocrx_word' id='word_1_312' title='bbox 1687 2730 2006 2771; x_wconf 88' lang='lat' dir='ltr'><strong>concessionum</strong></span> 
     </span>
     <span class='ocr_line' id='line_1_36' title="bbox 168 2793 2004 2851; baseline 0.001 -19"><span class='ocrx_word' id='word_1_313' title='bbox 168 2803 374 2849; x_wconf 64' lang='lat' dir='ltr'><strong>praetextu</strong></span> <span class='ocrx_word' id='word_1_314' title='bbox 407 2793 672 2833; x_wconf 80' lang='lat' dir='ltr'><strong>continenter</strong></span> <span class='ocrx_word' id='word_1_315' title='bbox 704 2793 861 2846; x_wconf 77' lang='lat' dir='ltr'><strong>fovere,</strong></span> <span class='ocrx_word' id='word_1_316' title='bbox 889 2804 929 2834; x_wconf 91' lang='lat' dir='ltr'><strong>et</strong></span> <span class='ocrx_word' id='word_1_317' title='bbox 958 2794 1000 2833; x_wconf 91' lang='lat' dir='ltr'><strong>in</strong></span> <span class='ocrx_word' id='word_1_318' title='bbox 1034 2793 1120 2834; x_wconf 90' lang='lat' dir='ltr'><strong>dies</strong></span> <span class='ocrx_word' id='word_1_319' title='bbox 1150 2808 1300 2851; x_wconf 82' lang='lat' dir='ltr'><strong>augere</strong></span> <span class='ocrx_word' id='word_1_320' title='bbox 1331 2808 1598 2850; x_wconf 86' lang='lat' dir='ltr'><strong>summopere</strong></span> <span class='ocrx_word' id='word_1_321' title='bbox 1630 2794 1871 2835; x_wconf 86' lang='lat' dir='ltr'><strong>studebant.</strong></span> <span class='ocrx_word' id='word_1_322' title='bbox 1895 2794 2004 2834; x_wconf 92' lang='lat' dir='ltr'><strong>Hinc</strong></span> 
     </span>
     <span class='ocr_line' id='line_1_37' title="bbox 169 2857 2003 2914; baseline 0.001 -18"><span class='ocrx_word' id='word_1_323' title='bbox 169 2858 460 2898; x_wconf 68' lang='lat' dir='ltr'><strong>concessiones</strong></span> <span class='ocrx_word' id='word_1_324' title='bbox 490 2858 531 2896; x_wconf 91' lang='lat' dir='ltr'><strong>in</strong></span> <span class='ocrx_word' id='word_1_325' title='bbox 563 2857 653 2914; x_wconf 87' lang='lat' dir='ltr'><strong>ipso</strong></span> <span class='ocrx_word' id='word_1_326' title='bbox 675 2857 817 2897; x_wconf 82' lang='lat' dir='ltr'><strong>Nostri</strong></span> <span class='ocrx_word' id='word_1_327' title='bbox 845 2857 1116 2898; x_wconf 75' lang='lat' dir='ltr'><strong>pontificatus</strong></span> <span class='ocrx_word' id='word_1_328' title='bbox 1143 2857 1262 2897; x_wconf 89' lang='lat' dir='ltr'><strong>initio</strong></span> <span class='ocrx_word' id='word_1_329' title='bbox 1288 2873 1310 2897; x_wconf 89' lang='lat' dir='ltr'><strong>a</strong></span> <span class='ocrx_word' id='word_1_330' title='bbox 1333 2858 1465 2898; x_wconf 66' lang='lat' dir='ltr'><strong>Nobis</strong></span> <span class='ocrx_word' id='word_1_331' title='bbox 1488 2858 1597 2899; x_wconf 89' lang='lat' dir='ltr'><strong>ultro</strong></span> <span class='ocrx_word' id='word_1_332' title='bbox 1622 2874 1668 2899; x_wconf 91' lang='lat' dir='ltr'><strong>ac</strong></span> <span class='ocrx_word' id='word_1_333' title='bbox 1697 2859 1877 2900; x_wconf 81' lang='lat' dir='ltr'><strong>libenter</strong></span> <span class='ocrx_word' id='word_1_334' title='bbox 1896 2857 2003 2899; x_wconf 87' lang='lat' dir='ltr'><strong>datae</strong></span> 
     </span>
     <span class='ocr_line' id='line_1_38' title="bbox 171 2921 2002 2980; baseline 0 -18"><span class='ocrx_word' id='word_1_335' title='bbox 171 2938 255 2963; x_wconf 83' lang='lat' dir='ltr'><strong>non</strong></span> <span class='ocrx_word' id='word_1_336' title='bbox 285 2921 419 2963; x_wconf 88' lang='lat' dir='ltr'><strong>solum</strong></span> <span class='ocrx_word' id='word_1_337' title='bbox 449 2933 615 2980; x_wconf 87' lang='lat' dir='ltr'><strong>optatos</strong></span> <span class='ocrx_word' id='word_1_338' title='bbox 639 2921 798 2962; x_wconf 90' lang='lat' dir='ltr'><strong>fructus</strong></span> <span class='ocrx_word' id='word_1_339' title='bbox 830 2922 942 2963; x_wconf 89' lang='lat' dir='ltr'><strong>haud</strong></span> <span class='ocrx_word' id='word_1_340' title='bbox 967 2923 1173 2973; x_wconf 87' lang='lat' dir='ltr'><strong>emittere,</strong></span> <span class='ocrx_word' id='word_1_341' title='bbox 1200 2922 1272 2963; x_wconf 86' lang='lat' dir='ltr'><strong>sed</strong></span> <span class='ocrx_word' id='word_1_342' title='bbox 1296 2937 1347 2963; x_wconf 89' lang='lat' dir='ltr'><strong>ne</strong></span> <span class='ocrx_word' id='word_1_343' title='bbox 1372 2922 1532 2964; x_wconf 88' lang='lat' dir='ltr'><strong>radices</strong></span> <span class='ocrx_word' id='word_1_344' title='bbox 1560 2923 1732 2980; x_wconf 87' lang='lat' dir='ltr'><strong>quidem</strong></span> <span class='ocrx_word' id='word_1_345' title='bbox 1756 2937 1878 2980; x_wconf 86' lang='lat' dir='ltr'><strong>agere</strong></span> <span class='ocrx_word' id='word_1_346' title='bbox 1905 2937 2002 2962; x_wconf 87' lang='lat' dir='ltr'><strong>um-</strong></span> 
     </span>
     <span class='ocr_line' id='line_1_39' title="bbox 168 2985 2002 3045; baseline -0.001 -17"><span class='ocrx_word' id='word_1_347' title='bbox 168 3002 294 3043; x_wconf 86' lang='lat' dir='ltr'><strong>quam</strong></span> <span class='ocrx_word' id='word_1_348' title='bbox 332 2998 506 3045; x_wconf 89' lang='lat' dir='ltr'><strong>potuere</strong></span> <span class='ocrx_word' id='word_1_349' title='bbox 534 3019 544 3033; x_wconf 82' lang='lat'><strong>,</strong></span> <span class='ocrx_word' id='word_1_350' title='bbox 577 3001 671 3027; x_wconf 89' lang='lat' dir='ltr'><strong>cum</strong></span> <span class='ocrx_word' id='word_1_351' title='bbox 713 2986 952 3043; x_wconf 86' lang='lat' dir='ltr'><strong>peritissimi</strong></span> <span class='ocrx_word' id='word_1_352' title='bbox 990 2985 1186 3027; x_wconf 86' lang='lat' dir='ltr'><strong>fraudum</strong></span> <span class='ocrx_word' id='word_1_353' title='bbox 1221 2985 1433 3028; x_wconf 90' lang='lat' dir='ltr'><strong>architecti</strong></span> <span class='ocrx_word' id='word_1_354' title='bbox 1476 2987 1627 3028; x_wconf 88' lang='lat' dir='ltr'><strong>iisdem</strong></span> <span class='ocrx_word' id='word_1_355' title='bbox 1664 2985 2002 3029; x_wconf 85' lang='lat' dir='ltr'><strong>concessionibus</strong></span> 
     </span>
     <span class='ocr_line' id='line_1_40' title="bbox 167 3051 2000 3108; baseline -0.001 -17"><span class='ocrx_word' id='word_1_356' title='bbox 167 3052 219 3092; x_wconf 86' lang='lat' dir='ltr'><strong>ad</strong></span> <span class='ocrx_word' id='word_1_357' title='bbox 260 3068 386 3093; x_wconf 77' lang='lat' dir='ltr'><strong>novas</strong></span> <span class='ocrx_word' id='word_1_358' title='bbox 424 3051 694 3094; x_wconf 88' lang='lat' dir='ltr'><strong>concitandas</strong></span> <span class='ocrx_word' id='word_1_359' title='bbox 736 3052 981 3108; x_wconf 79' lang='lat' dir='ltr'><strong>agitationes</strong></span> <span class='ocrx_word' id='word_1_360' title='bbox 1026 3053 1312 3093; x_wconf 87' lang='lat' dir='ltr'><strong>abuterentur.</strong></span> <span class='ocrx_word' id='word_1_361' title='bbox 1351 3054 1488 3108; x_wconf 83' lang='lat' dir='ltr'><strong>Atque</strong></span> <span class='ocrx_word' id='word_1_362' title='bbox 1529 3053 1573 3093; x_wconf 88' lang='lat' dir='ltr'><strong>in</strong></span> <span class='ocrx_word' id='word_1_363' title='bbox 1612 3053 1694 3094; x_wconf 92' lang='lat' dir='ltr'><strong>hoc</strong></span> <span class='ocrx_word' id='word_1_364' title='bbox 1728 3063 1862 3093; x_wconf 75' lang='lat' dir='ltr'><strong>vestro</strong></span> <span class='ocrx_word' id='word_1_365' title='bbox 1894 3066 2000 3092; x_wconf 92' lang='lat' dir='ltr'><strong>con-</strong></span> 
     </span>
     <span class='ocr_line' id='line_1_41' title="bbox 165 3116 1997 3174; baseline -0.001 -16"><span class='ocrx_word' id='word_1_366' title='bbox 165 3131 294 3160; x_wconf 84' lang='lat' dir='ltr'><strong>sessu.</strong></span> <span class='ocrx_word' id='word_1_367' title='bbox 318 3117 576 3159; x_wconf 67' lang='lat' dir='ltr'><strong>venerabiles</strong></span> <span class='ocrx_word' id='word_1_368' title='bbox 594 3118 772 3168; x_wconf 86' lang='lat' dir='ltr'><strong>Fratres,</strong></span> <span class='ocrx_word' id='word_1_369' title='bbox 796 3116 901 3158; x_wconf 87' lang='lat' dir='ltr'><strong>facta</strong></span> <span class='ocrx_word' id='word_1_370' title='bbox 932 3116 1022 3174; x_wconf 85' lang='lat' dir='ltr'><strong>ipsa</strong></span> <span class='ocrx_word' id='word_1_371' title='bbox 1050 3117 1115 3158; x_wconf 68' lang='lat' dir='ltr'><strong>vel</strong></span> <span class='ocrx_word' id='word_1_372' title='bbox 1145 3116 1287 3159; x_wconf 76' lang='lat' dir='ltr'><strong>leviter</strong></span> <span class='ocrx_word' id='word_1_373' title='bbox 1307 3117 1524 3174; x_wconf 85' lang='lat' dir='ltr'><strong>attingere,</strong></span> <span class='ocrx_word' id='word_1_374' title='bbox 1553 3134 1600 3158; x_wconf 85' lang='lat' dir='ltr'><strong>ac</strong></span> <span class='ocrx_word' id='word_1_375' title='bbox 1629 3117 1781 3174; x_wconf 87' lang='lat' dir='ltr'><strong>raptim</strong></span> <span class='ocrx_word' id='word_1_376' title='bbox 1809 3130 1997 3158; x_wconf 88' lang='lat' dir='ltr'><strong>comme-</strong></span> 
     </span>
    </p>
   </div>
   <div class='ocr_carea' id='block_1_7' title="bbox 215 3212 626 3258">
    <p class='ocr_par' dir='ltr' id='par_1_7' title="bbox 215 3212 626 3258">
     <span class='ocr_line' id='line_1_42' title="bbox 215 3212 626 3258; baseline 0 -13"><span class='ocrx_word' id='word_1_377' title='bbox 215 3214 247 3245; x_wconf 83' lang='lat'><strong>1.</strong></span> <span class='ocrx_word' id='word_1_378' title='bbox 276 3212 378 3247; x_wconf 47' lang='lat' dir='ltr'><strong>prov.</strong></span> <span class='ocrx_word' id='word_1_379' title='bbox 401 3224 432 3249; x_wconf 88' lang='lat' dir='ltr'><strong>c.</strong></span> <span class='ocrx_word' id='word_1_380' title='bbox 455 3223 494 3258; x_wconf 82' lang='lat'><strong>11,</strong></span> <span class='ocrx_word' id='word_1_381' title='bbox 515 3224 546 3246; x_wconf 86' lang='lat' dir='ltr'><strong>v.</strong></span> <span class='ocrx_word' id='word_1_382' title='bbox 571 3214 626 3246; x_wconf 90' lang='grc'><strong>13.</strong></span> 
     </span>
    </p>
   </div>
  </div>
 </body>
</html>
