2135 3442
148 142 221 180 568
518 143 702 179 THESES
732 144 800 178 AD
829 144 1171 180 APOSTOLICAM
1200 145 1362 181 SEDEM
1388 145 1611 183 DELATAE.

199 231 261 266 32.
295 227 407 266 Orbis
427 228 636 266 catholicus
657 229 804 267 nullum
823 229 938 268 habet
957 229 1020 282 jus
1042 233 1090 268 ad
1111 233 1292 270 tuendam
1314 232 1644 271 conservationem
1665 242 1702 271 et
1725 233 1982 284 integritatem

146 287 304 325 dominii
326 287 547 339 temporalis
564 291 692 340 Papae.

267 362 365 397 Falsa,
384 362 550 399 temeraria,
565 373 701 392 erronea.

196 443 260 478 33.
289 440 572 478 Catholicorum
592 440 823 478 conscientia
842 441 1087 480 considerare
1105 456 1181 480 non
1195 444 1309 482 debet
1322 458 1564 492 concursum,
1588 459 1701 495 quem
1722 445 1792 497 ipsi
1813 447 1984 497 praebere

144 508 303 551 possunt
333 500 483 537 utilitati
511 499 671 537 dominii
704 500 926 551 temporalis
955 503 1101 538 Sanctae
1132 503 1251 551 Sedis,
1281 504 1352 541 nisi
1384 512 1425 541 ut
1458 504 1668 554 negotium,
1704 505 1809 554 quod
1838 505 1984 542 nullum

144 571 222 609 prae
243 571 281 595 se
303 559 375 595 sert
394 559 657 596 characterem
678 558 914 610 spiritualem
933 573 999 597 seu
1017 559 1253 610 religiosum.

268 635 364 670 Falsa,
384 634 552 671 temeraria,
569 634 675 673 pietati
691 634 827 663 fidelium
848 636 1019 672 detrahens,
1036 637 1073 665 ad
1090 637 1189 667 minus
1212 649 1350 671 erronea.

197 718 260 755 34.
294 719 338 753 In
358 717 528 766 qualibet
546 717 702 768 politica
726 717 906 755 societate
923 720 1138 756 necessaria
1152 734 1229 757 non
1246 730 1302 758 est
1314 720 1818 773 existentiapotestatisjure
1836 720 1982 762 divino.

267 792 400 823 Politicae
417 794 573 832 potestatis
589 795 782 831 destructiva,
798 795 948 826 haeretica.

195 930 260 965 35.
290 931 527 980 Praeceptum
549 929 657 966 Pauli
682 929 874 981 Apostoli,
897 932 1003 980 quod
1020 931 1238 969 continetur
1257 932 1317 970 his
1335 932 1476 970 verbis.
1499 950 1516 967 α
1535 933 1665 971 Omnis
1683 932 1810 970 anima
1836 933 1985 971 subdita

143 985 190 1023 sit
219 987 469 1038 potestatibus
504 987 806 1034 sublimioribus,
830 1006 847 1023 >›
870 991 1144 1041 temporariam
1164 992 1360 1029 dumtaxat
1383 991 1529 1030 inducit
1550 992 1835 1043 obligationem,
1861 1005 1985 1043 neque

149 1045 326 1082 omnibus
346 1046 517 1097 epochis,
542 1046 797 1098 omnibusque
815 1048 1021 1098 generibus
1043 1050 1232 1087 societatis
1253 1050 1437 1103 applicari
1457 1059 1597 1102 potest.

264 1122 422 1152 Haeretica.

195 1199 259 1236 36.
292 1198 474 1236 Voluntas
503 1199 636 1250 populi
665 1213 731 1237 seu
752 1201 940 1251 populare
967 1202 1192 1252 suffragium
1222 1203 1409 1251 ejusmodi
1428 1212 1484 1241 est
1509 1217 1578 1255 per
1603 1216 1641 1241 se
1667 1202 1916 1251 auctoritatis,
1947 1213 1985 1241 ut

144 1257 247 1294 nulla
265 1256 434 1307 indigeat
457 1257 606 1296 ratione
629 1259 677 1296 ad
696 1273 853 1297 suorum
875 1269 1048 1298 actorum
1069 1261 1319 1302 validitatem.

266 1335 422 1371 Quatenus
438 1335 603 1364 constituat
618 1337 806 1366 voluntatem
826 1338 935 1378 populi
951 1350 1003 1368 seu
1020 1339 1201 1380 suffragium
1218 1341 1365 1380 populare
1382 1351 1553 1380 supremam
1572 1340 1667 1382 legem
1690 1340 1952 1379 independentem
1970 1351 1984 1368 a

226 1376 293 1415 jure
312 1376 440 1405 naturali
457 1384 485 1406 et
502 1377 619 1414 divino,
635 1378 786 1407 haeretica.

197 1460 260 1495 37.
292 1457 498 1510 Principia,
523 1473 691 1509 quorum
719 1460 756 1497 vi
781 1460 943 1511 quilibet
970 1464 1179 1514 Supremus
1199 1462 1383 1515 Princeps
1405 1477 1483 1501 non
1506 1472 1561 1501 est
1587 1462 1661 1501 nisi
1683 1463 1828 1515 primus
1852 1464 1985 1516 populi

144 1517 361 1569 deputatus,
380 1517 546 1555 identica
563 1527 651 1556 sunt
674 1533 761 1556 cum
782 1533 883 1557 sanae
904 1520 1122 1572 Theologiae
1144 1522 1358 1575 principiis.

266 1594 363 1629 Falsa,
381 1594 525 1632 injuriosa
538 1595 726 1636 Theologiae,
748 1602 778 1625 et
791 1596 945 1626 seditiosa.

197 1669 261 1707 38.
295 1669 484 1721 Principia
501 1671 805 1720 insurrectionis,
825 1688 909 1723 quae
927 1675 1165 1725 proclamata
1183 1684 1272 1713 sunt
1294 1675 1333 1712 in
1354 1676 1524 1713 favorem
1546 1675 1758 1714 recentium
1778 1685 1983 1714 eventuum

143 1725 183 1764 in
198 1726 321 1775 Italia,
345 1730 582 1767 concordant
600 1744 687 1768 cum
708 1745 808 1769 sanae
829 1732 1047 1784 Theologiae
1067 1733 1243 1771 doctrina
1263 1733 1364 1771 circa
1383 1734 1638 1784 tyrannidem.

269 1804 367 1840 Falsa,
396 1805 572 1846 Theologiae
588 1805 745 1845 injuriosa.

199 1889 263 1924 39.
294 1886 487 1924 Institutio
506 1888 745 1940 principatus
764 1889 997 1928 haereditarii
1016 1891 1228 1943 opponitur
1252 1891 1450 1944 principiis
1461 1893 1557 1941 juris
1574 1892 1757 1931 naturalis
1771 1906 1815 1931 ac
1834 1892 1985 1945 spiritui

146 1944 357 1996 Evangelii.

270 2023 371 2063 Falsa⁷
399 2033 523 2052 erronea
539 2030 569 2053 et
586 2023 691 2054 haeresi
707 2025 858 2064 proxima.

196 2102 260 2137 40.
292 2100 461 2137 Traditio
490 2100 665 2139 Ecclesiae
692 2102 887 2140 catholicae
910 2103 1125 2142 doctrinam
1152 2103 1324 2143 continet
1350 2103 1545 2155 tyrannidi
1572 2118 1637 2143 seu
1664 2103 1897 2157 despotismo
1926 2105 1984 2142 fa-

143 2167 307 2199 ventem.

268 2236 353 2265 Falsa
373 2242 403 2264 et
418 2236 556 2266 haeretica
563 2259 572 2269 .

197 2316 261 2350 41.
294 2315 338 2349 In
361 2313 530 2362 qualibet
549 2314 756 2353 christiana
776 2316 930 2367 politica
953 2317 1133 2355 societate
1152 2317 1298 2355 nullum
1317 2317 1508 2370 reperitur
1523 2318 1599 2366 jus,
1622 2319 1725 2369 quod
1742 2331 1851 2356 suum
1872 2317 1982 2370 prin—

143 2370 284 2423 cipium
300 2384 367 2408 seu
388 2372 530 2410 fontem
548 2387 627 2411 non
647 2374 788 2412 habeat
804 2373 844 2412 in
858 2375 944 2423 jure
961 2375 1153 2414 illimitato
1175 2379 1315 2417 Status.

263 2447 350 2476 Falsa
364 2454 392 2477 et
405 2448 556 2481 haeretica.

193 2525 257 2562 4⁸2.
289 2524 456 2562 Societas
475 2526 684 2564 domestica
703 2541 769 2565 seu
787 2528 928 2566 familia
945 2544 963 2567 a
982 2530 1066 2580 lege
1088 2539 1237 2568 tantum
1257 2529 1357 2567 civili
1378 2543 1454 2568 suae
1475 2528 1686 2568 existentiae
1702 2529 1977 2581 legitimitatem

139 2581 303 2620 derivat.

235 2699 241 2706 .
261 2659 361 2728 Falsaelil,
383 2660 605 2706 contrariajuri
624 2663 753 2692 naturali
776 2670 805 2693 et
825 2664 949 2702 divin03
971 2672 1118 2705 quatenus
1140 2676 1211 2694 vero
1235 2665 1423 2706 intelligatur
1443 2665 1480 2694 de
1502 2663 1644 2694 societate
1666 2674 1718 2694 seu
1742 2664 1853 2693 familia
1879 2663 1975 2693 chris-

220 2706 315 2736 tiana,
355 2707 482 2731 aerenca.

188 2780 253 2815 43.
285 2778 346 2815 Ad
367 2777 556 2816 societatis
573 2780 788 2819 christianae
806 2783 950 2821 bonum
970 2793 1026 2822 est
1049 2784 1255 2822 universim
1277 2783 1568 2831 admittendum,
1584 2782 1823 2821 conditiones
1841 2796 1972 2821 essen·

139 2834 244 2873 tiales
262 2836 472 2888 conjugalis
503 2837 643 2875 vinculi
668 2839 863 2879 immutari
883 2843 1024 2881 debere
1048 2843 1096 2880 ad
1116 2843 1391 2894 guberniorum
1417 2851 1454 2881 et
1473 2841 1699 2895 opinionum
1722 2841 1970 2879 nationalium

136 2903 283 2934 nutum.

258 2966 419 2997 Haeretica-

184 3045 249 3080 44.
280 3045 510 3093 Progressus
532 3045 682 3084 socialis
702 3046 887 3086 inducere
907 3047 1021 3088 debet
1041 3049 1290 3089 abolitionem
1313 3048 1653 3088 indissolubilitatis
1673 3048 1816 3087 vinculi
1838 3048 1969 3096 conju-

128 3099 239 3150 galis.

251 3178 410 3208 Haeretica.
