<?xml version="1.0" encoding="UTF-8"?>
<!DOCTYPE html PUBLIC "-//W3C//DTD XHTML 1.0 Transitional//EN"
    "http://www.w3.org/TR/xhtml1/DTD/xhtml1-transitional.dtd">
<html xmlns="http://www.w3.org/1999/xhtml" xml:lang="en" lang="en">
 <head>
  <title>
</title>
<meta http-equiv="Content-Type" content="text/html;charset=utf-8" />
  <meta name='ocr-system' content='tesseract 3.04.00' />
  <meta name='ocr-capabilities' content='ocr_page ocr_carea ocr_par ocr_line ocrx_word'/>
</head>
<body>
  <div class='ocr_page' id='page_1' title='image "./recueildesallocu00cath_0556.png"; bbox 0 0 2135 3442; ppageno 0'>
   <div class='ocr_carea' id='block_1_1' title="bbox 135 153 1366 196">
    <p class='ocr_par' dir='ltr' id='par_1_1' title="bbox 135 153 1366 196">
     <span class='ocr_line' id='line_1_1' title="bbox 135 153 1366 196; baseline -0.006 0"><span class='ocrx_word' id='word_1_1' title='bbox 135 160 212 196; x_wconf 73' lang='lat'>544</span> <span class='ocrx_word' id='word_1_2' title='bbox 740 154 900 189; x_wconf 90' lang='lat' dir='ltr'>BULLE</span> <span class='ocrx_word' id='word_1_3' title='bbox 927 153 992 189; x_wconf 90' lang='lat' dir='ltr'>DE</span> <span class='ocrx_word' id='word_1_4' title='bbox 1020 153 1366 190; x_wconf 86' lang='lat' dir='ltr'>RATIFICATION</span> 
     </span>
    </p>
   </div>
   <div class='ocr_carea' id='block_1_2' title="bbox 134 240 1996 1947">
    <p class='ocr_par' dir='ltr' id='par_1_2' title="bbox 134 240 1992 1595">
     <span class='ocr_line' id='line_1_2' title="bbox 134 240 1981 289; baseline -0.002 -5"><span class='ocrx_word' id='word_1_5' title='bbox 134 247 341 284; x_wconf 87' lang='lat' dir='ltr'>Suburram</span> <span class='ocrx_word' id='word_1_6' title='bbox 352 244 522 281; x_wconf 87' lang='lat' dir='ltr'>Diacono</span> <span class='ocrx_word' id='word_1_7' title='bbox 536 241 736 280; x_wconf 87' lang='lat' dir='ltr'>Cardinale</span> <span class='ocrx_word' id='word_1_8' title='bbox 753 240 928 278; x_wconf 80' lang='lat' dir='ltr'>Consalvi</span> <span class='ocrx_word' id='word_1_9' title='bbox 946 254 967 277; x_wconf 89' lang='lat' dir='ltr'>a</span> <span class='ocrx_word' id='word_1_10' title='bbox 982 240 1137 278; x_wconf 87' lang='lat' dir='ltr'>secretis</span> <span class='ocrx_word' id='word_1_11' title='bbox 1157 240 1275 279; x_wconf 79' lang='lat' dir='ltr'>nostri</span> <span class='ocrx_word' id='word_1_12' title='bbox 1291 243 1430 289; x_wconf 88' lang='lat' dir='ltr'>Status,</span> <span class='ocrx_word' id='word_1_13' title='bbox 1446 254 1597 278; x_wconf 82' lang='lat' dir='ltr'>necnon</span> <span class='ocrx_word' id='word_1_14' title='bbox 1610 241 1833 279; x_wconf 70' lang='lat' dir='ltr'>Venerabili</span> <span class='ocrx_word' id='word_1_15' title='bbox 1845 245 1981 281; x_wconf 81' lang='lat' dir='ltr'>Fratre</span> 
     </span>
     <span class='ocr_line' id='line_1_3' title="bbox 134 298 1984 356; baseline -0.002 -13"><span class='ocrx_word' id='word_1_16' title='bbox 134 305 303 356; x_wconf 88' lang='lat' dir='ltr'>Josepho</span> <span class='ocrx_word' id='word_1_17' title='bbox 329 302 632 353; x_wconf 82' lang='lat' dir='ltr'>Archiepiscopo</span> <span class='ocrx_word' id='word_1_18' title='bbox 656 299 842 347; x_wconf 80' lang='lat' dir='ltr'>Corinthi,</span> <span class='ocrx_word' id='word_1_19' title='bbox 865 308 977 349; x_wconf 88' lang='lat' dir='ltr'>atque</span> <span class='ocrx_word' id='word_1_20' title='bbox 1006 298 1147 337; x_wconf 88' lang='lat' dir='ltr'>dilecto</span> <span class='ocrx_word' id='word_1_21' title='bbox 1170 300 1249 338; x_wconf 83' lang='lat' dir='ltr'>filio</span> <span class='ocrx_word' id='word_1_22' title='bbox 1271 300 1408 337; x_wconf 86' lang='lat' dir='ltr'>Carolo</span> <span class='ocrx_word' id='word_1_23' title='bbox 1433 300 1590 347; x_wconf 80' lang='lat' dir='ltr'>Caselli3</span> <span class='ocrx_word' id='word_1_24' title='bbox 1620 314 1669 337; x_wconf 86' lang='lat' dir='ltr'>ex</span> <span class='ocrx_word' id='word_1_25' title='bbox 1692 309 1808 351; x_wconf 80' lang='lat' dir='ltr'>parte</span> <span class='ocrx_word' id='word_1_26' title='bbox 1832 313 1925 337; x_wconf 71' lang='lat' dir='ltr'>vero</span> <span class='ocrx_word' id='word_1_27' title='bbox 1946 310 1984 339; x_wconf 89' lang='lat' dir='ltr'>et</span> 
     </span>
     <span class='ocr_line' id='line_1_4' title="bbox 136 358 1985 411; baseline -0.003 -10"><span class='ocrx_word' id='word_1_28' title='bbox 136 365 290 401; x_wconf 89' lang='lat' dir='ltr'>nomine</span> <span class='ocrx_word' id='word_1_29' title='bbox 311 361 497 400; x_wconf 90' lang='lat' dir='ltr'>Gallicani</span> <span class='ocrx_word' id='word_1_30' title='bbox 512 359 712 407; x_wconf 80' lang='lat' dir='ltr'>Gubernii,</span> <span class='ocrx_word' id='word_1_31' title='bbox 735 374 755 395; x_wconf 87' lang='lat' dir='ltr'>a</span> <span class='ocrx_word' id='word_1_32' title='bbox 776 358 921 395; x_wconf 88' lang='lat' dir='ltr'>dilectis</span> <span class='ocrx_word' id='word_1_33' title='bbox 940 359 979 395; x_wconf 91' lang='lat' dir='ltr'>in</span> <span class='ocrx_word' id='word_1_34' title='bbox 996 359 1146 396; x_wconf 79' lang='lat' dir='ltr'>Christo</span> <span class='ocrx_word' id='word_1_35' title='bbox 1165 359 1252 396; x_wconf 85' lang='lat' dir='ltr'>filiis</span> <span class='ocrx_word' id='word_1_36' title='bbox 1269 360 1436 410; x_wconf 87' lang='lat' dir='ltr'>Josepho</span> <span class='ocrx_word' id='word_1_37' title='bbox 1450 362 1667 411; x_wconf 86' lang='lat' dir='ltr'>Bonaparte</span> <span class='ocrx_word' id='word_1_38' title='bbox 1685 368 1723 397; x_wconf 92' lang='lat' dir='ltr'>et</span> <span class='ocrx_word' id='word_1_39' title='bbox 1738 359 1985 397; x_wconf 87' lang='lat' dir='ltr'>Emmanuele</span> 
     </span>
     <span class='ocr_line' id='line_1_5' title="bbox 136 417 1986 470; baseline -0.003 -9"><span class='ocrx_word' id='word_1_40' title='bbox 136 427 263 462; x_wconf 82' lang='lat' dir='ltr'>Cretet</span> <span class='ocrx_word' id='word_1_41' title='bbox 281 419 507 459; x_wconf 90' lang='lat' dir='ltr'>consiliariis</span> <span class='ocrx_word' id='word_1_42' title='bbox 530 424 657 458; x_wconf 85' lang='lat' dir='ltr'>Status</span> <span class='ocrx_word' id='word_1_43' title='bbox 682 431 831 455; x_wconf 80' lang='lat' dir='ltr'>necnon</span> <span class='ocrx_word' id='word_1_44' title='bbox 852 417 992 455; x_wconf 89' lang='lat' dir='ltr'>dilecto</span> <span class='ocrx_word' id='word_1_45' title='bbox 1015 418 1055 454; x_wconf 91' lang='lat' dir='ltr'>in</span> <span class='ocrx_word' id='word_1_46' title='bbox 1078 419 1229 456; x_wconf 89' lang='lat' dir='ltr'>Christo</span> <span class='ocrx_word' id='word_1_47' title='bbox 1252 418 1330 455; x_wconf 83' lang='lat' dir='ltr'>filio</span> <span class='ocrx_word' id='word_1_48' title='bbox 1353 419 1589 470; x_wconf 81' lang='lat' dir='ltr'>praesbytero</span> <span class='ocrx_word' id='word_1_49' title='bbox 1609 419 1804 469; x_wconf 86' lang='lat' dir='ltr'>Stephano</span> <span class='ocrx_word' id='word_1_50' title='bbox 1824 418 1986 456; x_wconf 87' lang='lat' dir='ltr'>Bernier</span> 
     </span>
     <span class='ocr_line' id='line_1_6' title="bbox 136 475 1986 528; baseline -0.003 -9"><span class='ocrx_word' id='word_1_51' title='bbox 136 482 310 519; x_wconf 80' lang='lat' dir='ltr'>Parocho</span> <span class='ocrx_word' id='word_1_52' title='bbox 347 480 465 517; x_wconf 87' lang='lat' dir='ltr'>sancti</span> <span class='ocrx_word' id='word_1_53' title='bbox 501 478 621 516; x_wconf 87' lang='lat' dir='ltr'>Laudi</span> <span class='ocrx_word' id='word_1_54' title='bbox 650 476 954 526; x_wconf 25' lang='lat' dir='ltr'>studegavensis,</span> <span class='ocrx_word' id='word_1_55' title='bbox 989 475 1158 528; x_wconf 83' lang='lat' dir='ltr'>ejusdem</span> <span class='ocrx_word' id='word_1_56' title='bbox 1197 476 1383 514; x_wconf 85' lang='lat' dir='ltr'>Gubernii</span> <span class='ocrx_word' id='word_1_57' title='bbox 1420 477 1790 528; x_wconf 87' lang='lat' dir='ltr'>plenipotentiariis,</span> <span class='ocrx_word' id='word_1_58' title='bbox 1827 476 1986 514; x_wconf 82' lang='lat' dir='ltr'>Lutetiae</span> 
     </span>
     <span class='ocr_line' id='line_1_7' title="bbox 136 536 1987 589; baseline -0.004 -10"><span class='ocrx_word' id='word_1_59' title='bbox 136 542 370 579; x_wconf 81' lang='lat' dir='ltr'>Parisiorum</span> <span class='ocrx_word' id='word_1_60' title='bbox 391 539 599 589; x_wconf 80' lang='lat' dir='ltr'>subscripta</span> <span class='ocrx_word' id='word_1_61' title='bbox 620 536 718 584; x_wconf 80' lang='lat' dir='ltr'>s&#39;1nt3</span> <span class='ocrx_word' id='word_1_62' title='bbox 742 549 904 585; x_wconf 84' lang='lat' dir='ltr'>cumque</span> <span class='ocrx_word' id='word_1_63' title='bbox 928 544 1012 585; x_wconf 81' lang='lat' dir='ltr'>post</span> <span class='ocrx_word' id='word_1_64' title='bbox 1028 536 1248 583; x_wconf 83' lang='lat' dir='ltr'>hujusmodi</span> <span class='ocrx_word' id='word_1_65' title='bbox 1269 536 1557 585; x_wconf 69' lang='lat' dir='ltr'>conventiones,</span> <span class='ocrx_word' id='word_1_66' title='bbox 1574 545 1685 588; x_wconf 85' lang='lat' dir='ltr'>pacta</span> <span class='ocrx_word' id='word_1_67' title='bbox 1706 545 1742 573; x_wconf 91' lang='lat' dir='ltr'>et</span> <span class='ocrx_word' id='word_1_68' title='bbox 1756 536 1987 573; x_wconf 79' lang='lat' dir='ltr'>concordata</span> 
     </span>
     <span class='ocr_line' id='line_1_8' title="bbox 139 594 1986 646; baseline -0.003 -9"><span class='ocrx_word' id='word_1_69' title='bbox 139 601 177 637; x_wconf 88' lang='lat' dir='ltr'>in</span> <span class='ocrx_word' id='word_1_70' title='bbox 192 599 369 637; x_wconf 88' lang='lat' dir='ltr'>omnibus</span> <span class='ocrx_word' id='word_1_71' title='bbox 384 607 421 635; x_wconf 93' lang='lat' dir='ltr'>et</span> <span class='ocrx_word' id='word_1_72' title='bbox 435 595 595 646; x_wconf 79' lang='lat' dir='ltr'>singulis</span> <span class='ocrx_word' id='word_1_73' title='bbox 613 594 776 646; x_wconf 87' lang='lat' dir='ltr'>punctis,</span> <span class='ocrx_word' id='word_1_74' title='bbox 798 595 989 640; x_wconf 74' lang='lat' dir='ltr'>clausulis,</span> <span class='ocrx_word' id='word_1_75' title='bbox 1005 594 1176 632; x_wconf 81' lang='lat' dir='ltr'>articulis</span> <span class='ocrx_word' id='word_1_76' title='bbox 1190 604 1227 632; x_wconf 92' lang='lat' dir='ltr'>et</span> <span class='ocrx_word' id='word_1_77' title='bbox 1241 595 1526 632; x_wconf 86' lang='lat' dir='ltr'>conditionibus</span> <span class='ocrx_word' id='word_1_78' title='bbox 1540 609 1561 632; x_wconf 88' lang='lat' dir='ltr'>a</span> <span class='ocrx_word' id='word_1_79' title='bbox 1576 595 1741 646; x_wconf 77' lang='lat' dir='ltr'>praefatis</span> <span class='ocrx_word' id='word_1_80' title='bbox 1755 594 1986 646; x_wconf 78' lang='lat' dir='ltr'>subscripta3</span> 
     </span>
     <span class='ocr_line' id='line_1_9' title="bbox 139 654 1988 711; baseline -0.003 -15"><span class='ocrx_word' id='word_1_81' title='bbox 139 673 210 711; x_wconf 86' lang='lat' dir='ltr'>pro</span> <span class='ocrx_word' id='word_1_82' title='bbox 236 656 397 696; x_wconf 89' lang='lat' dir='ltr'>firmiori</span> <span class='ocrx_word' id='word_1_83' title='bbox 419 670 552 693; x_wconf 87' lang='lat' dir='ltr'>eorum</span> <span class='ocrx_word' id='word_1_84' title='bbox 576 654 818 692; x_wconf 77' lang='lat' dir='ltr'>subsistentia</span> <span class='ocrx_word' id='word_1_85' title='bbox 850 654 970 691; x_wconf 87' lang='lat' dir='ltr'>robur</span> <span class='ocrx_word' id='word_1_86' title='bbox 997 655 1215 705; x_wconf 81' lang='lat' dir='ltr'>apostolicae</span> <span class='ocrx_word' id='word_1_87' title='bbox 1242 655 1430 692; x_wconf 80' lang='lat' dir='ltr'>firmitatis</span> <span class='ocrx_word' id='word_1_88' title='bbox 1459 655 1641 706; x_wconf 75' lang='lat' dir='ltr'>adjicere,</span> <span class='ocrx_word' id='word_1_89' title='bbox 1665 663 1702 692; x_wconf 88' lang='lat' dir='ltr'>et</span> <span class='ocrx_word' id='word_1_90' title='bbox 1721 655 1988 692; x_wconf 87' lang='lat' dir='ltr'>auctoritatem</span> 
     </span>
     <span class='ocr_line' id='line_1_10' title="bbox 139 713 1984 764; baseline -0.003 -10"><span class='ocrx_word' id='word_1_91' title='bbox 139 716 406 755; x_wconf 80' lang='lat' dir='ltr'>solemniorem</span> <span class='ocrx_word' id='word_1_92' title='bbox 427 723 463 752; x_wconf 91' lang='lat' dir='ltr'>et</span> <span class='ocrx_word' id='word_1_93' title='bbox 481 715 675 751; x_wconf 80' lang='lat' dir='ltr'>decretum</span> <span class='ocrx_word' id='word_1_94' title='bbox 697 714 942 764; x_wconf 80' lang='lat' dir='ltr'>interponere</span> <span class='ocrx_word' id='word_1_95' title='bbox 962 714 1219 750; x_wconf 86' lang='lat' dir='ltr'>necessarium</span> <span class='ocrx_word' id='word_1_96' title='bbox 1245 713 1307 760; x_wconf 92' lang='lat' dir='ltr'>sit,</span> <span class='ocrx_word' id='word_1_97' title='bbox 1326 727 1396 750; x_wconf 91' lang='lat' dir='ltr'>nos</span> <span class='ocrx_word' id='word_1_98' title='bbox 1413 726 1457 750; x_wconf 91' lang='lat' dir='ltr'>ea</span> <span class='ocrx_word' id='word_1_99' title='bbox 1478 727 1544 764; x_wconf 88' lang='lat' dir='ltr'>spe</span> <span class='ocrx_word' id='word_1_100' title='bbox 1565 713 1667 760; x_wconf 84' lang='lat' dir='ltr'>sreti,</span> <span class='ocrx_word' id='word_1_101' title='bbox 1691 714 1786 761; x_wconf 84' lang='lat' dir='ltr'>sore,</span> <span class='ocrx_word' id='word_1_102' title='bbox 1808 721 1848 749; x_wconf 93' lang='lat' dir='ltr'>ut</span> <span class='ocrx_word' id='word_1_103' title='bbox 1867 715 1984 759; x_wconf 82' lang='lat' dir='ltr'>Deus,</span> 
     </span>
     <span class='ocr_line' id='line_1_11' title="bbox 139 773 1986 826; baseline -0.003 -13"><span class='ocrx_word' id='word_1_104' title='bbox 139 780 206 826; x_wconf 77' lang='lat' dir='ltr'>qui</span> <span class='ocrx_word' id='word_1_105' title='bbox 224 779 324 812; x_wconf 74' lang='lat' dir='ltr'>(lives</span> <span class='ocrx_word' id='word_1_106' title='bbox 339 785 393 811; x_wconf 82' lang='lat' dir='ltr'>esc</span> <span class='ocrx_word' id='word_1_107' title='bbox 420 779 458 810; x_wconf 76' lang='lat' dir='ltr'>in</span> <span class='ocrx_word' id='word_1_108' title='bbox 477 774 735 814; x_wconf 71' lang='lat' dir='ltr'>misericordia</span> <span class='ocrx_word' id='word_1_109' title='bbox 750 782 785 808; x_wconf 78' lang='lat' dir='ltr'>el</span> <span class='ocrx_word' id='word_1_110' title='bbox 808 787 831 808; x_wconf 84' lang='lat' dir='ltr'>a</span> <span class='ocrx_word' id='word_1_111' title='bbox 850 787 920 821; x_wconf 75' lang='lat' dir='ltr'>quo</span> <span class='ocrx_word' id='word_1_112' title='bbox 940 787 1045 808; x_wconf 70' lang='lat' dir='ltr'>emme</span> <span class='ocrx_word' id='word_1_113' title='bbox 1065 774 1194 808; x_wconf 78' lang='lat' dir='ltr'>datum</span> <span class='ocrx_word' id='word_1_114' title='bbox 1215 777 1408 822; x_wconf 77' lang='lat' dir='ltr'>optimum,</span> <span class='ocrx_word' id='word_1_115' title='bbox 1429 783 1464 809; x_wconf 83' lang='lat' dir='ltr'>et</span> <span class='ocrx_word' id='word_1_116' title='bbox 1479 787 1582 809; x_wconf 65' lang='lat' dir='ltr'>omine</span> <span class='ocrx_word' id='word_1_117' title='bbox 1605 775 1739 808; x_wconf 68' lang='lat' dir='ltr'>domam</span> <span class='ocrx_word' id='word_1_118' title='bbox 1758 773 1986 821; x_wconf 77' lang='lat' dir='ltr'>perfectum,</span> 
     </span>
     <span class='ocr_line' id='line_1_12' title="bbox 139 831 1987 882; baseline -0.003 -9"><span class='ocrx_word' id='word_1_119' title='bbox 139 836 263 873; x_wconf 84' lang='lat' dir='ltr'>studia</span> <span class='ocrx_word' id='word_1_120' title='bbox 283 843 412 872; x_wconf 90' lang='lat' dir='ltr'>nostra</span> <span class='ocrx_word' id='word_1_121' title='bbox 436 832 475 869; x_wconf 88' lang='lat' dir='ltr'>in</span> <span class='ocrx_word' id='word_1_122' title='bbox 496 831 733 869; x_wconf 86' lang='lat' dir='ltr'>sanctissimo</span> <span class='ocrx_word' id='word_1_123' title='bbox 753 831 825 868; x_wconf 84' lang='lat' dir='ltr'>hoc</span> <span class='ocrx_word' id='word_1_124' title='bbox 847 844 964 882; x_wconf 88' lang='lat' dir='ltr'>opere</span> <span class='ocrx_word' id='word_1_125' title='bbox 982 831 1233 880; x_wconf 75' lang='lat' dir='ltr'>absolvendo,</span> <span class='ocrx_word' id='word_1_126' title='bbox 1254 831 1421 881; x_wconf 76' lang='lat' dir='ltr'>benigno</span> <span class='ocrx_word' id='word_1_127' title='bbox 1442 832 1570 868; x_wconf 76' lang='lat' dir='ltr'>favore</span> <span class='ocrx_word' id='word_1_128' title='bbox 1594 831 1775 882; x_wconf 84' lang='lat' dir='ltr'>prosequi</span> <span class='ocrx_word' id='word_1_129' title='bbox 1791 831 1987 880; x_wconf 81' lang='lat' dir='ltr'>dignetur,</span> 
     </span>
     <span class='ocr_line' id='line_1_13' title="bbox 139 887 1990 941; baseline -0.004 -10"><span class='ocrx_word' id='word_1_130' title='bbox 139 909 182 932; x_wconf 85' lang='lat' dir='ltr'>ac</span> <span class='ocrx_word' id='word_1_131' title='bbox 200 902 242 930; x_wconf 88' lang='lat' dir='ltr'>ut</span> <span class='ocrx_word' id='word_1_132' title='bbox 262 892 439 930; x_wconf 88' lang='lat' dir='ltr'>omnibus</span> <span class='ocrx_word' id='word_1_133' title='bbox 461 891 596 928; x_wconf 85' lang='lat' dir='ltr'>amotis</span> <span class='ocrx_word' id='word_1_134' title='bbox 610 889 893 940; x_wconf 81' lang='lat' dir='ltr'>impedimentis</span> <span class='ocrx_word' id='word_1_135' title='bbox 914 898 1027 940; x_wconf 85' lang='lat' dir='ltr'>atque</span> <span class='ocrx_word' id='word_1_136' title='bbox 1048 888 1230 936; x_wconf 77' lang='lat' dir='ltr'>dissidiis,</span> <span class='ocrx_word' id='word_1_137' title='bbox 1247 903 1337 926; x_wconf 72' lang='lat' dir='ltr'>vera</span> <span class='ocrx_word' id='word_1_138' title='bbox 1358 891 1477 940; x_wconf 86' lang='lat' dir='ltr'>pietas</span> <span class='ocrx_word' id='word_1_139' title='bbox 1499 899 1535 927; x_wconf 90' lang='lat' dir='ltr'>et</span> <span class='ocrx_word' id='word_1_140' title='bbox 1556 890 1691 941; x_wconf 80' lang='lat' dir='ltr'>religio</span> <span class='ocrx_word' id='word_1_141' title='bbox 1706 890 1852 936; x_wconf 82' lang='lat' dir='ltr'>majora</span> <span class='ocrx_word' id='word_1_142' title='bbox 1872 887 1990 925; x_wconf 90' lang='lat' dir='ltr'>susci-</span> 
     </span>
     <span class='ocr_line' id='line_1_14' title="bbox 140 947 1990 1006; baseline -0.004 -15"><span class='ocrx_word' id='word_1_143' title='bbox 140 954 248 1006; x_wconf 81' lang='lat' dir='ltr'>piant</span> <span class='ocrx_word' id='word_1_144' title='bbox 266 954 514 999; x_wconf 83' lang='lat' dir='ltr'>incrementa,</span> <span class='ocrx_word' id='word_1_145' title='bbox 536 949 770 999; x_wconf 82' lang='lat' dir='ltr'>sublatisque</span> <span class='ocrx_word' id='word_1_146' title='bbox 791 963 839 986; x_wconf 78' lang='lat' dir='ltr'>ex</span> <span class='ocrx_word' id='word_1_147' title='bbox 855 963 948 999; x_wconf 78' lang='lat' dir='ltr'>agro</span> <span class='ocrx_word' id='word_1_148' title='bbox 971 949 1164 986; x_wconf 83' lang='lat' dir='ltr'>dominico</span> <span class='ocrx_word' id='word_1_149' title='bbox 1184 949 1467 986; x_wconf 85' lang='lat' dir='ltr'>dissensionum</span> <span class='ocrx_word' id='word_1_150' title='bbox 1486 950 1707 997; x_wconf 86' lang='lat' dir='ltr'>seminibus,</span> <span class='ocrx_word' id='word_1_151' title='bbox 1731 947 1990 986; x_wconf 85' lang='lat' dir='ltr'>abundantior</span> 
     </span>
     <span class='ocr_line' id='line_1_15' title="bbox 140 1007 1988 1061; baseline -0.004 -10"><span class='ocrx_word' id='word_1_152' title='bbox 140 1015 180 1051; x_wconf 91' lang='lat' dir='ltr'>in</span> <span class='ocrx_word' id='word_1_153' title='bbox 199 1013 278 1050; x_wconf 89' lang='lat' dir='ltr'>dies</span> <span class='ocrx_word' id='word_1_154' title='bbox 294 1012 484 1049; x_wconf 88' lang='lat' dir='ltr'>bonorum</span> <span class='ocrx_word' id='word_1_155' title='bbox 499 1023 659 1061; x_wconf 90' lang='lat' dir='ltr'>operum</span> <span class='ocrx_word' id='word_1_156' title='bbox 677 1022 782 1059; x_wconf 78' lang='lat' dir='ltr'>seges</span> <span class='ocrx_word' id='word_1_157' title='bbox 801 1009 849 1045; x_wconf 89' lang='lat' dir='ltr'>ad</span> <span class='ocrx_word' id='word_1_158' title='bbox 866 1008 984 1059; x_wconf 87' lang='lat' dir='ltr'>ipsius</span> <span class='ocrx_word' id='word_1_159' title='bbox 998 1008 1070 1045; x_wconf 91' lang='lat' dir='ltr'>Dei</span> <span class='ocrx_word' id='word_1_160' title='bbox 1086 1008 1238 1045; x_wconf 86' lang='lat' dir='ltr'>laudem</span> <span class='ocrx_word' id='word_1_161' title='bbox 1251 1017 1287 1045; x_wconf 90' lang='lat' dir='ltr'>et</span> <span class='ocrx_word' id='word_1_162' title='bbox 1303 1008 1481 1057; x_wconf 79' lang='lat' dir='ltr'>gloriam,</span> <span class='ocrx_word' id='word_1_163' title='bbox 1501 1017 1759 1058; x_wconf 70' lang='lat' dir='ltr'>aeternamque</span> <span class='ocrx_word' id='word_1_164' title='bbox 1775 1007 1988 1044; x_wconf 87' lang='lat' dir='ltr'>animarum</span> 
     </span>
     <span class='ocr_line' id='line_1_16' title="bbox 141 1066 1989 1115; baseline -0.004 -6"><span class='ocrx_word' id='word_1_165' title='bbox 141 1073 302 1109; x_wconf 88' lang='lat' dir='ltr'>salutem</span> <span class='ocrx_word' id='word_1_166' title='bbox 335 1077 566 1115; x_wconf 80' lang='lat' dir='ltr'>succrescat,</span> <span class='ocrx_word' id='word_1_167' title='bbox 591 1069 637 1105; x_wconf 91' lang='lat' dir='ltr'>de</span> <span class='ocrx_word' id='word_1_168' title='bbox 669 1067 955 1104; x_wconf 80' lang='lat' dir='ltr'>Venerabilium</span> <span class='ocrx_word' id='word_1_169' title='bbox 984 1070 1160 1105; x_wconf 82' lang='lat' dir='ltr'>Fratrum</span> <span class='ocrx_word' id='word_1_170' title='bbox 1192 1076 1412 1104; x_wconf 89' lang='lat' dir='ltr'>nostrorum</span> <span class='ocrx_word' id='word_1_171' title='bbox 1443 1076 1581 1105; x_wconf 71' lang='lat' dir='ltr'>sanctae</span> <span class='ocrx_word' id='word_1_172' title='bbox 1609 1071 1791 1105; x_wconf 83' lang='lat' dir='ltr'>Romanae</span> <span class='ocrx_word' id='word_1_173' title='bbox 1811 1066 1989 1105; x_wconf 69' lang='lat' dir='ltr'>Ecclesiae</span> 
     </span>
     <span class='ocr_line' id='line_1_17' title="bbox 141 1124 1987 1174; baseline -0.004 -6"><span class='ocrx_word' id='word_1_174' title='bbox 141 1128 400 1169; x_wconf 88' lang='lat' dir='ltr'>Cardinalium</span> <span class='ocrx_word' id='word_1_175' title='bbox 433 1127 592 1165; x_wconf 88' lang='lat' dir='ltr'>consilio</span> <span class='ocrx_word' id='word_1_176' title='bbox 623 1135 659 1164; x_wconf 89' lang='lat' dir='ltr'>et</span> <span class='ocrx_word' id='word_1_177' title='bbox 693 1140 862 1174; x_wconf 86' lang='lat' dir='ltr'>assensu,</span> <span class='ocrx_word' id='word_1_178' title='bbox 888 1140 931 1163; x_wconf 88' lang='lat' dir='ltr'>ac</span> <span class='ocrx_word' id='word_1_179' title='bbox 957 1135 1061 1163; x_wconf 88' lang='lat' dir='ltr'>certa</span> <span class='ocrx_word' id='word_1_180' title='bbox 1088 1126 1245 1164; x_wconf 83' lang='lat' dir='ltr'>scientia</span> <span class='ocrx_word' id='word_1_181' title='bbox 1278 1135 1315 1163; x_wconf 90' lang='lat' dir='ltr'>et</span> <span class='ocrx_word' id='word_1_182' title='bbox 1348 1134 1498 1164; x_wconf 88' lang='lat' dir='ltr'>matura</span> <span class='ocrx_word' id='word_1_183' title='bbox 1528 1127 1803 1164; x_wconf 84' lang='lat' dir='ltr'>deliberatione</span> <span class='ocrx_word' id='word_1_184' title='bbox 1831 1124 1987 1170; x_wconf 82' lang='lat' dir='ltr'>nostris,</span> 
     </span>
     <span class='ocr_line' id='line_1_18' title="bbox 142 1185 1987 1240; baseline -0.003 -13"><span class='ocrx_word' id='word_1_185' title='bbox 142 1191 266 1240; x_wconf 88' lang='lat' dir='ltr'>deque</span> <span class='ocrx_word' id='word_1_186' title='bbox 304 1188 522 1240; x_wconf 81' lang='lat' dir='ltr'>apostolicae</span> <span class='ocrx_word' id='word_1_187' title='bbox 557 1187 755 1238; x_wconf 87' lang='lat' dir='ltr'>potestatis</span> <span class='ocrx_word' id='word_1_188' title='bbox 794 1185 1046 1237; x_wconf 84' lang='lat' dir='ltr'>plenitudine,</span> <span class='ocrx_word' id='word_1_189' title='bbox 1082 1200 1197 1237; x_wconf 88' lang='lat' dir='ltr'>supra</span> <span class='ocrx_word' id='word_1_190' title='bbox 1230 1186 1348 1223; x_wconf 83' lang='lat' dir='ltr'>dictas</span> <span class='ocrx_word' id='word_1_191' title='bbox 1387 1187 1668 1234; x_wconf 88' lang='lat' dir='ltr'>concessiones,</span> <span class='ocrx_word' id='word_1_192' title='bbox 1699 1185 1987 1233; x_wconf 83' lang='lat' dir='ltr'>conventiones,</span> 
     </span>
     <span class='ocr_line' id='line_1_19' title="bbox 142 1245 1989 1300; baseline -0.002 -15"><span class='ocrx_word' id='word_1_193' title='bbox 142 1248 322 1300; x_wconf 86' lang='lat' dir='ltr'>capitula,</span> <span class='ocrx_word' id='word_1_194' title='bbox 354 1256 463 1298; x_wconf 87' lang='lat' dir='ltr'>pacta</span> <span class='ocrx_word' id='word_1_195' title='bbox 490 1255 527 1283; x_wconf 91' lang='lat' dir='ltr'>et</span> <span class='ocrx_word' id='word_1_196' title='bbox 546 1246 781 1283; x_wconf 80' lang='lat' dir='ltr'>concordata</span> <span class='ocrx_word' id='word_1_197' title='bbox 804 1254 937 1282; x_wconf 79' lang='lat' dir='ltr'>tenore</span> <span class='ocrx_word' id='word_1_198' title='bbox 967 1245 1214 1296; x_wconf 70' lang='lat' dir='ltr'>praesentium</span> <span class='ocrx_word' id='word_1_199' title='bbox 1237 1245 1474 1283; x_wconf 80' lang='lat' dir='ltr'>cohaerentes</span> <span class='ocrx_word' id='word_1_200' title='bbox 1499 1245 1546 1282; x_wconf 88' lang='lat' dir='ltr'>ad</span> <span class='ocrx_word' id='word_1_201' title='bbox 1572 1245 1766 1296; x_wconf 83' lang='lat' dir='ltr'>peculiare</span> <span class='ocrx_word' id='word_1_202' title='bbox 1790 1245 1989 1294; x_wconf 82' lang='lat' dir='ltr'>chirogra-</span> 
     </span>
     <span class='ocr_line' id='line_1_20' title="bbox 142 1303 1992 1360; baseline -0.003 -15"><span class='ocrx_word' id='word_1_203' title='bbox 142 1309 262 1360; x_wconf 82' lang='lat' dir='ltr'>phum</span> <span class='ocrx_word' id='word_1_204' title='bbox 291 1320 408 1358; x_wconf 86' lang='lat' dir='ltr'>super</span> <span class='ocrx_word' id='word_1_205' title='bbox 433 1305 525 1357; x_wconf 86' lang='lat' dir='ltr'>ipsis</span> <span class='ocrx_word' id='word_1_206' title='bbox 551 1305 720 1341; x_wconf 86' lang='lat' dir='ltr'>articulis</span> <span class='ocrx_word' id='word_1_207' title='bbox 749 1305 983 1355; x_wconf 85' lang='lat' dir='ltr'>appositum,</span> <span class='ocrx_word' id='word_1_208' title='bbox 1016 1305 1289 1356; x_wconf 85' lang='lat' dir='ltr'>approbamus,</span> <span class='ocrx_word' id='word_1_209' title='bbox 1317 1304 1548 1342; x_wconf 82' lang='lat' dir='ltr'>ratificamus</span> <span class='ocrx_word' id='word_1_210' title='bbox 1577 1313 1614 1341; x_wconf 90' lang='lat' dir='ltr'>et</span> <span class='ocrx_word' id='word_1_211' title='bbox 1643 1313 1898 1356; x_wconf 83' lang='lat' dir='ltr'>acceptamus,</span> <span class='ocrx_word' id='word_1_212' title='bbox 1916 1303 1992 1340; x_wconf 89' lang='lat' dir='ltr'>illis</span> 
     </span>
     <span class='ocr_line' id='line_1_21' title="bbox 144 1362 1991 1418; baseline -0.003 -14"><span class='ocrx_word' id='word_1_213' title='bbox 144 1365 343 1418; x_wconf 87' lang='lat' dir='ltr'>apostolici</span> <span class='ocrx_word' id='word_1_214' title='bbox 367 1364 590 1401; x_wconf 80' lang='lat' dir='ltr'>muniminis</span> <span class='ocrx_word' id='word_1_215' title='bbox 615 1372 652 1401; x_wconf 87' lang='lat' dir='ltr'>et</span> <span class='ocrx_word' id='word_1_216' title='bbox 682 1364 872 1401; x_wconf 86' lang='lat' dir='ltr'>firmitatis</span> <span class='ocrx_word' id='word_1_217' title='bbox 900 1363 1018 1400; x_wconf 88' lang='lat' dir='ltr'>robur</span> <span class='ocrx_word' id='word_1_218' title='bbox 1044 1372 1080 1401; x_wconf 88' lang='lat' dir='ltr'>et</span> <span class='ocrx_word' id='word_1_219' title='bbox 1107 1363 1314 1400; x_wconf 88' lang='lat' dir='ltr'>efficaciam</span> <span class='ocrx_word' id='word_1_220' title='bbox 1341 1364 1597 1413; x_wconf 82' lang='lat' dir='ltr'>adjungimus,</span> <span class='ocrx_word' id='word_1_221' title='bbox 1628 1363 1834 1414; x_wconf 82' lang='lat' dir='ltr'>omniaque</span> <span class='ocrx_word' id='word_1_222' title='bbox 1858 1362 1898 1399; x_wconf 92' lang='lat' dir='ltr'>in</span> <span class='ocrx_word' id='word_1_223' title='bbox 1927 1375 1991 1399; x_wconf 89' lang='lat' dir='ltr'>eos</span> 
     </span>
     <span class='ocr_line' id='line_1_22' title="bbox 143 1421 1991 1475; baseline -0.003 -12"><span class='ocrx_word' id='word_1_224' title='bbox 143 1433 321 1464; x_wconf 88' lang='lat' dir='ltr'>contenta</span> <span class='ocrx_word' id='word_1_225' title='bbox 331 1438 374 1461; x_wconf 91' lang='lat' dir='ltr'>ac</span> <span class='ocrx_word' id='word_1_226' title='bbox 390 1423 577 1475; x_wconf 88' lang='lat' dir='ltr'>promissa</span> <span class='ocrx_word' id='word_1_227' title='bbox 594 1423 740 1460; x_wconf 87' lang='lat' dir='ltr'>sincere</span> <span class='ocrx_word' id='word_1_228' title='bbox 762 1431 799 1460; x_wconf 92' lang='lat' dir='ltr'>et</span> <span class='ocrx_word' id='word_1_229' title='bbox 815 1422 1091 1461; x_wconf 73' lang='lat' dir='ltr'>inviolabiliter</span> <span class='ocrx_word' id='word_1_230' title='bbox 1111 1436 1157 1459; x_wconf 79' lang='lat' dir='ltr'>ex</span> <span class='ocrx_word' id='word_1_231' title='bbox 1178 1431 1307 1460; x_wconf 90' lang='lat' dir='ltr'>nostra</span> <span class='ocrx_word' id='word_1_232' title='bbox 1324 1424 1482 1473; x_wconf 87' lang='lat' dir='ltr'>ejusque</span> <span class='ocrx_word' id='word_1_233' title='bbox 1499 1424 1598 1460; x_wconf 89' lang='lat' dir='ltr'>sedis</span> <span class='ocrx_word' id='word_1_234' title='bbox 1615 1431 1723 1474; x_wconf 89' lang='lat' dir='ltr'>parte</span> <span class='ocrx_word' id='word_1_235' title='bbox 1742 1421 1991 1473; x_wconf 89' lang='lat' dir='ltr'>adimpletum</span> 
     </span>
     <span class='ocr_line' id='line_1_23' title="bbox 144 1481 1992 1533; baseline -0.003 -11"><span class='ocrx_word' id='word_1_236' title='bbox 144 1494 181 1523; x_wconf 89' lang='lat' dir='ltr'>et</span> <span class='ocrx_word' id='word_1_237' title='bbox 207 1492 401 1522; x_wconf 83' lang='lat' dir='ltr'>servatum</span> <span class='ocrx_word' id='word_1_238' title='bbox 430 1482 491 1530; x_wconf 87' lang='lat' dir='ltr'>iri,</span> <span class='ocrx_word' id='word_1_239' title='bbox 516 1491 593 1519; x_wconf 88' lang='lat' dir='ltr'>tam</span> <span class='ocrx_word' id='word_1_240' title='bbox 619 1491 748 1519; x_wconf 89' lang='lat' dir='ltr'>nostro</span> <span class='ocrx_word' id='word_1_241' title='bbox 778 1495 894 1531; x_wconf 86' lang='lat' dir='ltr'>quam</span> <span class='ocrx_word' id='word_1_242' title='bbox 923 1491 1144 1519; x_wconf 88' lang='lat' dir='ltr'>nostrorum</span> <span class='ocrx_word' id='word_1_243' title='bbox 1172 1484 1444 1519; x_wconf 75' lang='lat' dir='ltr'>Successorum</span> <span class='ocrx_word' id='word_1_244' title='bbox 1475 1481 1631 1519; x_wconf 90' lang='lat' dir='ltr'>nomine</span> <span class='ocrx_word' id='word_1_245' title='bbox 1661 1481 1921 1533; x_wconf 86' lang='lat' dir='ltr'>promittimus</span> <span class='ocrx_word' id='word_1_246' title='bbox 1948 1494 1992 1517; x_wconf 89' lang='lat' dir='ltr'>ac</span> 
     </span>
     <span class='ocr_line' id='line_1_24' title="bbox 145 1545 392 1595; baseline -0.004 -14"><span class='ocrx_word' id='word_1_247' title='bbox 145 1545 392 1595; x_wconf 86' lang='lat' dir='ltr'>spondemus.</span> 
     </span>
    </p>

    <p class='ocr_par' dir='ltr' id='par_1_3' title="bbox 145 1600 1996 1947">
     <span class='ocr_line' id='line_1_25' title="bbox 197 1600 1990 1652; baseline -0.003 -12"><span class='ocrx_word' id='word_1_248' title='bbox 197 1603 384 1640; x_wconf 64' lang='lat' dir='ltr'>Nolumus</span> <span class='ocrx_word' id='word_1_249' title='bbox 403 1601 515 1639; x_wconf 89' lang='lat' dir='ltr'>etiam</span> <span class='ocrx_word' id='word_1_250' title='bbox 530 1609 698 1652; x_wconf 80' lang='lat' dir='ltr'>paternae</span> <span class='ocrx_word' id='word_1_251' title='bbox 716 1609 855 1637; x_wconf 84' lang='lat' dir='ltr'>nostrae</span> <span class='ocrx_word' id='word_1_252' title='bbox 874 1600 1068 1638; x_wconf 89' lang='lat' dir='ltr'>charitatis</span> <span class='ocrx_word' id='word_1_253' title='bbox 1082 1614 1161 1638; x_wconf 92' lang='lat' dir='ltr'>non</span> <span class='ocrx_word' id='word_1_254' title='bbox 1181 1614 1262 1638; x_wconf 83' lang='lat' dir='ltr'>esse</span> <span class='ocrx_word' id='word_1_255' title='bbox 1274 1601 1478 1652; x_wconf 84' lang='lat' dir='ltr'>participes</span> <span class='ocrx_word' id='word_1_256' title='bbox 1494 1615 1558 1639; x_wconf 89' lang='lat' dir='ltr'>eos</span> <span class='ocrx_word' id='word_1_257' title='bbox 1578 1601 1856 1639; x_wconf 86' lang='lat' dir='ltr'>ecclesiasticos</span> <span class='ocrx_word' id='word_1_258' title='bbox 1868 1600 1990 1646; x_wconf 82' lang='lat' dir='ltr'>viros,</span> 
     </span>
     <span class='ocr_line' id='line_1_26' title="bbox 145 1657 1993 1713; baseline -0.003 -14"><span class='ocrx_word' id='word_1_259' title='bbox 145 1661 270 1713; x_wconf 83' lang='lat' dir='ltr'>quiin</span> <span class='ocrx_word' id='word_1_260' title='bbox 297 1660 413 1699; x_wconf 88' lang='lat' dir='ltr'>sacris</span> <span class='ocrx_word' id='word_1_261' title='bbox 436 1659 632 1697; x_wconf 89' lang='lat' dir='ltr'>constituti</span> <span class='ocrx_word' id='word_1_262' title='bbox 655 1659 897 1696; x_wconf 87' lang='lat' dir='ltr'>matrimonia</span> <span class='ocrx_word' id='word_1_263' title='bbox 924 1668 1174 1707; x_wconf 83' lang='lat' dir='ltr'>attentarunt,</span> <span class='ocrx_word' id='word_1_264' title='bbox 1203 1660 1284 1696; x_wconf 72' lang='lat' dir='ltr'>sive</span> <span class='ocrx_word' id='word_1_265' title='bbox 1313 1660 1380 1709; x_wconf 90' lang='lat' dir='ltr'>qui</span> <span class='ocrx_word' id='word_1_266' title='bbox 1406 1675 1426 1697; x_wconf 86' lang='lat' dir='ltr'>a</span> <span class='ocrx_word' id='word_1_267' title='bbox 1453 1660 1612 1712; x_wconf 81' lang='lat' dir='ltr'>proprio</span> <span class='ocrx_word' id='word_1_268' title='bbox 1642 1660 1817 1697; x_wconf 87' lang='lat' dir='ltr'>instituto</span> <span class='ocrx_word' id='word_1_269' title='bbox 1838 1657 1993 1710; x_wconf 88' lang='lat' dir='ltr'>publice</span> 
     </span>
     <span class='ocr_line' id='line_1_27' title="bbox 145 1717 1991 1769; baseline -0.002 -11"><span class='ocrx_word' id='word_1_270' title='bbox 145 1721 408 1764; x_wconf 70' lang='lat' dir='ltr'>desciverunt3</span> <span class='ocrx_word' id='word_1_271' title='bbox 439 1720 603 1768; x_wconf 90' lang='lat' dir='ltr'>ideoque</span> <span class='ocrx_word' id='word_1_272' title='bbox 634 1731 768 1754; x_wconf 87' lang='lat' dir='ltr'>eorum</span> <span class='ocrx_word' id='word_1_273' title='bbox 798 1727 988 1768; x_wconf 88' lang='lat' dir='ltr'>respectu,</span> <span class='ocrx_word' id='word_1_274' title='bbox 1011 1718 1130 1769; x_wconf 89' lang='lat' dir='ltr'>ipsius</span> <span class='ocrx_word' id='word_1_275' title='bbox 1163 1718 1276 1754; x_wconf 86' lang='lat' dir='ltr'>etiam</span> <span class='ocrx_word' id='word_1_276' title='bbox 1303 1717 1494 1768; x_wconf 78' lang='lat' dir='ltr'>regiminis</span> <span class='ocrx_word' id='word_1_277' title='bbox 1512 1719 1646 1756; x_wconf 84' lang='lat' dir='ltr'>officiis</span> <span class='ocrx_word' id='word_1_278' title='bbox 1673 1717 1991 1763; x_wconf 87' lang='lat' dir='ltr'>obsecundantes,</span> 
     </span>
     <span class='ocr_line' id='line_1_28' title="bbox 146 1776 1994 1830; baseline -0.003 -13"><span class='ocrx_word' id='word_1_279' title='bbox 146 1780 306 1830; x_wconf 80' lang='lat' dir='ltr'>vestigia</span> <span class='ocrx_word' id='word_1_280' title='bbox 328 1791 534 1829; x_wconf 90' lang='lat' dir='ltr'>sequemur</span> <span class='ocrx_word' id='word_1_281' title='bbox 560 1776 773 1814; x_wconf 81' lang='lat' dir='ltr'>recolendae</span> <span class='ocrx_word' id='word_1_282' title='bbox 793 1777 986 1813; x_wconf 80' lang='lat' dir='ltr'>memoriae</span> <span class='ocrx_word' id='word_1_283' title='bbox 1012 1776 1303 1828; x_wconf 73' lang='lat' dir='ltr'>praedecessoris</span> <span class='ocrx_word' id='word_1_284' title='bbox 1334 1776 1452 1814; x_wconf 89' lang='lat' dir='ltr'>nostri</span> <span class='ocrx_word' id='word_1_285' title='bbox 1486 1777 1576 1814; x_wconf 89' lang='lat' dir='ltr'>Julii</span> <span class='ocrx_word' id='word_1_286' title='bbox 1607 1780 1681 1814; x_wconf 90' lang='grc' dir='ltr'>ΡΡ.</span> <span class='ocrx_word' id='word_1_287' title='bbox 1706 1776 1834 1822; x_wconf 87' lang='lat' dir='ltr'>tertii,</span> <span class='ocrx_word' id='word_1_288' title='bbox 1857 1789 1994 1826; x_wconf 90' lang='lat' dir='ltr'>quem-</span> 
     </span>
     <span class='ocr_line' id='line_1_29' title="bbox 146 1834 1996 1887; baseline -0.003 -10"><span class='ocrx_word' id='word_1_289' title='bbox 146 1839 355 1877; x_wconf 87' lang='lat' dir='ltr'>admodum</span> <span class='ocrx_word' id='word_1_290' title='bbox 383 1837 422 1874; x_wconf 88' lang='lat' dir='ltr'>in</span> <span class='ocrx_word' id='word_1_291' title='bbox 446 1835 585 1874; x_wconf 89' lang='lat' dir='ltr'>nostris</span> <span class='ocrx_word' id='word_1_292' title='bbox 605 1835 759 1872; x_wconf 87' lang='lat' dir='ltr'>Litteris</span> <span class='ocrx_word' id='word_1_293' title='bbox 781 1835 819 1872; x_wconf 91' lang='lat' dir='ltr'>in</span> <span class='ocrx_word' id='word_1_294' title='bbox 847 1836 968 1872; x_wconf 86' lang='lat' dir='ltr'>forma</span> <span class='ocrx_word' id='word_1_295' title='bbox 989 1835 1122 1873; x_wconf 68' lang='lat' dir='ltr'>Brevis</span> <span class='ocrx_word' id='word_1_296' title='bbox 1148 1836 1220 1873; x_wconf 85' lang='lat' dir='ltr'>hac</span> <span class='ocrx_word' id='word_1_297' title='bbox 1249 1836 1380 1873; x_wconf 85' lang='lat' dir='ltr'>eadem</span> <span class='ocrx_word' id='word_1_298' title='bbox 1401 1836 1463 1873; x_wconf 88' lang='lat' dir='ltr'>die</span> <span class='ocrx_word' id='word_1_299' title='bbox 1486 1836 1597 1884; x_wconf 83' lang='lat' dir='ltr'>datis,</span> <span class='ocrx_word' id='word_1_300' title='bbox 1620 1850 1692 1887; x_wconf 84' lang='lat' dir='ltr'>pro</span> <span class='ocrx_word' id='word_1_301' title='bbox 1722 1849 1858 1874; x_wconf 88' lang='lat' dir='ltr'>eorum</span> <span class='ocrx_word' id='word_1_302' title='bbox 1878 1834 1996 1886; x_wconf 90' lang='lat' dir='ltr'>spiri-</span> 
     </span>
     <span class='ocr_line' id='line_1_30' title="bbox 146 1895 641 1947; baseline -0.006 -11"><span class='ocrx_word' id='word_1_303' title='bbox 146 1899 239 1936; x_wconf 82' lang='lat' dir='ltr'>tuali</span> <span class='ocrx_word' id='word_1_304' title='bbox 255 1898 375 1935; x_wconf 88' lang='lat' dir='ltr'>salute</span> <span class='ocrx_word' id='word_1_305' title='bbox 396 1895 620 1947; x_wconf 70' lang='lat' dir='ltr'>providetur</span> <span class='ocrx_word' id='word_1_306' title='bbox 632 1925 641 1933; x_wconf 94' lang='lat'><strong>.</strong></span> 
     </span>
    </p>
   </div>
   <div class='ocr_carea' id='block_1_3' title="bbox 147 2011 2001 2596">
    <p class='ocr_par' dir='ltr' id='par_1_4' title="bbox 147 2011 2001 2596">
     <span class='ocr_line' id='line_1_31' title="bbox 200 2011 2000 2064; baseline -0.002 -12"><span class='ocrx_word' id='word_1_307' title='bbox 200 2018 401 2053; x_wconf 76' lang='lat' dir='ltr'>Monemus</span> <span class='ocrx_word' id='word_1_308' title='bbox 423 2022 461 2051; x_wconf 85' lang='lat' dir='ltr'>et</span> <span class='ocrx_word' id='word_1_309' title='bbox 481 2013 683 2050; x_wconf 87' lang='lat' dir='ltr'>hortamur</span> <span class='ocrx_word' id='word_1_310' title='bbox 702 2013 740 2048; x_wconf 90' lang='lat' dir='ltr'>in</span> <span class='ocrx_word' id='word_1_311' title='bbox 763 2011 929 2049; x_wconf 90' lang='lat' dir='ltr'>Domino</span> <span class='ocrx_word' id='word_1_312' title='bbox 954 2025 1085 2049; x_wconf 90' lang='lat' dir='ltr'>omnes</span> <span class='ocrx_word' id='word_1_313' title='bbox 1109 2020 1146 2048; x_wconf 84' lang='lat' dir='ltr'>et</span> <span class='ocrx_word' id='word_1_314' title='bbox 1170 2011 1339 2061; x_wconf 79' lang='lat' dir='ltr'>singulos</span> <span class='ocrx_word' id='word_1_315' title='bbox 1362 2011 1701 2064; x_wconf 83' lang='lat' dir='ltr'>Archiepiscopos,</span> <span class='ocrx_word' id='word_1_316' title='bbox 1724 2011 1933 2064; x_wconf 84' lang='lat' dir='ltr'>Episcopos</span> <span class='ocrx_word' id='word_1_317' title='bbox 1960 2020 2000 2049; x_wconf 90' lang='lat' dir='ltr'>et</span> 
     </span>
     <span class='ocr_line' id='line_1_32' title="bbox 147 2070 1998 2122; baseline -0.003 -9"><span class='ocrx_word' id='word_1_318' title='bbox 147 2076 322 2113; x_wconf 90' lang='lat' dir='ltr'>locorum</span> <span class='ocrx_word' id='word_1_319' title='bbox 339 2071 564 2110; x_wconf 87' lang='lat' dir='ltr'>Ordinarios</span> <span class='ocrx_word' id='word_1_320' title='bbox 582 2073 691 2119; x_wconf 80' lang='lat' dir='ltr'>juxta</span> <span class='ocrx_word' id='word_1_321' title='bbox 710 2085 850 2108; x_wconf 81' lang='lat' dir='ltr'>novam</span> <span class='ocrx_word' id='word_1_322' title='bbox 867 2071 1154 2109; x_wconf 90' lang='lat' dir='ltr'>Gallicanarum</span> <span class='ocrx_word' id='word_1_323' title='bbox 1168 2070 1391 2108; x_wconf 80' lang='lat' dir='ltr'>dioecesium</span> <span class='ocrx_word' id='word_1_324' title='bbox 1403 2071 1802 2122; x_wconf 86' lang='lat' dir='ltr'>circumscriptionem</span> <span class='ocrx_word' id='word_1_325' title='bbox 1813 2070 1998 2109; x_wconf 91' lang='lat' dir='ltr'>canonice</span> 
     </span>
     <span class='ocr_line' id='line_1_33' title="bbox 147 2129 1998 2182; baseline -0.003 -11"><span class='ocrx_word' id='word_1_326' title='bbox 147 2134 416 2178; x_wconf 90' lang='lat' dir='ltr'>instituendos,</span> <span class='ocrx_word' id='word_1_327' title='bbox 441 2145 651 2181; x_wconf 87' lang='lat' dir='ltr'>eorumque</span> <span class='ocrx_word' id='word_1_328' title='bbox 672 2144 924 2177; x_wconf 86' lang='lat' dir='ltr'>successores,</span> <span class='ocrx_word' id='word_1_329' title='bbox 946 2130 1116 2180; x_wconf 83' lang='lat' dir='ltr'>itemque</span> <span class='ocrx_word' id='word_1_330' title='bbox 1142 2131 1345 2182; x_wconf 87' lang='lat' dir='ltr'>parachos,</span> <span class='ocrx_word' id='word_1_331' title='bbox 1376 2130 1548 2181; x_wconf 90' lang='lat' dir='ltr'>aliosque</span> <span class='ocrx_word' id='word_1_332' title='bbox 1576 2132 1796 2168; x_wconf 87' lang='lat' dir='ltr'>sacerdotes</span> <span class='ocrx_word' id='word_1_333' title='bbox 1822 2129 1861 2167; x_wconf 91' lang='lat' dir='ltr'>in</span> <span class='ocrx_word' id='word_1_334' title='bbox 1884 2130 1998 2167; x_wconf 86' lang='lat' dir='ltr'>vinea</span> 
     </span>
     <span class='ocr_line' id='line_1_34' title="bbox 149 2189 1997 2244; baseline -0.003 -13"><span class='ocrx_word' id='word_1_335' title='bbox 149 2193 305 2231; x_wconf 88' lang='lat' dir='ltr'>Domini</span> <span class='ocrx_word' id='word_1_336' title='bbox 324 2190 540 2244; x_wconf 87' lang='lat' dir='ltr'>operarios,</span> <span class='ocrx_word' id='word_1_337' title='bbox 563 2200 605 2228; x_wconf 87' lang='lat' dir='ltr'>ut</span> <span class='ocrx_word' id='word_1_338' title='bbox 618 2192 699 2228; x_wconf 90' lang='lat' dir='ltr'>zelo</span> <span class='ocrx_word' id='word_1_339' title='bbox 719 2190 930 2228; x_wconf 88' lang='lat' dir='ltr'>secundum</span> <span class='ocrx_word' id='word_1_340' title='bbox 949 2190 1159 2237; x_wconf 88' lang='lat' dir='ltr'>scientiam,</span> <span class='ocrx_word' id='word_1_341' title='bbox 1184 2204 1261 2227; x_wconf 90' lang='lat' dir='ltr'>non</span> <span class='ocrx_word' id='word_1_342' title='bbox 1281 2189 1320 2226; x_wconf 90' lang='lat' dir='ltr'>in</span> <span class='ocrx_word' id='word_1_343' title='bbox 1339 2190 1657 2237; x_wconf 88' lang='lat' dir='ltr'>destructionem,</span> <span class='ocrx_word' id='word_1_344' title='bbox 1685 2190 1752 2227; x_wconf 90' lang='lat' dir='ltr'>sed</span> <span class='ocrx_word' id='word_1_345' title='bbox 1771 2189 1811 2226; x_wconf 90' lang='lat' dir='ltr'>in</span> <span class='ocrx_word' id='word_1_346' title='bbox 1828 2189 1997 2227; x_wconf 87' lang='lat' dir='ltr'>aedifica-</span> 
     </span>
     <span class='ocr_line' id='line_1_35' title="bbox 149 2247 1998 2301; baseline -0.003 -12"><span class='ocrx_word' id='word_1_347' title='bbox 149 2253 295 2290; x_wconf 89' lang='lat' dir='ltr'>tionem</span> <span class='ocrx_word' id='word_1_348' title='bbox 312 2260 475 2296; x_wconf 88' lang='lat' dir='ltr'>utentes,</span> <span class='ocrx_word' id='word_1_349' title='bbox 496 2264 539 2287; x_wconf 90' lang='lat' dir='ltr'>ac</span> <span class='ocrx_word' id='word_1_350' title='bbox 559 2264 639 2301; x_wconf 85' lang='lat' dir='ltr'>prae</span> <span class='ocrx_word' id='word_1_351' title='bbox 656 2248 778 2286; x_wconf 89' lang='lat' dir='ltr'>oculis</span> <span class='ocrx_word' id='word_1_352' title='bbox 797 2249 980 2286; x_wconf 85' lang='lat' dir='ltr'>habentes</span> <span class='ocrx_word' id='word_1_353' title='bbox 1000 2262 1039 2286; x_wconf 89' lang='lat' dir='ltr'>se</span> <span class='ocrx_word' id='word_1_354' title='bbox 1059 2248 1254 2286; x_wconf 90' lang='lat' dir='ltr'>ministros</span> <span class='ocrx_word' id='word_1_355' title='bbox 1269 2262 1350 2286; x_wconf 89' lang='lat' dir='ltr'>esse</span> <span class='ocrx_word' id='word_1_356' title='bbox 1373 2249 1527 2295; x_wconf 83' lang='lat' dir='ltr'>Christi,</span> <span class='ocrx_word' id='word_1_357' title='bbox 1547 2250 1616 2299; x_wconf 86' lang='lat' dir='ltr'>qui</span> <span class='ocrx_word' id='word_1_358' title='bbox 1635 2263 1656 2286; x_wconf 88' lang='lat' dir='ltr'>a</span> <span class='ocrx_word' id='word_1_359' title='bbox 1676 2249 1867 2300; x_wconf 89' lang='lat' dir='ltr'>propheta</span> <span class='ocrx_word' id='word_1_360' title='bbox 1886 2247 1998 2300; x_wconf 90' lang='lat' dir='ltr'>prin-</span> 
     </span>
     <span class='ocr_line' id='line_1_36' title="bbox 150 2307 1998 2363; baseline -0.003 -14"><span class='ocrx_word' id='word_1_361' title='bbox 150 2325 240 2363; x_wconf 92' lang='lat' dir='ltr'>ceps</span> <span class='ocrx_word' id='word_1_362' title='bbox 269 2310 371 2361; x_wconf 89' lang='lat' dir='ltr'>pacis</span> <span class='ocrx_word' id='word_1_363' title='bbox 396 2308 687 2361; x_wconf 85' lang='lat' dir='ltr'>cognominatus</span> <span class='ocrx_word' id='word_1_364' title='bbox 716 2316 785 2353; x_wconf 91' lang='lat' dir='ltr'>est,</span> <span class='ocrx_word' id='word_1_365' title='bbox 811 2307 955 2357; x_wconf 90' lang='lat' dir='ltr'>quique</span> <span class='ocrx_word' id='word_1_366' title='bbox 987 2307 1213 2345; x_wconf 84' lang='lat' dir='ltr'>transiturus</span> <span class='ocrx_word' id='word_1_367' title='bbox 1239 2308 1286 2344; x_wconf 92' lang='lat' dir='ltr'>de</span> <span class='ocrx_word' id='word_1_368' title='bbox 1321 2308 1559 2344; x_wconf 82' lang='lat' dir='ltr'>boemundo</span> <span class='ocrx_word' id='word_1_369' title='bbox 1591 2308 1640 2344; x_wconf 89' lang='lat' dir='ltr'>ad</span> <span class='ocrx_word' id='word_1_370' title='bbox 1666 2311 1832 2355; x_wconf 88' lang='lat' dir='ltr'>Patrem,</span> <span class='ocrx_word' id='word_1_371' title='bbox 1864 2319 1998 2358; x_wconf 87' lang='lat' dir='ltr'>pacem</span> 
     </span>
     <span class='ocr_line' id='line_1_37' title="bbox 150 2365 1998 2420; baseline -0.003 -13"><span class='ocrx_word' id='word_1_372' title='bbox 150 2379 332 2419; x_wconf 89' lang='lat' dir='ltr'>tanquam</span> <span class='ocrx_word' id='word_1_373' title='bbox 358 2369 557 2420; x_wconf 84' lang='lat' dir='ltr'>propriam</span> <span class='ocrx_word' id='word_1_374' title='bbox 584 2365 850 2404; x_wconf 75' lang='lat' dir='ltr'>haereditatem</span> <span class='ocrx_word' id='word_1_375' title='bbox 867 2366 1062 2417; x_wconf 88' lang='lat' dir='ltr'>Apostolis</span> <span class='ocrx_word' id='word_1_376' title='bbox 1092 2375 1129 2404; x_wconf 91' lang='lat' dir='ltr'>et</span> <span class='ocrx_word' id='word_1_377' title='bbox 1150 2366 1346 2418; x_wconf 89' lang='lat' dir='ltr'>discipulis</span> <span class='ocrx_word' id='word_1_378' title='bbox 1367 2367 1444 2403; x_wconf 90' lang='lat' dir='ltr'>suis</span> <span class='ocrx_word' id='word_1_379' title='bbox 1471 2366 1640 2416; x_wconf 84' lang='lat' dir='ltr'>reliquit,</span> <span class='ocrx_word' id='word_1_380' title='bbox 1670 2375 1712 2403; x_wconf 90' lang='lat' dir='ltr'>ut</span> <span class='ocrx_word' id='word_1_381' title='bbox 1737 2379 1871 2403; x_wconf 89' lang='lat' dir='ltr'>omnes</span> <span class='ocrx_word' id='word_1_382' title='bbox 1896 2365 1998 2402; x_wconf 89' lang='lat' dir='ltr'>idem</span> 
     </span>
     <span class='ocr_line' id='line_1_38' title="bbox 151 2424 2001 2477; baseline -0.002 -11"><span class='ocrx_word' id='word_1_383' title='bbox 151 2429 330 2474; x_wconf 86' lang='lat' dir='ltr'>sentiant,</span> <span class='ocrx_word' id='word_1_384' title='bbox 357 2427 579 2477; x_wconf 87' lang='lat' dir='ltr'>collatisque</span> <span class='ocrx_word' id='word_1_385' title='bbox 599 2425 638 2462; x_wconf 91' lang='lat' dir='ltr'>in</span> <span class='ocrx_word' id='word_1_386' title='bbox 667 2439 788 2463; x_wconf 86' lang='lat' dir='ltr'>unum</span> <span class='ocrx_word' id='word_1_387' title='bbox 815 2424 948 2462; x_wconf 89' lang='lat' dir='ltr'>studiis</span> <span class='ocrx_word' id='word_1_388' title='bbox 973 2439 1018 2462; x_wconf 86' lang='lat' dir='ltr'>ea</span> <span class='ocrx_word' id='word_1_389' title='bbox 1045 2438 1130 2475; x_wconf 87' lang='lat' dir='ltr'>quae</span> <span class='ocrx_word' id='word_1_390' title='bbox 1161 2425 1264 2476; x_wconf 88' lang='lat' dir='ltr'>pacis</span> <span class='ocrx_word' id='word_1_391' title='bbox 1291 2434 1392 2471; x_wconf 88' lang='lat' dir='ltr'>sunt,</span> <span class='ocrx_word' id='word_1_392' title='bbox 1426 2434 1558 2462; x_wconf 86' lang='lat' dir='ltr'>ament</span> <span class='ocrx_word' id='word_1_393' title='bbox 1584 2434 1702 2475; x_wconf 91' lang='lat' dir='ltr'>atque</span> <span class='ocrx_word' id='word_1_394' title='bbox 1724 2433 1932 2472; x_wconf 88' lang='lat' dir='ltr'>sectentur,</span> <span class='ocrx_word' id='word_1_395' title='bbox 1963 2433 2001 2462; x_wconf 85' lang='lat' dir='ltr'>et</span> 
     </span>
     <span class='ocr_line' id='line_1_39' title="bbox 152 2483 2001 2538; baseline -0.002 -13"><span class='ocrx_word' id='word_1_396' title='bbox 152 2500 402 2538; x_wconf 63' lang='lat' dir='ltr'>quaecumque</span> <span class='ocrx_word' id='word_1_397' title='bbox 421 2495 462 2522; x_wconf 90' lang='lat' dir='ltr'>ut</span> <span class='ocrx_word' id='word_1_398' title='bbox 475 2486 675 2536; x_wconf 81' lang='lat' dir='ltr'>praefertur</span> <span class='ocrx_word' id='word_1_399' title='bbox 695 2497 889 2532; x_wconf 85' lang='lat' dir='ltr'>concessa,</span> <span class='ocrx_word' id='word_1_400' title='bbox 911 2492 1049 2521; x_wconf 87' lang='lat' dir='ltr'>statuta</span> <span class='ocrx_word' id='word_1_401' title='bbox 1072 2492 1108 2521; x_wconf 90' lang='lat' dir='ltr'>et</span> <span class='ocrx_word' id='word_1_402' title='bbox 1127 2484 1359 2521; x_wconf 81' lang='lat' dir='ltr'>concordata</span> <span class='ocrx_word' id='word_1_403' title='bbox 1382 2485 1555 2531; x_wconf 87' lang='lat' dir='ltr'>fuerunt,</span> <span class='ocrx_word' id='word_1_404' title='bbox 1579 2493 1759 2522; x_wconf 88' lang='lat' dir='ltr'>accurate</span> <span class='ocrx_word' id='word_1_405' title='bbox 1779 2492 1817 2522; x_wconf 90' lang='lat' dir='ltr'>et</span> <span class='ocrx_word' id='word_1_406' title='bbox 1839 2483 2001 2534; x_wconf 82' lang='lat' dir='ltr'>diligen-</span> 
     </span>
     <span class='ocr_line' id='line_1_40' title="bbox 154 2543 764 2596; baseline -0.01 -10"><span class='ocrx_word' id='word_1_407' title='bbox 154 2558 212 2586; x_wconf 88' lang='lat' dir='ltr'>ter</span> <span class='ocrx_word' id='word_1_408' title='bbox 232 2555 385 2584; x_wconf 81' lang='lat' dir='ltr'>servent</span> <span class='ocrx_word' id='word_1_409' title='bbox 399 2554 512 2596; x_wconf 88' lang='lat' dir='ltr'>atque</span> <span class='ocrx_word' id='word_1_410' title='bbox 534 2543 764 2581; x_wconf 88' lang='lat' dir='ltr'>custodiant.</span> 
     </span>
    </p>
   </div>
   <div class='ocr_carea' id='block_1_4' title="bbox 155 2661 2002 3247">
    <p class='ocr_par' dir='ltr' id='par_1_5' title="bbox 155 2661 2002 3247">
     <span class='ocr_line' id='line_1_41' title="bbox 206 2661 2001 2714; baseline -0.001 -12"><span class='ocrx_word' id='word_1_411' title='bbox 206 2668 463 2702; x_wconf 87' lang='lat' dir='ltr'>Decernentes</span> <span class='ocrx_word' id='word_1_412' title='bbox 484 2664 635 2700; x_wconf 85' lang='lat' dir='ltr'>easdem</span> <span class='ocrx_word' id='word_1_413' title='bbox 662 2671 867 2713; x_wconf 75' lang='lat' dir='ltr'>praesentes</span> <span class='ocrx_word' id='word_1_414' title='bbox 886 2662 1048 2699; x_wconf 79' lang='lat' dir='ltr'>Litteras</span> <span class='ocrx_word' id='word_1_415' title='bbox 1074 2662 1179 2699; x_wconf 89' lang='lat' dir='ltr'>nullo</span> <span class='ocrx_word' id='word_1_416' title='bbox 1200 2676 1369 2714; x_wconf 88' lang='lat' dir='ltr'>unquam</span> <span class='ocrx_word' id='word_1_417' title='bbox 1392 2671 1572 2714; x_wconf 88' lang='lat' dir='ltr'>tempore</span> <span class='ocrx_word' id='word_1_418' title='bbox 1605 2665 1652 2701; x_wconf 86' lang='lat' dir='ltr'>de</span> <span class='ocrx_word' id='word_1_419' title='bbox 1675 2661 1934 2713; x_wconf 85' lang='lat' dir='ltr'>subreptionis</span> <span class='ocrx_word' id='word_1_420' title='bbox 1963 2671 2001 2700; x_wconf 92' lang='lat' dir='ltr'>et</span> 
     </span>
     <span class='ocr_line' id='line_1_42' title="bbox 155 2720 2000 2775; baseline -0.002 -13"><span class='ocrx_word' id='word_1_421' title='bbox 155 2723 408 2775; x_wconf 87' lang='lat' dir='ltr'>obreptionis,</span> <span class='ocrx_word' id='word_1_422' title='bbox 430 2730 496 2759; x_wconf 91' lang='lat' dir='ltr'>aut</span> <span class='ocrx_word' id='word_1_423' title='bbox 514 2721 697 2758; x_wconf 86' lang='lat' dir='ltr'>nullitatis</span> <span class='ocrx_word' id='word_1_424' title='bbox 719 2721 828 2770; x_wconf 65' lang='lat' dir='ltr'>vitio,</span> <span class='ocrx_word' id='word_1_425' title='bbox 848 2722 908 2758; x_wconf 91' lang='lat' dir='ltr'>vel</span> <span class='ocrx_word' id='word_1_426' title='bbox 927 2720 1149 2758; x_wconf 89' lang='lat' dir='ltr'>intentionis</span> <span class='ocrx_word' id='word_1_427' title='bbox 1171 2731 1324 2770; x_wconf 80' lang='lat' dir='ltr'>nostrae,</span> <span class='ocrx_word' id='word_1_428' title='bbox 1349 2730 1413 2758; x_wconf 86' lang='lat' dir='ltr'>aut</span> <span class='ocrx_word' id='word_1_429' title='bbox 1441 2722 1517 2759; x_wconf 91' lang='lat' dir='ltr'>alio</span> <span class='ocrx_word' id='word_1_430' title='bbox 1542 2735 1802 2773; x_wconf 83' lang='lat' dir='ltr'>quocumque,</span> <span class='ocrx_word' id='word_1_431' title='bbox 1825 2721 2000 2772; x_wconf 70' lang='lat' dir='ltr'>quamvis</span> 
     </span>
     <span class='ocr_line' id='line_1_43' title="bbox 156 2779 2002 2834; baseline -0.002 -13"><span class='ocrx_word' id='word_1_432' title='bbox 156 2796 296 2833; x_wconf 82' lang='lat' dir='ltr'>magno</span> <span class='ocrx_word' id='word_1_433' title='bbox 317 2790 354 2819; x_wconf 92' lang='lat' dir='ltr'>et</span> <span class='ocrx_word' id='word_1_434' title='bbox 370 2779 628 2829; x_wconf 75' lang='lat' dir='ltr'>inexcogitato</span> <span class='ocrx_word' id='word_1_435' title='bbox 644 2780 807 2827; x_wconf 82' lang='lat' dir='ltr'>defectu,</span> <span class='ocrx_word' id='word_1_436' title='bbox 830 2780 957 2818; x_wconf 90' lang='lat' dir='ltr'>notari</span> <span class='ocrx_word' id='word_1_437' title='bbox 977 2789 1042 2817; x_wconf 89' lang='lat' dir='ltr'>aut</span> <span class='ocrx_word' id='word_1_438' title='bbox 1058 2780 1274 2831; x_wconf 85' lang='lat' dir='ltr'>impugnari</span> <span class='ocrx_word' id='word_1_439' title='bbox 1294 2794 1420 2833; x_wconf 85' lang='lat' dir='ltr'>posse,</span> <span class='ocrx_word' id='word_1_440' title='bbox 1444 2782 1511 2818; x_wconf 89' lang='lat' dir='ltr'>sed</span> <span class='ocrx_word' id='word_1_441' title='bbox 1529 2796 1682 2834; x_wconf 87' lang='lat' dir='ltr'>semper</span> <span class='ocrx_word' id='word_1_442' title='bbox 1698 2783 1840 2829; x_wconf 86' lang='lat' dir='ltr'>firmas,</span> <span class='ocrx_word' id='word_1_443' title='bbox 1858 2781 2002 2818; x_wconf 81' lang='lat' dir='ltr'>validas</span> 
     </span>
     <span class='ocr_line' id='line_1_44' title="bbox 158 2839 2001 2892; baseline 0.001 -15"><span class='ocrx_word' id='word_1_444' title='bbox 158 2851 195 2879; x_wconf 82' lang='lat' dir='ltr'>et</span> <span class='ocrx_word' id='word_1_445' title='bbox 214 2841 384 2879; x_wconf 85' lang='lat' dir='ltr'>efficaces</span> <span class='ocrx_word' id='word_1_446' title='bbox 408 2839 570 2877; x_wconf 84' lang='lat' dir='ltr'>existere</span> <span class='ocrx_word' id='word_1_447' title='bbox 593 2847 630 2875; x_wconf 90' lang='lat' dir='ltr'>et</span> <span class='ocrx_word' id='word_1_448' title='bbox 655 2839 750 2885; x_wconf 90' lang='lat' dir='ltr'>sore,</span> <span class='ocrx_word' id='word_1_449' title='bbox 778 2853 941 2890; x_wconf 87' lang='lat' dir='ltr'>suosque</span> <span class='ocrx_word' id='word_1_450' title='bbox 960 2839 1152 2892; x_wconf 86' lang='lat' dir='ltr'>plenarios</span> <span class='ocrx_word' id='word_1_451' title='bbox 1174 2848 1212 2877; x_wconf 86' lang='lat' dir='ltr'>et</span> <span class='ocrx_word' id='word_1_452' title='bbox 1231 2839 1401 2890; x_wconf 78' lang='lat' dir='ltr'>integros</span> <span class='ocrx_word' id='word_1_453' title='bbox 1427 2840 1585 2879; x_wconf 79' lang='lat' dir='ltr'>effectus</span> <span class='ocrx_word' id='word_1_454' title='bbox 1607 2841 1745 2879; x_wconf 88' lang='lat' dir='ltr'>sortire</span> <span class='ocrx_word' id='word_1_455' title='bbox 1769 2850 1806 2878; x_wconf 92' lang='lat' dir='ltr'>et</span> <span class='ocrx_word' id='word_1_456' title='bbox 1826 2841 2001 2878; x_wconf 88' lang='lat' dir='ltr'>obtinere</span> 
     </span>
     <span class='ocr_line' id='line_1_45' title="bbox 159 2897 2002 2952; baseline -0.001 -14"><span class='ocrx_word' id='word_1_457' title='bbox 159 2913 197 2938; x_wconf 83' lang='lat' dir='ltr'>et</span> <span class='ocrx_word' id='word_1_458' title='bbox 210 2898 482 2936; x_wconf 75' lang='lat' dir='ltr'>inviolabiliter</span> <span class='ocrx_word' id='word_1_459' title='bbox 502 2898 696 2934; x_wconf 69' lang='lat' dir='ltr'>observari</span> <span class='ocrx_word' id='word_1_460' title='bbox 715 2897 868 2935; x_wconf 83' lang='lat' dir='ltr'>debere.</span> <span class='ocrx_word' id='word_1_461' title='bbox 887 2901 971 2936; x_wconf 73' lang='lat' dir='ltr'>Non</span> <span class='ocrx_word' id='word_1_462' title='bbox 997 2898 1236 2936; x_wconf 88' lang='lat' dir='ltr'>obstantibus</span> <span class='ocrx_word' id='word_1_463' title='bbox 1256 2899 1504 2949; x_wconf 72' lang='lat' dir='ltr'>synodalibus</span> <span class='ocrx_word' id='word_1_464' title='bbox 1526 2910 1563 2938; x_wconf 89' lang='lat' dir='ltr'>et</span> <span class='ocrx_word' id='word_1_465' title='bbox 1586 2900 1904 2952; x_wconf 80' lang='lat' dir='ltr'>provincialibus,</span> <span class='ocrx_word' id='word_1_466' title='bbox 1930 2904 2002 2950; x_wconf 73' lang='lat' dir='ltr'>ge-&#39;</span> 
     </span>
     <span class='ocr_line' id='line_1_46' title="bbox 158 2955 1999 3011; baseline -0.001 -14"><span class='ocrx_word' id='word_1_467' title='bbox 158 2958 427 3009; x_wconf 89' lang='lat' dir='ltr'>neralibusque</span> <span class='ocrx_word' id='word_1_468' title='bbox 450 2955 636 3003; x_wconf 77' lang='lat' dir='ltr'>conciliis,</span> <span class='ocrx_word' id='word_1_469' title='bbox 665 2957 723 2993; x_wconf 67' lang='lat' dir='ltr'>vel</span> <span class='ocrx_word' id='word_1_470' title='bbox 745 2957 971 3007; x_wconf 78' lang='lat' dir='ltr'>specialibus</span> <span class='ocrx_word' id='word_1_471' title='bbox 996 2957 1334 2995; x_wconf 87' lang='lat' dir='ltr'>constitutionibus</span> <span class='ocrx_word' id='word_1_472' title='bbox 1358 2967 1394 2996; x_wconf 89' lang='lat' dir='ltr'>et</span> <span class='ocrx_word' id='word_1_473' title='bbox 1423 2958 1736 2997; x_wconf 81' lang='lat' dir='ltr'>ordinationibus</span> <span class='ocrx_word' id='word_1_474' title='bbox 1765 2958 1999 3011; x_wconf 89' lang='lat' dir='ltr'>apostolicis,</span> 
     </span>
     <span class='ocr_line' id='line_1_47' title="bbox 159 3015 1998 3068; baseline -0.001 -13"><span class='ocrx_word' id='word_1_475' title='bbox 159 3032 204 3055; x_wconf 86' lang='lat' dir='ltr'>ac</span> <span class='ocrx_word' id='word_1_476' title='bbox 219 3017 358 3055; x_wconf 86' lang='lat' dir='ltr'>nostris</span> <span class='ocrx_word' id='word_1_477' title='bbox 380 3026 417 3054; x_wconf 93' lang='lat' dir='ltr'>et</span> <span class='ocrx_word' id='word_1_478' title='bbox 437 3015 673 3054; x_wconf 81' lang='lat' dir='ltr'>cancellariae</span> <span class='ocrx_word' id='word_1_479' title='bbox 693 3015 910 3067; x_wconf 86' lang='lat' dir='ltr'>apostolicae</span> <span class='ocrx_word' id='word_1_480' title='bbox 932 3016 1087 3066; x_wconf 78' lang='lat' dir='ltr'>regulis,</span> <span class='ocrx_word' id='word_1_481' title='bbox 1113 3016 1328 3067; x_wconf 70' lang='lat' dir='ltr'>praesertim</span> <span class='ocrx_word' id='word_1_482' title='bbox 1351 3018 1398 3054; x_wconf 92' lang='lat' dir='ltr'>de</span> <span class='ocrx_word' id='word_1_483' title='bbox 1419 3018 1504 3065; x_wconf 85' lang='lat' dir='ltr'>jure</span> <span class='ocrx_word' id='word_1_484' title='bbox 1526 3018 1687 3068; x_wconf 66' lang='lat' dir='ltr'>qnzesito</span> <span class='ocrx_word' id='word_1_485' title='bbox 1713 3032 1791 3055; x_wconf 91' lang='lat' dir='ltr'>non</span> <span class='ocrx_word' id='word_1_486' title='bbox 1813 3017 1998 3064; x_wconf 88' lang='lat' dir='ltr'>tollendo,</span> 
     </span>
     <span class='ocr_line' id='line_1_48' title="bbox 159 3075 2000 3128; baseline -0.001 -14"><span class='ocrx_word' id='word_1_487' title='bbox 159 3090 310 3115; x_wconf 91' lang='lat' dir='ltr'>necnon</span> <span class='ocrx_word' id='word_1_488' title='bbox 333 3089 573 3127; x_wconf 87' lang='lat' dir='ltr'>quarumque</span> <span class='ocrx_word' id='word_1_489' title='bbox 597 3075 858 3122; x_wconf 87' lang='lat' dir='ltr'>ecclesiarum,</span> <span class='ocrx_word' id='word_1_490' title='bbox 889 3075 1160 3126; x_wconf 82' lang='lat' dir='ltr'>capitulorum,</span> <span class='ocrx_word' id='word_1_491' title='bbox 1190 3077 1532 3124; x_wconf 83' lang='lat' dir='ltr'>monasteriorum,</span> <span class='ocrx_word' id='word_1_492' title='bbox 1559 3078 1799 3128; x_wconf 86' lang='lat' dir='ltr'>aliorumque</span> <span class='ocrx_word' id='word_1_493' title='bbox 1827 3078 2000 3114; x_wconf 86' lang='lat' dir='ltr'>locorum</span> 
     </span>
     <span class='ocr_line' id='line_1_49' title="bbox 160 3134 1999 3187; baseline -0.002 -14"><span class='ocrx_word' id='word_1_494' title='bbox 160 3136 312 3187; x_wconf 88' lang='lat' dir='ltr'>piorum</span> <span class='ocrx_word' id='word_1_495' title='bbox 334 3135 633 3185; x_wconf 77' lang='lat' dir='ltr'>fundationibus,</span> <span class='ocrx_word' id='word_1_496' title='bbox 656 3135 769 3172; x_wconf 78' lang='lat' dir='ltr'>etiam</span> <span class='ocrx_word' id='word_1_497' title='bbox 788 3135 1078 3172; x_wconf 76' lang='lat' dir='ltr'>confirmatione</span> <span class='ocrx_word' id='word_1_498' title='bbox 1098 3135 1321 3187; x_wconf 83' lang='lat' dir='ltr'>apostolica,</span> <span class='ocrx_word' id='word_1_499' title='bbox 1347 3137 1406 3174; x_wconf 89' lang='lat' dir='ltr'>vel</span> <span class='ocrx_word' id='word_1_500' title='bbox 1427 3137 1565 3187; x_wconf 85' lang='lat' dir='ltr'>quavis</span> <span class='ocrx_word' id='word_1_501' title='bbox 1587 3138 1767 3174; x_wconf 87' lang='lat' dir='ltr'>firmitate</span> <span class='ocrx_word' id='word_1_502' title='bbox 1784 3135 1859 3173; x_wconf 90' lang='lat' dir='ltr'>alia</span> <span class='ocrx_word' id='word_1_503' title='bbox 1880 3134 1999 3172; x_wconf 89' lang='lat' dir='ltr'>robo-</span> 
     </span>
     <span class='ocr_line' id='line_1_50' title="bbox 162 3192 2002 3247; baseline -0.002 -16"><span class='ocrx_word' id='word_1_504' title='bbox 162 3195 275 3243; x_wconf 83' lang='lat' dir='ltr'>ratis3</span> <span class='ocrx_word' id='word_1_505' title='bbox 299 3194 509 3246; x_wconf 69' lang='lat' dir='ltr'>privilegiis</span> <span class='ocrx_word' id='word_1_506' title='bbox 535 3207 705 3244; x_wconf 85' lang='lat' dir='ltr'>quoque,</span> <span class='ocrx_word' id='word_1_507' title='bbox 733 3193 888 3231; x_wconf 90' lang='lat' dir='ltr'>indultis</span> <span class='ocrx_word' id='word_1_508' title='bbox 913 3202 949 3231; x_wconf 91' lang='lat' dir='ltr'>et</span> <span class='ocrx_word' id='word_1_509' title='bbox 978 3193 1112 3232; x_wconf 87' lang='lat' dir='ltr'>litteris</span> <span class='ocrx_word' id='word_1_510' title='bbox 1139 3194 1358 3246; x_wconf 85' lang='lat' dir='ltr'>apostolicis</span> <span class='ocrx_word' id='word_1_511' title='bbox 1382 3196 1421 3233; x_wconf 89' lang='lat' dir='ltr'>in</span> <span class='ocrx_word' id='word_1_512' title='bbox 1451 3196 1692 3235; x_wconf 87' lang='lat' dir='ltr'>contrarium</span> <span class='ocrx_word' id='word_1_513' title='bbox 1714 3192 2002 3247; x_wconf 85' lang='lat' dir='ltr'>quomodolibet</span> 
     </span>
    </p>
   </div>
  </div>
 </body>
</html>
