2135 3442
134 163 211 201 392
751 157 1068 195 ALLOCUTION
1095 159 1160 194 DE
1188 158 1266 194 PIE
1294 158 1366 193 IX.

138 263 296 306 copum
333 246 388 287 ab
421 245 546 287 exilio
584 245 901 303 quamprimum
936 256 1181 287 revocatum
1219 243 1284 286 iri.
1319 242 1441 285 Faxit
1480 244 1615 298 Deus,
1654 254 1700 285 ut
1736 244 1976 300 hujusmodi

137 313 302 354 Nostrae
324 326 419 369 spes
441 309 615 352 minime
640 309 723 352 sint
743 309 923 352 fallaces!

197 377 288 417 Nos
316 387 428 418 certe
457 377 547 417 Deo
581 375 810 416 auxiliante
834 389 1071 431 numquam
1097 373 1236 416 officio
1262 374 1417 414 Nostro
1439 371 1664 423 deerimus,
1697 384 1738 415 et
1761 389 1980 431 nunquam

138 441 380 484 desinemus
411 456 558 482 omnes
593 439 783 498 perferre
810 439 995 489 labores,
1030 454 1177 480 omnes
1205 438 1416 496 suscipere
1444 453 1581 490 curas,
1612 438 1753 479 omnia
1779 438 1980 481 adhibere

139 505 290 556 studia,
314 517 362 548 ut
376 505 572 548 Ecclesiae
596 520 764 546 causam
783 503 919 545 Nobis
943 503 1140 545 divinitus
1172 503 1440 545 commissam
1465 519 1545 561 pro
1573 503 1809 560 Apostolici
1837 503 1980 545 Nostri

138 571 326 613 muneris
348 571 492 613 debito
523 570 698 611 viriliter
730 581 924 610 tueamur
956 585 1003 610 ac
1029 584 1361 628 propugnemus.
1397 570 1563 610 Interea
1589 584 1689 610 vero
1719 584 1804 610 una
1830 568 1985 610 Vobis-

139 652 249 686 cum⁷
279 635 554 678 venerabiles
587 636 773 685 Fratres,
803 633 991 675 levantes
1024 649 1095 675 cor
1125 645 1166 675 et
1192 633 1335 675 oculos
1364 633 1544 675 Nostros
1567 633 1610 674 in
1632 645 1826 675 montem
1842 633 1982 675 excel-

139 717 234 743 sum
251 712 293 742 et
310 711 518 751 sanctum,
545 699 656 741 unde
685 714 811 740 omne
834 698 970 740 Nobis
992 699 1194 740 auxilium
1218 698 1448 740 affuturum
1469 698 1734 754 confidimus,
1763 712 1982 755 nunquam

140 765 467 807 intermittemus
507 764 594 806 dies
633 774 864 820 noctesque
909 763 1088 804 assiduis
1125 763 1345 821 precibus,
1388 764 1701 822 gemitibusque
1740 762 1982 805 misericor—

142 830 309 871 diarum
334 830 502 871 Patrem
532 840 574 870 et
602 830 741 870 Deum
767 829 899 869 totius
928 828 1230 870 consolationis
1257 845 1394 880 orare,
1432 841 1474 871 et
1500 830 1738 879 obsecrare,
1768 840 1814 870 ut
1842 827 1983 869 omni-

140 894 305 952 potenti
347 910 421 936 sua
449 895 601 935 virtuto
635 893 866 934 Ecclesiam
897 909 1015 935 suam
1056 904 1245 934 sanctam
1278 909 1301 934 a
1333 894 1474 948 tantis,
1505 895 1659 951 quibus
1692 904 1784 934 tum
1811 892 1855 934 in
1883 892 1980 944 illis,

140 970 231 1001 tum
259 959 303 1000 in
332 959 421 1000 aliis
451 958 697 1016 regionibus
727 957 953 999 afflictatur
979 957 1305 1010 calamitatibus,
1341 959 1556 1010 defendat,
1592 959 1755 1017 eripiat,
1782 974 1829 1000 ac
1861 957 1985 999 simul

144 1023 343 1082 dignetur
371 1023 527 1065 coelesti
560 1039 633 1064 sua
664 1022 798 1081 gratia
831 1023 960 1081 ipsius
995 1022 1190 1064 Ecclesiae
1226 1022 1496 1064 inimicorum
1523 1024 1702 1075 animos,
1736 1034 1984 1079 mentesque

142 1088 380 1139 illustrare‚·
393 1104 653 1146 expugnare,
682 1103 840 1145 eosque
873 1088 924 1130 de
951 1087 1178 1146 impietatis
1213 1099 1257 1129 et
1284 1088 1534 1146 perditionis
1562 1089 1627 1131 via
1663 1089 1716 1130 ad
1740 1087 1910 1145 justitiae
1939 1102 1984 1128 ae

139 1154 285 1197 salutis
304 1154 474 1197 semitas
495 1154 715 1196 reducere.
