2135 3442
169 127 244 164 ,⁶274
777 123 1090 160 ALLOCUTION
1117 125 1181 160 DE
1209 125 1288 161 PIE
1318 125 1388 160 IX.

169 220 211 249 et
227 206 280 249 ad
295 206 434 248 sinum
451 204 697 265 confugiant
710 207 870 249 Sanctae
883 207 1032 249 Matris
1043 207 1254 258 Ecclesiae,
1271 218 1397 264 atque
1412 207 1467 248 ad
1482 207 1592 249 hanc
1605 208 1721 251 Petri
1728 211 1996 263 Cathedram,

169 272 213 312 in
237 287 318 330 qua
339 271 530 313 Christus
548 270 734 327 ejusdem
751 272 943 315 Ecclesiae
965 288 1045 314 suae
1065 273 1388 315 fundamentum
1409 271 1564 329 posuit.

228 441 436 499 Denique,
456 442 730 484 venerabiles
749 444 933 493 Fratres,
952 458 1004 484 ne
1019 443 1268 486 desistamus
1280 458 1499 500 umquam,
1513 444 1673 499 majore
1683 458 1768 500 qua
1780 459 2000 501 possumus

169 507 442 549 contentione
455 506 727 558 ,humillimas
742 507 1006 564 fervidasque
1023 508 1348 550 clementissimo
1365 509 1580 549 bonorum
1601 507 1791 549 omnium
1809 507 2001 566 largitori

169 573 261 614 Deo
290 571 493 614 adhibere
513 587 674 630 preces,
697 583 743 613 ut
767 587 844 629 per
870 571 1020 613 merita
1039 572 1255 632 Unigeniti
1285 572 1379 614 Filii
1414 572 1483 614 Sui
1509 571 1681 613 Domini
1714 572 1860 614 Nostri
1877 573 1999 614 Jesu-

169 637 337 688 Christi,
362 638 546 695 Ejusque
563 636 836 678 Sanctissimae
856 635 1388 688 Genitricis,Immaculatae
1409 636 1590 696 Virginis
1611 637 1772 688 Mariae,
1786 653 1834 679 ac
1854 639 2002 679 Beato-

167 718 261 743 rum
281 702 585 760 Apostolorum
607 701 735 754 Petri,
762 712 802 742 et
819 701 955 751 Pauli,
977 701 1251 760 omniumque
1283 714 1528 744 sanctorum
1548 701 1744 744 Coelitum
1768 701 2001 750 Ecclesiam

168 783 285 808 suam
319 777 506 808 sanctam
543 767 594 807 ab
630 766 825 808 omnibus
854 765 1174 808 adversitatibus
1209 767 1376 825 eripiat,
1414 782 1590 824 eamque
1625 767 1783 824 ubique
1812 766 2000 825 gentium

168 831 322 889 ubique
340 842 548 873 terrarum
568 830 800 888 majoribus
824 846 871 872 ac
888 830 1249 889 splendidioribus
1270 832 1489 890 triumphis
1509 843 1684 873 exornet
1700 843 1743 873 et
1761 842 1928 891 augeat,
1955 847 2001 872 ac

167 897 257 937 Nos
276 895 497 938 uberrimis
511 913 592 938 suae
609 895 810 938 bonitatis
823 895 946 938 donis
962 895 1005 936 in
1028 895 1114 937 dies
1131 896 1334 949 cumulet,
1354 908 1395 937 et
1415 896 1697 954 Principibus,
1716 908 1840 954 atque
1856 895 2002 938 Natio-

168 960 292 1002 nibus
313 961 367 1003 de
387 961 523 1003 Nobis
550 961 708 1019 optime
730 959 886 1002 meritis
907 960 1232 1018 amplitudinem
1257 961 1461 1019 rependat
1487 962 1624 1003 omnis
1649 978 1754 1004 verae
1778 960 1999 1012 felicitatis,

168 1036 294 1082 atque
315 1026 510 1068 universo
531 1038 739 1068 terrarum
759 1024 862 1068 Orbi
887 1026 1193 1084 optatissimam
1209 1042 1357 1083 pacem
1377 1026 1592 1085 largiatur.

904 1851 1023 1864 run·—
1034 1855 1086 1864 μω.-
1092 1853 1252 1862 ..ο-η--ι
