2135 3442
137 146 187 183 70
847 140 974 175 BREF
1004 140 1068 175 DE
1097 139 1177 174 PIE
1206 138 1269 173 VI.

201 228 397 287 Sequitur
419 229 508 283 jam
541 227 621 268 alia
653 237 838 276 mutatae,
871 242 944 267 seu
973 224 1116 283 potius
1147 238 1296 266 eversae
1328 220 1557 278 disciplinae
1586 219 1767 271 novitas,
1799 219 1852 261 de
1880 235 1989 261 nova

142 296 300 339 scilicet
318 293 559 335 inducenda
581 292 833 334 electionum
862 290 1165 349 episcopalium
1183 288 1368 339 ratione3
1393 300 1475 343 qua
1503 283 1705 325 nimirum
1730 283 1985 342 infringitur,

144 376 192 402 ac
209 359 390 401 violatur
410 356 610 399 solemnis
634 355 877 407 conventio,
899 370 973 397 seu
993 352 1309 395 Concordatum
1330 350 1441 392 inter
1455 347 1708 391 Pontificem
1726 349 1915 390 Leonem
1929 351 1988 400 X,

145 436 186 467 et
210 439 353 483 regem
380 423 647 464 Franciscum
681 423 698 461 Ι
724 420 898 471 initum,
925 435 972 460 ac
1002 435 1024 459 a
1050 416 1233 475 generali
1258 414 1449 456 Concilio
1472 411 1745 456 Lateranensi
1772 413 1810 453 V
1833 428 1992 471 appro-

145 491 311 542 batum,
333 490 376 529 in
402 504 486 545 quo
512 497 657 527 mutua
680 476 939 543 promittitur
965 493 1186 540 pactorum
1210 480 1312 521 fides
1340 495 1432 537 quae
1453 490 1564 520 certe
1583 480 1671 533 jam
1695 493 1771 535 per
1791 476 1996 520 ducentos

147 567 189 597 et
215 553 519 612 quinquaginta
537 566 671 592 annos
688 561 930 592 constanter
946 547 1092 605 viguit,
1112 545 1378 604 proindeque
1401 543 1445 585 in
1466 542 1585 602 regni
1608 543 1746 600 legem
1769 541 1996 583 constituta

149 635 237 662 esse
261 621 355 675 jure
385 628 591 659 censetur.
625 616 673 655 ln
703 614 775 655 illo
807 613 964 654 scilicet
984 609 1254 653 Concordato
1282 619 1541 650 convenerat
1565 607 1676 648 inter
1702 616 1861 664 partes,
1887 606 1997 648 ratio

149 682 392 726 conserendi
418 683 698 739 episcopatus,
726 677 984 736 praelaturas,
1018 676 1289 725 monasteria,
1318 685 1359 715 et
1382 671 1603 715 beneficia.
1633 671 1712 712 Illo
1735 671 1861 729 igitur
1882 685 1998 713 nunc

147 749 406 808 posthabito,
434 747 675 788 decernitur
696 745 749 785 al)
773 745 855 785 isto
888 752 1118 793 conventu,
1143 751 1190 781 ut
1215 739 1258 781 in
1286 750 1504 797 posterum
1522 737 1720 796 Episcopi
1743 735 1952 794 eligantur
1975 751 1999 776 a

149 811 419 855 multitudine
449 823 814 868 quorumcumque
849 807 1111 849 districtuum
1147 816 1218 846 aut
1249 803 1649 862 municipalitatum.
1687 801 1738 843 Id
1774 816 1860 858 quo
1900 815 2000 842 sane

149 887 383 920 conventus
405 876 475 916 ille
499 874 676 915 voluisse
704 873 871 914 videtur
900 872 1022 913 salsas
1052 869 1250 928 amplecti
1279 868 1451 910 Lutheri
1485 880 1527 909 et
1555 866 1716 908 Calvini
1752 864 1996 924 opiniones,

150 957 254 999 quas
283 952 449 983 secutus
472 939 671 996 deinceps
698 948 759 979 est
786 936 1040 994 Spalatensis
1070 945 1279 992 apostata.
1308 933 1567 975 Asserebant
1593 931 1659 973 isti
1688 930 1793 988 juris
1820 945 1906 972 esse
1936 928 2001 972 di—

148 1007 251 1056 vini,
271 1018 315 1048 ut
337 1005 534 1063 Episcopi
555 1003 809 1060 eligerentur
830 1017 853 1042 a
873 1001 1052 1059 populo.
1075 1001 1213 1052 Quam
1231 997 1434 1057 perfacile
1455 1008 1518 1039 est
1538 995 1860 1055 deprehendere
1882 1010 2002 1036 erro-

148 1087 273 1112 neam
304 1086 390 1111 esse
419 1067 695 1117 sententiam,
727 1066 759 1107 si
792 1077 952 1107 veteres
984 1064 1191 1105 memoria
1222 1077 1519 1104 recenseamus
1552 1060 1796 1102 electiones.
1830 1060 2005 1118 Moyses

149 1135 279 1186 enim,
306 1146 352 1175 ut
373 1134 427 1174 ab
452 1133 545 1190 ipso
568 1129 829 1188 incipiamus,
852 1128 1069 1170 constituit
1090 1127 1133 1168 in
1158 1127 1404 1185 pontificem
1422 1126 1512 1168 sine
1527 1125 1745 1183 suffragio,
1768 1131 1810 1167 et
1827 1125 2003 1166 consilio

149 1198 429 1241 multitudinis
458 1199 690 1248 Aaronem,
715 1206 756 1236 et
787 1206 883 1252 post
905 1209 1003 1234 eum
1032 1192 1305 1246 Eleazarum3
1342 1203 1385 1233 et
1408 1191 1596 1232 Christus
1625 1190 1836 1231 Dominus
1858 1200 2006 1231 noster

148 1266 334 1322 primum
358 1261 585 1304 duodecim
609 1260 842 1317 apostolos,
875 1258 1032 1300 deinde
1062 1256 1327 1315 septuaginta
1347 1257 1455 1299 duos
1481 1256 1711 1313 discipulos
1737 1255 1829 1297 sine
1856 1254 2005 1312 populi

150 1329 276 1386 elegit
296 1328 550 1377 interventu,
576 1336 828 1381 sanctusque
848 1324 1005 1365 Paulus
1022 1323 1297 1364 Timotheum
1320 1322 1492 1380 Ephesi,
1516 1321 1662 1363 Titum
1680 1320 1827 1362 insulae
1849 1321 2002 1366 Cretae,

149 1393 399 1450 Dionysium
434 1390 738 1448 Areopagitam
768 1391 982 1440 Corinthi,
1019 1405 1147 1446 quem
1177 1389 1392 1447 apostolus
1415 1389 1500 1429 suis
1524 1387 1721 1428 manibus
1747 1382 2004 1426 ordinavit.⁵.

150 1459 325 1500 Sanctus
350 1472 450 1498 vero
479 1457 664 1497 Joannes
697 1454 979 1511 Polycarpum
1011 1455 1200 1510 Smyrnae
1229 1453 1347 1494 dedit
1365 1452 1623 1510 Episcopum
1654 1452 1743 1492 sine
1766 1449 1852 1491 ullo
1871 1448 2008 1506 plebis

151 1521 401 1573 consensu²,
431 1536 479 1560 ac
503 1535 637 1577 prope
660 1518 991 1559 innumerabiles
1015 1517 1126 1559 missi
1152 1518 1340 1570 fuerunt,
1361 1518 1416 1559 ad
1438 1516 1621 1575 populos
1645 1516 1854 1564 absentes,
1880 1523 1922 1554 et
1940 1512 2007 1554 in-

151 1587 297 1628 fideles
326 1585 396 1642 qui
431 1600 508 1642 per
534 1585 742 1631 Pontum,
780 1582 1009 1631 Galatiam,
1038 1582 1374 1639 Cappadociam,
1409 1580 1578 1633 Asiam,
1611 1591 1738 1637 atque
1767 1578 2009 1635 Bithyniam

152 1652 243 1694 solo
266 1649 557 1709 apostolorum
580 1647 740 1703 judicio
759 1646 967 1688 Ecclesias
991 1647 1044 1687 al)
1065 1646 1162 1703 ipsis
1186 1646 1381 1687 fundatas
1405 1645 1608 1704 pastorali
1628 1643 1768 1686 officio
1792 1644 2008 1701 guberna-

153 1727 248 1758 rent
264 1716 295 1756 3.
325 1716 428 1767 Quae
447 1712 702 1754 electionum
730 1711 840 1752 ratio
859 1727 988 1767 quam
1005 1726 1104 1752 vera
1121 1710 1188 1763 sit,
1209 1722 1250 1752 et
1267 1711 1542 1752 sacrosanctis
1561 1709 1688 1750 etiam
1706 1709 2010 1766 comprobatur

155 1779 367 1829 Conciliis,
390 1789 437 1819 ut
469 1793 492 1818 a
520 1775 763 1817 Laodiceno
781 1776 844 1825 I·'⁸,
874 1786 1001 1831 atque
1025 1791 1048 1816 a
1068 1774 1541 1832 Constantinopolitano
1565 1774 1662 1815 IV5.
1686 1773 1728 1815 S.
1754 1773 2011 1814 Athanasius

155 1845 312 1887 creavit
337 1842 631 1884 Frumentium
657 1840 915 1897 Episcopum
942 1839 1148 1880 Indorum
1168 1840 1212 1879 in
1241 1839 1422 1881 concilio
1449 1837 1732 1888 sacerdotum,
1756 1837 1918 1895 populo
1940 1838 2009 1878 in-

157 1910 241 1951 scio
255 1908 289 1950 ⁶.
309 1909 352 1950 S.
374 1906 548 1947 Basilius
571 1906 697 1963 elegit
716 1905 760 1945 in
784 1921 858 1946 sua
882 1904 1056 1962 Synodo
1077 1904 1374 1962 Euphronium
1385 1904 1647 1961 Episcopum
1666 1902 2015 1960 Nicopolitanum

159 1975 317 2030 absque
337 1971 421 2013 ulla
440 1970 646 2029 petitione
669 1981 711 2010 et
728 1984 937 2010 consensu
956 1969 1125 2023 civium,
1148 1980 1189 2010 et
1205 1968 1352 2026 populi
1365 1971 1395 2008 ⁷.
1422 1969 1466 2008 S.
1493 1968 1722 2024 Gregorius
1739 1968 1781 2008 II
1800 1966 2016 2009 ordinavit

161 2039 203 2080 S.
228 2037 494 2079 Bonifacium
519 2035 776 2092 Episcopum
809 2034 854 2075 in
883 2034 1126 2084 Germania,
1153 2033 1257 2075 nihil
1287 2033 1340 2074 de
1371 2049 1419 2074 ea
1442 2048 1488 2074 re
1518 2032 1759 2082 scientibus,
1790 2031 2017 2089 cogitanti-

161 2104 323 2160 busque
355 2100 593 2143 Germanis.
628 2101 722 2157 Ipse
743 2099 1064 2140 Valentinianus
1091 2101 1326 2156 Augustus,
1355 2113 1452 2139 cum
1484 2097 1540 2138 ad
1573 2112 1670 2138 eum
1698 2096 1934 2138 deferretur
1961 2096 2014 2136 ab

163 2167 379 2225 Episcopis
402 2166 550 2207 electio
568 2163 767 2221 Episcopi
789 2163 1121 2205 Mediolanensis
1138 2162 1358 2220 respondit
1383 2178 1392 2204 ε
1425 2184 1442 2198 «
1472 2162 1611 2217 Majus
1638 2171 1702 2202 est
1730 2160 1887 2201 viribus
1909 2159 2014 2200 meis

170 2253 188 2267 «
211 2232 322 2272 istud
340 2231 579 2287 negotium3
601 2244 676 2269 vos
694 2243 796 2269 vero
817 2229 888 2285 qui
908 2227 1048 2269 divina
1069 2229 1203 2285 gratia
1226 2226 1378 2284 repleti
1402 2227 1515 2279 estis,
1541 2237 1583 2267 et
1601 2225 1674 2282 qui
1695 2223 1885 2266 divinum
1910 2223 2017 2265 illud

172 2316 189 2331 «
215 2310 375 2336 numen
402 2293 617 2346 hausistis,
650 2292 799 2334 melius
832 2291 1004 2333 electuri
1042 2292 1139 2333 estis
1158 2294 1186 2333 ὃ.
1234 2312 1251 2327 »
1293 2292 1396 2345 Quae
1425 2289 1747 2333 Valentinianus
1780 2287 1929 2341 sensit,
1969 2303 2018 2329 ea

167 2360 301 2418 magis
334 2357 509 2410 sentire,
542 2368 582 2398 et
616 2357 831 2398 declarare
862 2356 1067 2398 deberent
1106 2355 1244 2412 gallici
1274 2354 1484 2397 districtus
1525 2365 1567 2395 et
1595 2353 1791 2411 amplecti
1822 2352 2019 2394 catholici

172 2426 437 2483 imperantes.

231 2489 443 2530 Adversus
455 2487 657 2528 hactenus
674 2485 798 2527 allata
817 2485 1042 2544 insurgunt
1053 2486 1262 2526 Lutlzems
1278 2496 1319 2527 et
1339 2483 1562 2535 Calvinus,
1579 2498 1813 2540 eorumque
1833 2482 2017 2533 asseclae,

175 2564 437 2611 opponentes
477 2550 718 2608 exemplum
757 2552 801 2592 S.
832 2549 967 2603 Petri,
1004 2551 1075 2607 qui
1105 2561 1218 2591 stans
1248 2550 1293 2590 in
1327 2549 1471 2590 medio
1508 2549 1687 2589 fratrum
1732 2547 1839 2589 dixit
1866 2565 1874 2589 :
1904 2548 2020 2604 (erat

177 2628 318 2659 antem
347 2617 472 2657 turba
496 2616 719 2656 hominum
743 2614 867 2655 simul
892 2614 978 2655 fere
998 2624 1169 2654 centum
1192 2612 1354 2671 viginti)
1382 2633 1399 2649 «
1437 2614 1618 2670 Oportet
1641 2629 1693 2654 ex
1715 2612 1781 2654 his
1809 2612 1924 2661 viris,
1947 2611 2020 2668 qui

182 2703 200 2719 «
235 2681 359 2723 nobis
390 2691 487 2722 sunt
515 2680 761 2738 congregati
797 2680 840 2719 in
863 2679 980 2720 omni
1003 2689 1210 2735 tempore,
1237 2689 1284 2718 ut
1306 2678 1411 2719 alius
1431 2677 1609 2736 eligatur
1636 2679 1681 2718 in
1704 2677 1846 2719 locum
1867 2675 2020 2718 minis·

228 2825 261 2857 1.
288 2821 417 2855 Euseb.
438 2820 527 2853 Hist.
548 2819 767 2853 ecclesiastic.
790 2819 853 2852 lib.
870 2818 939 2859 III,
957 2831 1033 2863 cap.
1053 2831 1103 2858 iv,
1122 2825 1162 2849 n⁰
1184 2821 1240 2857 15,
1261 2817 1345 2862 ibiq.
1362 2825 1435 2852 not.
1454 2819 1487 2852 6.

227 2871 260 2903 2.
289 2870 325 2902 S.
342 2869 593 2913 Hieronymus,
612 2867 655 2899 de
673 2867 756 2899 viris
775 2866 954 2908 illustrib„
969 2877 1046 2910 cap.
1068 2877 1159 2907 xxii,
1174 2873 1201 2897 t.
1220 2865 1270 2905 ΙΙ,
1289 2877 1388 2910 oper.
1404 2876 1484 2910 pag.
1504 2866 1587 2905 81³3,
1606 2863 1689 2897 edit.
1711 2863 1861 2896 Vallars.

225 2918 261 2951 3.
287 2916 416 2949 Euseb.
445 2915 558 2955 citat.,
586 2926 663 2958 cap.
692 2926 743 2955 ιτ,
765 2921 806 2946 110
826 2916 860 2954 5;
880 2913 915 2947 S.
937 2912 1145 2958 Hieronym.
1170 2921 1357 2946 comment.
1381 2912 1417 2945 in
1444 2924 1522 2957 cap.
1543 2925 1611 2946 xxv
1640 2911 1810 2953 Matthaei,
1829 2918 1916 2943 tom.
1934 2908 2022 2951 VII,

178 2965 498 3043 opc1r.,Cpag.l{O7,
520 2961 605 2994 edit.
626 2961 777 2994 Vallars.

252 3035 260 3042 .
308 3022 376 3043 Δ111).
449 3037 455 3043 .

289 3055 517 3092 OEcuinenic.
537 3055 642 3095 VIII,
663 3062 730 3087 act.
750 3057 807 3095 10,
826 3065 953 3089 canon.
974 3055 1030 3087 12.

255 3132 261 3138 .
287 3104 424 3144 Rufin.,
444 3103 509 3137 lib.
525 3102 558 3135 X
579 3101 727 3142 Histor.,
746 3113 822 3146 cap.
845 3113 896 3141 1x,
919 3100 982 3132 sul)
1003 3099 1064 3132 fin.

252 3178 259 3185 .
288 3151 435 3196 Epistol.
460 3152 525 3184 193
546 3157 577 3182 et
600 3151 679 3183 194.

255 3225 261 3233 ‚
288 3197 521 3239 Theodoret„
539 3196 601 3231 lib.
618 3196 669 3229 IV
689 3194 818 3228 Histor.
837 3205 913 3240 cap.
936 3206 989 3227 vn

225 3014 260 3233 00*]0'.>‘0¹›J>
