2135 3442
160 169 234 206 448
767 158 1080 194 ALLOCUTION
1109 158 1174 192 DE
1205 157 1284 191 PIE
1314 156 1384 193 IX.

159 263 417 301 evertuntur,
443 261 484 291 et
502 249 687 306 legitima
709 247 911 302 cujusque
936 245 1124 295 libertas,
1151 243 1390 301 proprietas
1414 242 1642 299 impetitur,
1673 257 1720 282 ac
1759 229 1995 283 domestica·

161 322 364 377 cujusque
396 314 561 357 familiae
591 324 632 354 et.
663 311 793 354 civilis
820 308 1029 351 societatis
1054 308 1328 350 fundamenta
1357 307 1685 358 labefactantur,
1721 305 1997 362 omniumque

162 388 375 426 bonorum
406 381 515 421 fama
545 377 657 419 falsis
696 372 1085 423 criminationibus,
1138 373 1414 429 maximisque
1454 372 1661 412 laceratur
1697 370 1908 421 conviciis,
1957 382 2000 412 et

162 448 330 491 effrenis
353 444 538 498 vivendi,
577 455 617 484 et
642 440 851 499 quidlibet
880 437 1066 478 audendi
1086 437 1271 488 licentia,
1299 436 1573 493 omniumque
1601 435 1803 476 vitiorum
1824 447 1863 475 et
1883 450 2000 476 erro-

163 531 257 556 rum
271 512 499 570 impunitas
522 504 782 563 majoremin
800 502 977 544 modum
998 501 1176 553 fovetur,
1198 512 1473 560 propagatur,
1495 516 1542 541 ae
1559 511 1848 557 promovetur.
1863 500 1999 541 Nemo

163 595 264 621 vero
288 594 375 618 non
398 575 512 617 videt
533 587 659 630 quam
677 570 870 610 luctuosa
894 566 1083 608 omnium
1108 567 1409 616 calamitatum,
1443 566 1647 607 scelerum
1673 576 1714 605 et
1740 564 2001 606 excidiorum

166 644 292 687 series
313 659 362 683 ex
381 642 463 682 hoc
490 649 606 680 tanto
632 634 769 692 impiae
794 631 1036 673 rebellionis
1058 631 1254 674 incendio
1289 633 1330 672 iu
1361 627 1559 672 miseram
1586 629 1817 687 pracsertim
1841 629 2002 670 Italiam

165 706 479 752 redundaverit.
501 701 685 750 Etenim,
708 710 753 740 ut
768 697 992 754 Prophetae
1014 696 1152 737 verbis
1180 708 1363 746 utamur,
1396 717 1412 731 «
1442 695 1730 747 maledictum,
1764 705 1805 735 et
1827 693 2002 735 menda-

171 797 187 811 «
218 773 345 822 cium,
379 782 419 812 et
446 765 739 814 homicidium,
773 774 814 803 et
842 762 1018 811 furtum,
1048 772 1088 801 et
1123 760 1377 803 adulterium
1411 760 1741 809 inundaverunt,
1771 770 1811 799 et
1837 757 2005 816 sanguis

171 861 188 876 «
213 836 460 895 sanguinem
485 830 665 889 tetigit¹.
699 851 715 865 »
744 829 905 868 Horret
926 825 1097 882 quidem
1117 825 1358 882 refugitque
1380 825 1527 865 dolore
1556 824 1737 874 animus,
1760 835 1802 865 et
1820 839 2007 865 commc-

168 918 336 945 morarc
374 896 641 948 reformidat,
671 894 793 951 plura
829 892 873 932 in
913 889 1197 948 Neapolitano
1249 892 1398 947 Regno
1436 889 1591 947 oppida
1619 889 1789 930 incensa
1833 899 1874 930 et
1915 888 2006 929 solo

171 978 350 1026 aequata,
388 976 429 1005 et
466 958 799 1003 innumerabiles
825 972 976 1015 prope,
1003 955 1386 1012 integerrimosque
1405 955 1654 996 Sacerdotes
1690 953 2008 1011 Religiososque

170 1032 300 1082 viros,
326 1042 366 1071 et
391 1031 589 1084 cujusque
609 1024 756 1073 aetatis,
780 1038 901 1064 sexus
929 1032 970 1062 et
995 1019 1253 1062 conditionis
1284 1019 1409 1069 cives,
1448 1035 1494 1060 ac
1516 1020 1582 1060 vel
1616 1020 1729 1077 ipsos
1759 1029 2010 1076 scgrotantes

171 1093 475 1153 indignissimis
498 1088 766 1133 contumeliis
795 1086 983 1136 affectos,
1019 1097 1061 1128 et
1090 1085 1249 1126 indicta
1279 1084 1407 1126 etiam
1441 1100 1580 1135 causa,
1617 1096 1689 1125 aut
1725 1084 1767 1125 in
1796 1099 2008 1125 carcerem

176 1163 383 1209 detrusos,
409 1168 481 1198 aut
512 1154 802 1198 crudelissime
830 1162 1015 1193 necatos.
1040 1150 1198 1206 Ecquis
1231 1166 1318 1190 non
1349 1148 1618 1190 acerbissimo
1639 1148 1886 1190 conficiatur
1908 1164 2012 1190 moe·

173 1243 268 1269 rore
285 1225 447 1272 videns,
473 1239 495 1263 a
512 1220 747 1262 furentibus
765 1216 1009 1259 rebellionis
1030 1215 1278 1256 hominibus
1297 1215 1457 1255 nullam
1473 1214 1599 1255 sacris
1615 1214 1837 1263 Ministris‚
1853 1214 2011 1254 nullam

173 1288 430 1349 Episcopali,
474 1298 516 1329 et
554 1283 836 1327 Cardinalitiae
880 1280 1101 1339 dignitati,
1152 1280 1310 1320 nullam
1348 1279 1500 1329 Nobis,
1545 1290 1586 1320 et
1621 1278 1720 1319 huic
1759 1278 2014 1336 Apostolicae

175 1355 291 1404 sedi,
314 1354 474 1395 nullam
505 1351 633 1393 sacris
655 1348 822 1406 templis
853 1359 893 1387 et
917 1348 1055 1395 rebus,
1081 1345 1240 1386 nullam
1256 1344 1445 1400 justitiae,
1482 1344 1641 1384 nullam
1667 1343 1919 1384 humanitati
1947 1358 2014 1385 re-

176 1419 409 1463 verentiam
440 1416 604 1466 haberi,
639 1415 711 1456 sed
735 1412 878 1455 omnia
911 1411 1086 1454 excidiis
1108 1422 1151 1451 et
1170 1409 1477 1451 vastationibus
1503 1409 1735 1467 compleri?
1754 1410 1853 1450 Haec
1875 1419 2017 1449 autem

178 1487 231 1527 ab
256 1484 304 1525 iis
320 1494 556 1541 patrantur,
587 1479 657 1538 qui
686 1478 859 1520 minime
883 1478 1139 1518 erubescunt
1166 1490 1331 1516 summa
1352 1474 1615 1532 impudentia
1634 1489 1830 1524 asserere,
1853 1489 1895 1514 se
1912 1472 2018 1514 velle

179 1548 374 1591 Ecclesiae
408 1547 648 1588 libertatem
681 1544 797 1593 dare,
828 1553 868 1583 et
892 1541 1099 1583 moralem
1128 1555 1297 1581 sensum
1321 1539 1450 1580 Italiae
1479 1539 1715 1581 restituere.
1747 1540 1895 1595 Neque
1924 1538 2018 1578 illos

184 1614 314 1673 pudet
349 1629 373 1653 a
398 1614 593 1652 Romano
625 1608 829 1650 Pontifice
866 1606 1094 1664 postulare,
1131 1616 1177 1646 ut
1200 1604 1365 1659 injustis
1398 1619 1547 1645 eorum
1590 1603 1805 1644 desideriis
1833 1618 2018 1644 annuere

182 1679 297 1732 velit,
318 1694 372 1719 ne
393 1678 552 1732 majora
575 1676 618 1715 in
638 1674 869 1716 Ecclesiam
894 1673 1049 1713 damna
1071 1669 1329 1711 redundentt

241 1905 380 1960 Atque
401 1900 504 1942 illud
521 1915 689 1957 quoque
705 1897 768 1939 ve]
791 1895 974 1937 maxime
995 1893 1230 1941 dolendum,
1253 1891 1526 1933 Venerabiles
1552 1893 1738 1944 Fratres,
1771 1890 1888 1948 quod
1911 1906 2021 1932 non-

186 1968 289 2009 nulli
319 1983 369 2008 ex
397 1977 578 2021 utroque
598 1963 721 2003 Clero
749 1962 792 2002 in
815 1959 934 2001 Italia
952 1958 1032 2000 viri
1064 1956 1341 1999 ecclesiastica
1375 1955 1503 1997 etiam
1532 1955 1737 2013 dignitate
1765 1955 1904 1997 ornati
1938 1967 2026 1996 tam

186 2033 350 2075 funesto
373 2027 656 2071 aberrationis
681 2038 720 2068 et
739 2024 982 2066 rebellionis
997 2023 1143 2081 spiritu
1157 2021 1311 2062 misere
1334 2020 1516 2078 abrepti,
1531 2036 1577 2061 ac
1592 2020 1772 2078 propriae
1791 2020 2026 2062 vocationis

187 2109 228 2138 et
247 2095 374 2137 officii
399 2093 574 2135 omnino
597 2091 734 2141 obliti,
761 2107 783 2131 a
806 2089 992 2131 veritatis
1014 2087 1182 2129 tramite
1213 2085 1533 2135 declinaverint,
1563 2096 1606 2126 et
1631 2084 1770 2142 pravis
1799 2084 2027 2142 impiorum

187 2160 411 2203 hominum
429 2158 610 2200 consiliis
621 2157 823 2207 faventes,
845 2171 941 2196 cum
962 2151 1203 2195 incredibili
1226 2152 1440 2192 bonorum
1461 2149 1654 2191 omnium
1673 2150 1802 2200 luctu,
1825 2149 1921 2191 facti
1941 2149 2024 2191 sint

187 2225 294 2284 lapis
314 2223 558 2266 offensionis
576 2234 616 2264 et
635 2232 758 2278 petra
777 2219 982 2261 scandali.
1534 2214 1538 2217 ⁴

248 2314 315 2355 Ad
332 2314 422 2354 haec
437 2324 578 2353 autem
588 2326 679 2368 quae
701 2309 974 2366 deploramus
990 2306 1102 2347 mala
1119 2303 1223 2345 illud
1243 2303 1370 2344 etiam
1388 2302 1688 2360 permolestum
1707 2303 1880 2354 accedit,
1911 2304 2025 2361 quod

189 2379 304 2422 haud
330 2378 387 2418 ita
420 2377 587 2434 pridem
616 2375 659 2416 in
688 2374 912 2416 Mexicana
940 2371 1102 2413 ditione
1123 2369 1309 2426 ejusdem
1335 2368 1499 2425 generis
1520 2367 1714 2409 homines
1735 2368 1858 2410 simili
1880 2381 2027 2411 contra

191 2442 444 2487 catholicam
462 2440 693 2482 Ecclesiam
708 2438 807 2480 odio
829 2437 985 2479 incensi
1003 2451 1092 2477 non
1113 2433 1398 2476 extimuerunt
1416 2432 1696 2489 iniquissimas
1709 2433 1819 2492 leges
1839 2435 2027 2490 ejusdem

192 2507 389 2552 Ecclesiae
403 2504 613 2564 potestati,
631 2504 813 2560 juribus,
838 2501 1040 2543 doctrinae
1057 2500 1182 2558 plane
1208 2498 1403 2539 adversas
1427 2498 1713 2555 promulgare,
1751 2499 2027 2541 ecclesiastica

194 2576 309 2616 bona
328 2571 524 2631 praedari,
546 2586 682 2611 sacras
701 2568 811 2610 aedes
823 2567 1020 2625 spoliare,
1036 2566 1080 2606 in
1098 2562 1398 2605 ecclesiasticos
1421 2562 1723 2620 religiososque
1734 2563 1846 2605 viros
1866 2564 2024 2614 saevste,

199 2638 394 2696 Virgines
412 2638 501 2676 Deo
523 2635 693 2675 devotas
711 2633 921 2683 divexare,
948 2631 1178 2689 Episcopos
1198 2627 1320 2670 variis
1338 2643 1559 2685 oppressos
1591 2628 1755 2683 injuriis
1783 2645 1805 2669 a
1834 2629 1918 2670 suis
1934 2644 2029 2687 gre-

201 2704 323 2763 gibus
343 2700 593 2748 distrahere,
618 2698 721 2740 etin
741 2698 911 2739 exilium
931 2697 1100 2755 pellere,
1131 2693 1202 2751 qui
1225 2694 1310 2733 fere
1334 2708 1481 2733 omnes
1502 2692 1545 2733 in
1569 2694 1679 2734 hanc
1705 2693 1860 2735 almam
1879 2695 2031 2735 urbem

198 2770 400 2812 Nostram
422 2775 640 2813 venerunt,
667 2775 707 2804 et
724 2779 812 2803 non
838 2762 917 2804 levi
940 2761 1073 2803 Nobis
1101 2757 1250 2801 solatio
1277 2758 1394 2798 fuere
1423 2769 1599 2815 propter
1621 2758 1809 2816 egregias
1838 2759 2027 2809 virtutes,

201 2834 353 2892 quibus
369 2842 590 2888 tantopere
604 2839 818 2886 praestant.

266 2966 416 3021 Neque
458 2960 501 3002 id
538 2959 649 3009 satis,
687 2973 787 2998 nam
821 2956 862 2996 iu
895 2956 975 2996 alia
1003 2954 1208 2997 Americae
1257 2963 1392 3011 parte,
1431 2953 1586 2994 scilicet
1617 2953 1660 2994 in
1701 2952 2032 3012 Neogranatensi

208 3029 369 3072 ditione
386 3022 682 3069 recentissimis
701 3021 816 3063 hisce
835 3020 981 3062 diebus
1000 3036 1143 3062 rerum
1157 3018 1341 3062 civilium
1357 3019 1675 3076 perturbatores
1687 3035 1882 3077 suprema
1893 3029 2035 3061 aucto-

257 3205 288 3238 ·l.
316 3203 433 3246 Oseas,
450 3214 526 3247 cap.
546 3214 597 3243 xv,
610 3213 646 3234 v,
663 3202 696 3234 2.
