2135 3442
142 220 191 256 90
853 218 979 253 BREF
1007 217 1072 252 DE
1100 216 1178 252 ΡΙΕ
1207 215 1272 250 VI.

197 305 261 344 Ac
297 302 490 361 profecto
518 319 665 345 omnes
689 303 886 344 Ecclesia*
916 304 1061 344 Patres
1093 299 1350 358 regularium
1382 296 1556 339 ordines
1593 296 1767 337 summis
1788 295 1986 339 laudibus

140 378 416 418 exornarunt,
434 368 543 409 inter
563 384 670 425 quos
684 369 727 409 S.
753 369 935 409 Joanncs
953 368 1293 422 Chrysostomus,
1313 361 1384 420 qui
1405 361 1540 403 tribus
1556 359 1732 418 integris
1749 360 1866 402 libris
1886 377 1988 403 con-

137 444 201 474 tra
237 432 409 473 illorum
445 443 758 491 oppugnatores
794 431 1010 473 acerrime>
1032 427 1314 480 decertavit&
1347 438 1389 469 et
1418 437 1650 485 postquam
1684 424 1727 465 S.
1759 424 1989 484 Gregorius

138 512 317 556 magnus
337 508 563 539 monuerat
577 496 864 538 Marinianum
881 498 1091 536 Ravenna}
1111 491 1506 550 Archiepiscopum,
1526 507 1579 532 ne
1601 489 1798 531 adversus
1821 505 1989 532 monas-

139 561 242 604 teria
270 560 514 620 gravamina
539 572 766 611 exerceret,
797 559 870 601 sed
898 559 1075 601 deberet
1104 573 1153 599 ea
1179 556 1414 606 defensare,
1437 566 1479 598 et
1500 555 1725 613 religiosos
1745 553 1846 595 illuc
1868 569 1985 595 sum-

136 642 311 684 mopere
335 625 635 684 congregai·e²,
649 626 896 666 convocavit
917 623 1154 664 Concilium
1164 621 1482 679 Episcoporum
1503 631 1544 661 et
1560 619 1924 677 presbyterorum,
1944 617 1989 660 in

135 706 272 748 eoque
294 690 512 732 decretum
539 689 672 732 edidit
696 710 713 725 «
739 688 867 742 Quod
887 688 1024 730 nullus
1044 688 1356 745 Episcoporum
1377 696 1448 726 aut
1471 684 1725 726 secularium
1744 683 1853 724 ultra
1876 698 1987 741 prae-

139 765 330 797 «sumat
365 755 418 797 de
445 754 698 807 redditibus,
721 754 863 804 rebus,
892 753 957 794 vel
984 751 1140 793 chartis
1174 749 1549 799 monasteriorum,
1574 749 1640 791 vel
1672 748 1725 790 de
1761 747 1892 799 cellis,
1918 747 1985 789 vel

140 841 157 856 «
192 820 316 869 villis,
341 835 432 876 quae
458 819 512 860 ad
540 835 587 860 ea
610 819 841 876 pertinent,
863 832 1131 875 quocumque
1160 815 1309 865 modo,
1336 830 1409 856 seu
1439 814 1631 871 qualibet
1654 811 1876 854 occasione
1903 813 1989 853 mi-

139 905 157 920 «
193 900 342 934 nuere,
363 884 429 925 vel
447 883 547 924 dolo
571 884 701 934 malo,
720 883 783 924 vel
804 882 1083 923 immissiones
1109 880 1269 937 aliquas
1290 879 1428 921 facere
1445 878 1478 920 ³.
1506 900 1523 914 »
1546 877 1779 919 Insurrexit
1800 887 1991 935 postmo-

135 949 237 990 dum
254 948 405 990 saeculo
422 949 527 989 XIII
549 948 808 988 Guillelmus
825 948 877 987 cle
897 947 1054 987 Sancto
1066 947 1240 995 Amore,
1257 943 1329 1001 qui
1350 944 1461 985 libro
1481 944 1534 984 (le
1554 943 1768 984 periculis
1789 957 1989 983 novorum

133 1023 379 1070 tempor-mn,
409 1024 522 1053 totus
549 1012 628 1052 fuit
661 1013 705 1052 in
738 1011 1002 1053 deterrendis
1030 1009 1276 1051 hominibus
1294 1025 1318 1049 a
1341 1009 1636 1058 conversione,
1665 1018 1706 1049 et
1728 1023 1749 1047 a
1770 1007 1990 1064 religionis

130 1079 344 1135 ingressu,
367 1077 441 1118 sed
458 1076 564 1117 liber
585 1076 662 1117 iste
677 1075 722 1116 in
743 1092 922 1117 examen
938 1086 1158 1116 revocatus
1175 1073 1418 1115 aPontifice
1435 1073 1682 1114 Alexandro
1703 1073 1775 1122 IV,
1797 1078 1984 1130 iniquus,

131 1143 349 1192 scelestus,
372 1140 640 1191 execrabilis,
666 1150 707 1181 et
727 1141 926 1197 nefarius
946 1156 1036 1181 esse
1066 1139 1302 1180 declaratus
1326 1137 1436 1179 est⁶.

191 1207 405 1248 Adversus
425 1205 651 1263 praefatum
673 1205 944 1247 Guillelmum
969 1205 1242 1261 scripserunt,
1263 1218 1446 1260 eumque
1469 1202 1710 1244 refutarunt
1732 1201 1818 1243 duo
1843 1200 1991 1243 Eccle-

133 1272 201 1313 siae
225 1272 435 1319 doctores,
461 1270 503 1310 S.
528 1270 714 1310 Thomas
738 1269 974 1326 Aquinas⁵‚
1001 1279 1041 1310 et
1064 1269 1106 1309 S.
1135 1266 1475 1309 Bonaventura⁶.
1500 1268 1555 1308 Et
1574 1269 1777 1324 quoniam
1793 1266 1991 1308 eamdem

134 1337 380 1378 damnatam
397 1335 651 1375 sententiam
674 1335 893 1375 renovavit
923 1334 1133 1375 Lutlzerus
1146 1366 1155 1383 ,
1179 1332 1501 1374 damnationem
1523 1344 1566 1374 et
1587 1332 1674 1390 ipse
1691 1331 1819 1374 subiit
1835 1348 1860 1373 a
1876 1331 1992 1372 Pon-

134 1400 242 1442 tifice
269 1402 412 1441 Leone
437 1399 524 1440 X7.
554 1399 713 1440 Pariter
743 1400 788 1440 in
812 1415 897 1440 uuo
924 1416 976 1441 ex
1005 1399 1204 1440 Cone-iliis
1237 1398 1658 1456 Rothomagensibus
1683 1396 1782 1438 anni
1809 1398 1917 1438 1581
1935 1395 1987 1453 ⁸),

133 1464 285 1506 moniti
306 1464 481 1505 fuerunt
491 1463 706 1521 Episcopi,
723 1475 771 1505 ut
792 1463 1068 1505 subsidiarios
1084 1463 1301 1521 regulares
1318 1474 1552 1513 tuerentur,
1570 1474 1611 1504 et
1630 1477 1748 1503 caros
1764 1462 1988 1512 haberent,

136 1540 263 1586 atque
289 1528 450 1569 alerent
473 1529 580 1569 sicut
599 1528 884 1583 coadjutores,
909 1544 1142 1585 omnesque
1166 1528 1247 1569 illis
1274 1528 1405 1568 factas
1434 1527 1606 1583 injurias
1633 1537 1674 1568 et
1698 1525 1989 1579 contumelias,

135 1609 229 1634 suas
264 1609 354 1634 esse
385 1593 677 1634 existimarent
705 1605 747 1634 et
775 1593 1090 1651 propulsarent.
1118 1591 1415 1633 Memorabilia
1442 1607 1608 1649 semper
1644 1601 1770 1633 erunt
1796 1591 1869 1648 pia
1892 1601 1991 1632 vota

137 1657 222 1698 divi
254 1657 456 1698 Ludovici
490 1659 567 1706 IX,
596 1657 829 1698 Galliarum
854 1658 978 1716 regis,
1008 1657 1074 1698 cui
1101 1657 1143 1697 in
1173 1658 1316 1698 animo
1351 1655 1583 1706 insederat,
1604 1666 1651 1697 ut
1679 1655 1782 1704 duo,
1811 1669 1917 1712 quos
1949 1654 1993 1695 in

137 1722 342 1763 Orientali
360 1721 630 1779 expeditione
647 1734 890 1780 susceperat
905 1722 1028 1772 filios,
1051 1737 1146 1763 cum
1169 1721 1224 1762 ad
1245 1736 1379 1762 annos
1399 1720 1665 1762 discretionis
1685 1720 1988 1778 pervenissent,

136 1787 247 1827 intra
271 1798 388 1844 septa
414 1787 659 1828 monasterii
684 1789 987 1836 enutrirentur,
1016 1786 1120 1827 alter
1147 1785 1261 1843 apud
1284 1786 1604 1835 Dominicanos,
1631 1785 1745 1842 apud
1769 1783 1992 1826 Minoritas

139 1851 257 1899 alter,
290 1863 337 1892 ut
366 1851 491 1893 sacris
526 1851 739 1902 institutis,
772 1863 813 1893 et
844 1851 995 1892 litteris
1030 1851 1354 1899 instruerentur,
1393 1861 1434 1890 et
1466 1850 1521 1891 ad
1555 1865 1747 1890 amorem
1779 1847 1993 1906 religionis

138 1915 455 1965 inducerentur,
490 1915 734 1957 desiderans
765 1927 857 1957 toto
893 1915 1044 1965 corde,
1083 1925 1130 1955 ut
1163 1914 1429 1955 documentis
1462 1913 1716 1954 salutaribus
1754 1912 1989 1964 informati,

138 1981 323 2022 Domino
357 1980 603 2038 inspirante,
634 1981 747 2031 loco,
778 1992 820 2022 et
852 1992 1042 2037 tempore
1071 1980 1181 2036 ipsas
1211 1979 1437 2037 religiones
1472 1977 1722 2019 intrarent⁹.
1758 1977 1993 2019 Novissime

138 2061 238 2087 vero
259 2057 448 2087 auctores
471 2047 610 2103 operis
633 2045 823 2103 inscripti
845 2066 860 2082 «
878 2046 1082 2086 ,Nomeau
1103 2045 1231 2085 truite
1253 2045 1303 2085 cle
1325 2042 1695 2101 diplomatiqneffl,
1715 2065 1731 2079 «
1747 2059 1846 2084 cum
1862 2043 1991 2084 refel—

138 2109 273 2152 lerent
316 2110 576 2151 adversarios
613 2112 933 2168 exemptionum
968 2110 1246 2168 regularium,
1283 2109 1375 2150 liceo
1406 2108 1451 2149 in
1491 2110 1624 2150 verba
1664 2118 1954 2166 proruperunt
1975 2123 1985 2149 ε

145 2194 163 2211 «
200 2176 342 2227 Quam
368 2175 647 2217 attentionem
667 2187 843 2232 possunt
868 2175 994 2233 igitur
1012 2176 1165 2216 mereri
1189 2174 1520 2216 declamationes
1553 2173 1677 2215 editae
1707 2173 1760 2214 ab
1790 2173 1992 2214 historico

148 2261 165 2276 «
196 2241 300 2295 juris
331 2241 487 2297 publici
511 2241 776 2281 ecclesiastici
810 2240 968 2298 gallici,
1003 2240 1201 2281 adversus
1224 2238 1441 2297 privilegia
1468 2237 1734 2279 monasteriis
1762 2252 1988 2291 concessa,

148 2325 166 2340 «
202 2304 443 2362 privilegia,
478 2304 629 2360 inquit,
661 2315 703 2346 et
731 2304 1023 2361 exemptiones
1054 2319 1146 2361 quae
1180 2303 1359 2345 concedi
1392 2319 1480 2344 non
1510 2314 1705 2360 potuere,
1740 2301 1817 2342 nisi
1849 2317 1992 2343 eversa

148 2390 165 2404 «
200 2368 452 2418 hierarchia,
485 2369 562 2410 nisi
598 2369 760 2410 violatis
793 2368 1057 2427 episcopatus
1083 2368 1265 2424 juribus,
1297 2378 1338 2409 et
1366 2384 1458 2425 quae.
1494 2378 1591 2408 sunt
1618 2366 1705 2406 veri
1741 2367 1910 2416 abusus,
1949 2378 1992 2408 et

151 2455 168 2469 «
206 2434 416 2475 maximos
434 2433 586 2474 abusus
604 2434 881 2475 invexerunt?
902 2434 1073 2490 Quanta
1091 2439 1304 2474 temeritas
1328 2431 1385 2474 sic
1405 2432 1620 2489 insurgere
1641 2430 1837 2472 adversus
1860 2431 1990 2474 disci-

149 2519 165 2533 «
203 2498 365 2555 plinam
385 2509 470 2539 tam
491 2498 722 2555 antiquam.
746 2510 946 2555 tantaque
970 2499 1196 2539 autoritate
1216 2497 1366 2538 fultam
1390 2496 1433 2537 in
1449 2495 1639 2537 Ecclesia
1660 2507 1701 2537 et
1720 2495 1763 2536 in
1783 2511 1918 2554 regno
1937 2498 1945 2538 ἔ
1967 2516 1984 2532 »

197 2702 229 2733 1.
257 2699 362 2732 Tom.
382 2699 414 2738 I,
437 2711 534 2743 oper.
556 2697 639 2732 edit.
667 2698 823 2733 Maurin.
853 2711 872 2731 a
894 2710 974 2743 pag.
998 2701 1040 2732 lili
1067 2697 1114 2731 ad
1143 2699 1222 2742 118,
1248 2705 1281 2730 et
1309 2697 1470 2742 opuscul.
1499 2697 1542 2729 dc
1570 2697 1825 2743 comparation.
1845 2697 1936 2744 regis
1959 2705 1993 2731 et

150 2746 435 2787 luonachi,tonL
457 2744 758 2790 eod.a.pag.1l6
779 2745 823 2778 ad
847 2748 926 2779 121.

258 2793 368 2837 Epist.
390 2795 448 2832 29,
472 2792 536 2825 litt.
557 2793 601 2833 A,
619 2793 682 2826 lib.
703 2793 771 2832 VI,
789 2800 815 2827 t.
833 2792 882 2833 ΙΙ,
905 2789 1003 2837 oper.
1024 2791 1108 2824 edit.
1130 2790 1285 2825 Maurin.

224 2867 231 2874 .
259 2841 300 2872 In
320 2838 505 2884 appendic.
524 2839 698 2884 epistolar.
718 2838 752 2873 S.
773 2839 935 2882 Gregorii
954 2839 1070 2882 magni
1088 2838 1163 2878 cit.,
1183 2846 1269 2871 tom.
1287 2838 1336 2878 II,
1352 2850 1430 2882 pag.
1453 2840 1557 2879 1294,
1580 2846 1620 2870 ΠΟ
1639 2841 1672 2873 7.

225 2914 233 2922 .
260 2887 407 2920 Constit.
429 2889 487 2926 35,
504 2886 569 2920 int.
584 2886 664 2918 Illas
685 2885 797 2930 ejusd.
820 2886 920 2920 Pont.
942 2885 977 2917 in
998 2885 1124 2917 bullar.
1146 2885 1269 2926 Rom„
1290 2894 1377 2919 tom.
1400 2885 1469 2926 111,
1488 2898 1524 2930 p.
1543 2888 1625 2927 378,
1646 2884 1730 2919 edit.
1749 2886 1990 2924 Rom.,1740.

258 2934 363 2968 Tom.
384 2933 504 2974 XXV,
525 2945 622 2978 oper.
641 2931 725 2966 edit.
746 2932 871 2972 Paris,
894 2934 998 2973 1660,
1016 2944 1095 2976 pag.
1120 2933 1186 2966 533
1207 2930 1253 2963 ad
1271 2934 1353 2966 666.

259 2981 384 3014 Libell.
404 2980 628 3025 apologetic„
649 2988 737 3013 tom.
754 2979 840 3019 VII,
861 2991 959 3024 oper.
981 2978 1065 3011 edit.
1088 2978 1270 3023 Lugdun.‚
1293 2980 1398 3019 1668,
1414 2990 1493 3023 pag.
1517 2981 1583 3013 346
1605 2978 1650 3011 ad
1668 2981 1750 3014 385.

260 3029 358 3060 Bulla
376 3027 413 3059 in
434 3028 572 3061 collect.
591 3026 776 3061 concilior.
796 3026 928 3066 Labbe,
949 3034 1035 3058 tom.
1055 3025 1156 3066 XIX,
1177 3038 1256 3070 pag.
1278 3028 1358 3059 153.

262 3076 304 3107 Iu
323 3073 403 3108 ead.
422 3074 557 3107 collect.
577 3074 707 3118 Labbe.¹
727 3086 800 3118 capv
827 3072 870 3105 de
885 3081 1036 3106 curator.
1059 3072 1170 3113 offic„
1191 3080 1232 3104 11⁰
1248 3075 1306 3112 311,
1324 3081 1411 3106 toni.
1434 3072 1535 3112 XXI,
1552 3084 1631 3117 pag.
1652 3075 1732 3107 651,

225 3149 233 3157 .
259 3122 343 3155 Vita
371 3121 406 3155 S.
434 3120 627 3162 Ludovici‚
657 3133 734 3166 cap.
759 3120 869 3160 XIV,
897 3120 987 3152 inter
1012 3120 1181 3152 Francor.
1209 3119 1329 3164 script.
1363 3119 1497 3153 collect.
1537 3131 1555 3151 a
1584 3120 1793 3160 Duchesne‚
1823 3127 1909 3152 tom.
1940 3118 1990 3158 V,

224 3195 233 3204 .
253 3172 320 3204 448
340 3169 376 3202 in
396 3168 460 3204 fin,

226 3242 234 3250 .
261 3216 318 3249 Ou
342 3216 416 3249 l’on
446 3215 604 3249 examine
634 3215 683 3249 les
709 3214 931 3248 fondemeuts
957 3212 999 3247 dc
1032 3222 1084 3247 cet
1109 3221 1180 3253 art,
1210 3221 1234 3249 t.
1259 3214 1306 3254 V,
1333 3225 1370 3258 p.
1392 3215 1473 3254 379,
1502 3212 1537 3246 iu
1562 3212 1626 3248 fin.
1655 3221 1687 3246 et
1707 3215 1790 3253 380,
1814 3211 1898 3246 edit.
1922 3211 1989 3245 Pa-

151 3263 228 3303 ris,
258 3266 360 3298 1762.

199 3181 219 3250 oua
196 2796 233 3156 φρομρυςωῷωζο

150 3181 194 3250 &S
