2135 3442
737 190 808 226 XV
841 190 1118 227 DECEMBRIS
1146 188 1408 228 MDCCCLVI.

479 412 546 482 S.
593 412 660 480 S.
712 411 1022 479 DOMINI
1063 410 1378 479 NOSTRI
1414 408 1537 475 PII
1583 409 1674 475 IX

890 569 1256 621 Attocuric

395 721 438 745 IN
495 716 764 744 CONSISTORIO
814 716 988 743 SECRETO
1047 713 1093 744 15
1148 717 1382 743 DECEMBRIS
1434 712 1558 752 1856,
1608 715 1762 742 HABITA

828 865 876 907 V
873 864 1107 906 enerabiles
1134 866 1326 909 Fratres,

218 998 463 1054 Numquam
491 995 582 1037 sore
617 993 949 1053 putavissemus,
983 994 1258 1036 Venerabiles
1278 996 1462 1045 Fratres,
1495 1005 1542 1036 ut
1562 1010 1718 1051 magno
1743 1009 1839 1036 cum
1868 992 1999 1036 animi

159 1062 303 1106 Nostri
336 1062 483 1104 dolore
511 1059 687 1102 afflictas
720 1075 768 1100 30
791 1068 1024 1116 prostratas
1055 1058 1182 1099 etiam
1210 1058 1253 1099 in
1275 1058 1496 1100 Mexicana
1524 1058 1757 1117 Republica
1783 1058 1998 1101 catholicae

158 1126 351 1170 Ecclesiae
373 1142 441 1167 res
463 1123 703 1175 lamentari,
737 1139 786 1165 ac
817 1123 1040 1182 deplorare
1061 1123 1430 1181 compelleremur.
1460 1124 1570 1165 Illud
1597 1123 1710 1165 enim
1733 1124 2001 1167 Gubernium

158 1203 384 1251 postquam
409 1192 498 1247 jam
522 1189 623 1232 inde
646 1190 699 1230 ab
730 1204 844 1230 anno
867 1188 1094 1230 millesimo
1114 1188 1474 1246 octingentesimo
1500 1188 1846 1247 quinquagesimo
1875 1188 2000 1231 tertio

158 1255 478 1315 significaverat,
505 1255 587 1297 suis
607 1254 651 1295 in
665 1253 775 1296 votis
796 1269 886 1295 esse
905 1254 1242 1295 Conventionem
1262 1252 1373 1294 inire
1398 1269 1495 1294 cum
1514 1255 1594 1295 hac
1609 1253 1855 1311 Apostolica
1873 1253 1995 1305 Sede,

159 1321 201 1363 id
220 1320 360 1378 ipsum
379 1320 630 1377 insequente
648 1334 761 1360 anno
780 1334 860 1376 per
879 1334 1003 1360 suum
1028 1317 1273 1360 Ministrum
1295 1317 1496 1360 dilectum
1518 1318 1651 1360 filium
1685 1318 2002 1360 Emmanuelem

157 1385 406 1427 Larrainzar
420 1386 500 1426 hac
520 1384 563 1425 in
584 1385 690 1425 urbe
707 1395 946 1425 morantem
965 1399 1012 1424 30
1033 1382 1178 1424 debita
1197 1392 1407 1441 potestate
1425 1381 1637 1425 munitum
1655 1382 1776 1424 enixe
1798 1381 2001 1440 efflagita·

158 1450 232 1493 vit.
267 1450 356 1492 Nos
388 1449 532 1506 itaque
563 1448 771 1506 spirituali
804 1448 976 1489 illorum
1005 1447 1193 1490 fidelium
1222 1449 1337 1489 bono
1367 1447 1614 1500 consulere,
1648 1459 1690 1490 et
1722 1446 2002 1490 ecclesiastica

159 1516 269 1557 illius
286 1514 546 1573 Reipublicae
566 1514 740 1571 negotia
762 1528 1020 1571 componere
1043 1513 1107 1555 vel
1133 1514 1317 1554 maxime
1342 1523 1552 1570 optantes,
1585 1512 1827 1569 hujusmodi
1857 1522 2003 1570 postu-

158 1579 309 1622 lationi
339 1579 603 1637 perlibenter
620 1577 1020 1631 obsecundavimus,
1043 1589 1084 1620 et
1104 1589 1368 1636 opportunas
1388 1593 1486 1619 cum
1506 1577 1657 1619 eodem
1677 1577 1898 1620 Mexicano
1916 1575 2000 1617 Mi-

160 1645 295 1686 nistro
325 1643 602 1685 tractationes
630 1642 914 1700 suscipiendas
945 1658 1032 1684 esse
1061 1642 1372 1683 constituimus.
1403 1643 1504 1694 Quae
1532 1642 1702 1699 quidem
1730 1639 2003 1683 tractationes

161 1710 369 1751 inchoatae
388 1707 563 1749 suerunt
593 1707 666 1749 sed
686 1707 861 1757 absolvi,
888 1718 929 1748 et
952 1707 1007 1748 ad
1028 1718 1223 1764 optatum
1242 1706 1401 1748 exitum
1422 1707 1597 1764 perduci
1612 1707 1787 1750 minime.
1805 1717 2000 1765 potuere,

159 1784 385 1832 propterea
406 1772 520 1829 quod
551 1788 749 1829 congruae
782 1772 1111 1813 retardabantur
1138 1770 1455 1829 explicationes,
1487 1787 1593 1828 quas
1622 1788 1645 1813 3
1674 1788 1749 1813 suo
1784 1771 2003 1813 Gubernio

161 1848 519 1881 commemoratus
531 1836 928 1894 plenipotentiarius
940 1835 1134 1878 Minister
1147 1838 1292 1876 Romae
1309 1835 1467 1892 degens
1482 1836 1737 1893 postulabat,
1759 1836 1831 1893 qui
1853 1835 2005 1878 deinde

163 1903 205 1944 in
227 1901 441 1944 Mexicum
469 1900 548 1941 fuit
569 1911 790 1942 revocatus
814 1901 870 1942 ob
895 1900 1159 1942 notissimam
1187 1915 1331 1941 rerum
1361 1900 1698 1951 conversionem,
1731 1911 1773 1943 et
1798 1899 2005 1943 Gubernii

162 1967 517 2016 immutationem,
541 1965 608 2006 cui
626 1965 848 2007 Mexicana
868 1965 1124 2023 Respublica
1143 1965 1294 2006 misere
1313 1964 1393 2006 fuit
1416 1964 1618 2007 obnoxia.

219 2030 306 2072 Ubi
331 2041 474 2072 autem
494 2045 654 2071 novum
675 2029 814 2071 extitit
837 2028 1121 2079 Gubernium,
1149 2029 1292 2071 statim
1319 2029 1574 2071 acerrimum
1593 2030 1803 2083 Ecclesiae,
1829 2032 2002 2088 ejusque

163 2095 290 2138 sacris
314 2097 453 2145 rebus,
475 2094 655 2151 juribus,
681 2093 889 2136 Ministris
910 2095 1069 2135 belluni
1091 2093 1258 2135 indixit.
1282 2095 1511 2151 Postquam
1533 2095 1645 2136 enim
1667 2095 1837 2137 Clerum
1856 2096 1897 2137 in
1919 2110 2000 2154 po-

163 2160 379 2220 pularibus
411 2159 690 2201 electionibus
722 2170 903 2216 utroque
926 2159 1129 2217 suffragio
1156 2158 1350 2216 privavit,
1375 2159 1514 2216 legem
1545 2159 1612 2201 die
1643 2159 1844 2217 vigesimo
1877 2160 2001 2202 tertio

163 2225 319 2266 mensis
330 2224 582 2266 Novembris
601 2224 820 2281 superiore
835 2240 948 2265 anno
971 2223 1177 2274 condidit,
1195 2240 1276 2281 qua
1288 2223 1612 2266 ecclesiasticum
1631 2223 1768 2265 forum
1787 2225 1840 2266 de
1861 2224 2001 2267 medio

165 2288 344 2339 sustulit,
369 2288 485 2346 quod
516 2288 558 2329 in
592 2289 785 2330 universa
821 2288 1045 2330 Mexicana
1080 2290 1315 2346 Republica
1343 2304 1510 2347 semper
1542 2289 1748 2347 viguerat.
1781 2291 1872 2331 Etsi
1900 2305 2001 2332 vero

164 2352 428 2395 Venerabilis
463 2355 611 2393 Frater
629 2355 810 2394 Lazarus
830 2353 1184 2411 Archiepiscopus
1200 2353 1443 2395 Mexicanus
1462 2364 1551 2394 tum
1585 2369 1676 2406 suo,
1698 2365 1787 2395 tum
1812 2354 2002 2396 omnium

164 2417 274 2459 illius
305 2417 560 2474 Reipublicr
597 2418 821 2459 Sacicrum
851 2417 1103 2459 Antistitum
1132 2429 1173 2459 et
1202 2418 1311 2460 Cleri
1344 2420 1514 2460 nomine
1546 2430 1692 2460 contra
1727 2419 1836 2461 hanc
1863 2419 2001 2478 legem

164 2482 391 2552 protestari
431 2482 546 2522 haud
578 2481 783 2532 omiserit,
813 2494 956 2524 tamen
982 2482 1102 2524 irrita
1134 2483 1212 2525 fuit
1244 2482 1451 2539 ejusmodi
1474 2483 1733 2536 ieclamatio,
1764 2496 1804 2526 et
1832 2484 1999 2526 Guber-

166 2545 282 2587 nium
311 2544 484 2586 minime
509 2546 700 2588 extimuit
733 2547 963 2599 declarare,
993 2563 1036 2588 se
1057 2563 1273 2604 nunquam
1299 2564 1373 2589 sua
1395 2558 1484 2588 acta
1509 2564 1714 2606 supremae
1740 2549 1863 2604 hujus
1886 2551 2002 2608 Apo-

168 2610 321 2652 stolicae
356 2610 475 2651 Sedis
503 2612 742 2653 auctoritati
767 2628 856 2653 esse
889 2613 1192 2667 subjecturum.
1216 2614 1353 2669 Atque
1374 2612 1486 2653 idem
1509 2613 1770 2655 Gubeinium
1789 2613 1998 2655 molestis-

168 2675 271 2717 sime
294 2674 435 2716 ferens
458 2675 809 2732 indignationem,
841 2692 967 2733 quam
991 2676 1125 2718 fidelis
1150 2676 1386 2734 praesertim
1412 2679 1793 2736 Angelopolitanus
1817 2679 1999 2737 populus

167 2740 412 2782 ostenderat
438 2741 492 2780 ob
520 2741 713 2782 eamdem
731 2741 884 2799 legem,
909 2741 993 2781 duo
1018 2741 1150 2782 edidit
1173 2741 1354 2793 decreta,
1383 2758 1563 2799 quorum
1587 2743 1718 2786 altero
1744 2744 1886 2785 onmia
1906 2745 1998 2786 An-

168 2804 461 2863 gelopolitanae
493 2804 687 2846 Ecclesiae
720 2806 834 2846 bona
865 2805 994 2846 civilis
1026 2807 1284 2847 auctoritatis
1311 2807 1511 2865 potestati
1535 2820 1575 2849 et
1607 2809 1778 2849 arbitrio
1804 2808 1993 2864 subjecit,

170 2868 440 2924 adjudicavit,
465 2869 596 2909 altero
622 2884 815 2909 normam
832 2871 1098 2927 praescripsit,
1132 2886 1214 2927 qua
1234 2872 1349 2913 bona
1370 2873 1459 2930 ipsa
1487 2884 1623 2914 essent
1646 2872 1994 2915 administranda.

170 2936 275 2976 Cum
291 2944 431 2975 autem
447 2933 708 2975 Venerabilis
726 2935 873 2975 Frater
889 2934 1081 2991 Pelagius
1096 2935 1328 2993 Episcopus
1345 2936 1719 2996 Angelopolitanns
1733 2954 1806 2979 suo
1826 2951 1997 2979 munere

169 2999 336 3057 egregie
368 2999 544 3057 fungens
580 3011 726 3040 contra
762 3009 847 3038 tam
879 2999 1031 3054 injusta
1064 3015 1180 3056 aeque
1211 3016 1257 3041 ac
1290 3002 1489 3060 sacrilega
1519 3002 1687 3043 decreta
1719 3001 1996 3059 episcopalem

171 3064 366 3105 extulerit
376 3080 539 3115 vocem,
554 3075 642 3105 tum
654 3062 918 3105 Guberniuni
937 3063 1132 3104 eumdem
1151 3066 1392 3107 Antistitem
1405 3083 1569 3117 vexare,
1587 3067 1796 3117 insectari,
1817 3079 1996 3123 eumque

171 3128 336 3170 militari
355 3145 482 3171 manu
506 3127 909 3187 comprenhendere,
932 3128 1031 3168 etin
1056 3127 1226 3171 exilium
1246 3130 1399 3188 pellere
1420 3133 1592 3174 minime
1611 3130 1915 3174 reformidavit.
1934 3130 1996 3171 Ac
