2135 3442
163 158 238 194 402
653 152 839 187 LETTRE
868 149 1206 195 APOSTOLIQUE
1233 148 1299 182 DE
1327 148 1408 182 PIE
1436 148 1510 184 IX.

164 245 291 286 deant
312 258 400 284 non
419 239 640 282 manifesta
654 239 857 312 quidem,
887 237 948 280 uti
972 237 1087 288 alias,
1118 234 1404 294 aggressione,
1423 250 1723 293 armorumque
1746 238 1802 288 vi,
1826 237 1903 279 sed
1918 238 1998 279 fal-

162 308 251 350 515
241 323 388 365 {eque
377 323 424 349 ac
440 323 516 365 pel
518 304 686 347 niciosis
707 302 924 363 principiis
944 302 1093 344 callide
1117 300 1313 351 inductis,
1340 316 1387 341 ac
1406 299 1685 357 popularibus
1706 300 1892 344 motibus
1909 317 2001 344 ma-

161 372 298 415 litiose
317 371 521 414 excitatis.
539 371 698 441 Neque
708 369 821 411 enim
837 366 1257 410 erubescuntnefand
1261 381 1329 406 am
1346 365 1514 423 populis
1532 365 1709 407 suadere
1726 366 2004 409 rebellionem

163 450 310 480 contra
330 435 542 495 legitimos
565 434 791 494 plincipes,
812 448 937 490 quat.¹
925 433 978 472 ab
996 431 1202 489 Apostolo
1224 431 1334 472 elale
1358 441 1586 488 aperteque
1607 430 1863 472 damnatur
1852 443 1910 473 lta
1930 432 2005 474 (10-

163 514 319 546 cente:
349 500 539 543 ‹Omnis
574 499 712 540 anima
730 496 1016 555 potestatibus
1037 495 1355 537 sublimioribus
1373 494 1543 535 subdita
1575 494 1642 536 sit.
1670 496 1765 537 Non
1798 507 1862 537 est
1890 496 2004 538 enim

169 577 396 641 «potestas
412 565 491 607 nisi
518 581 541 605 a
560 565 650 605 Deo
679 579 687 604 :
721 579 813 620 quse
831 573 974 602 autem
994 572 1107 611 sunt,
1133 577 1156 602 a
1183 563 1275 602 Deo
1299 559 1506 601 ordinatae
1529 570 1642 601 sunt.
1675 561 1823 617 Itaque
1847 562 1917 618 qui
1932 577 2002 602 re-

168 653 185 669 «
210 631 318 675 sistit
337 629 555 689 potestati,
582 628 659 670 Dei
685 625 947 669 ordinationi
972 626 1144 667 resistit.
1167 626 1250 679 Qui
1272 637 1412 667 autem
1432 624 1647 676 1esistunt,
1676 625 1756 682 ipsi
1778 625 1858 667 sibi
1883 625 2004 667 dam-

178 698 427 739 ‹nationem
451 693 720 752 acquirunt¹.
739 714 756 729 »
772 694 884 733 Dum
898 708 997 733 vero
1015 691 1185 749 pessimi
1203 690 1712 732 istiusmodixeteratores
1724 691 2006 761 temporalem

163 761 361 805 Ecclesia}
383 758 720 802 dominationem
745 756 1054 814 aggrediuntur
1083 756 1257 826 ejusque
1285 755 1569 796 venerandam
1598 755 1892 798 auctoritatem
1910 755 2005 799 des-

162 827 341 886 piciunt,
362 841 413 867 eo
437 823 710 882 impudentize
732 822 808 863 dex
813 821 976 872 eniunt,
996 832 1043 862 ut
1061 837 1177 862 suam
1194 820 1238 861 in
1254 820 1523 862 Ecclesiam
1513 837 1645 878 ipsam
1665 821 1945 862 reverentiam
1965 833 2007 864 et

164 891 415 949 obsequium
439 890 582 948 palam
604 889 763 944 jactare
791 903 878 928 non
899 885 1107 927 desinant.
1143 887 1285 942 Atque
1312 885 1417 926 illud
1446 886 1510 927 vel
1537 885 1720 927 maxime
1754 885 2002 957 dolendum,

165 956 280 1015 quod
298 967 386 997 tam
412 970 538 1013 praxa
566 952 720 1010 agendi
746 951 914 993 latione
950 966 1042 993 sese
1061 950 1260 1008 polluerit
1286 966 1373 991 non
1391 966 1519 991 nemo
1544 950 1672 992 etiam
1697 965 1748 992 ex
1772 950 1821 992 iis
1839 950 1925 1008 qui,
1946 951 2008 993 uti

164 1021 382 1064 catholicae
411 1018 606 1061 Ecclesiae
627 1017 719 1068 filii,
746 1017 791 1058 in
816 1016 947 1075 ipsius
972 1016 1148 1057 tutelam
1169 1026 1296 1072 atque
1318 1015 1557 1072 praesidium
1584 1015 1830 1073 impendere
1851 1015 2009 1058 debent

165 1085 460 1128 auctoritatem
480 1100 562 1142 qua
582 1084 627 1125 in
645 1084 859 1139 subjectos
879 1081 957 1123 sibi
978 1081 1159 1140 populos
1178 1080 1414 1139 potiuntur.

223 1153 272 1192 In
302 1149 490 1192 subdolis
520 1165 567 1190 ae
600 1147 826 1207 perversis,
871 1162 974 1204 quas
1002 1147 1302 1198 lamentamur,
1334 1144 1722 1187 machinationibus
1753 1146 2009 1205 praecipuam

164 1216 293 1257 habet
322 1226 490 1274 partem
518 1213 799 1272 Subalpinum
825 1212 1108 1267 Gubernium,
1135 1227 1158 1252 a
1182 1227 1267 1268 quo
1294 1210 1461 1268 pridem
1491 1226 1638 1252 01111105
1671 1223 1828 1253 norunt
1853 1224 2011 1269 quanta

165 1292 205 1322 et
225 1296 351 1337 quam
370 1278 633 1338 deploranda
655 1294 706 1320 eo
725 1277 768 1318 in
787 1279 937 1335 Regno
968 1277 1124 1318 damna
1148 1292 1195 1317 ac
1216 1274 1472 1317 detrimenta
1492 1275 1686 1317 Ecclesiae
1711 1278 1882 1334 ejusque
1898 1277 2007 1334 juri-

164 1346 265 1395 hus,
300 1344 509 1402 sacrisque
542 1342 745 1384 ministris
772 1342 929 1383 suerint
957 1341 1101 1390 inlata,
1120 1341 1172 1382 de
1193 1339 1348 1398 quibus
1368 1340 1412 1381 in
1438 1339 1719 1382 consistoriali
1745 1341 2013 1399 potissimum

164 1409 433 1451 Allocutione
461 1409 528 1450 die
552 1409 680 1450 XXII
697 1407 881 1465 januarii
906 1407 1172 1449 MDCCCLV
1192 1406 1339 1447 habita
1363 1405 1641 1449 vehementer
1661 1406 1889 1449 doluimus.
1912 1409 2016 1450 Post

165 1475 388 1533 despectas
420 1475 626 1515 hactenus
656 1474 835 1515 Nostras
869 1488 918 1515 ea
949 1473 1001 1514 de
1032 1488 1078 1514 re
1103 1471 1354 1529 justissimas
1384 1471 1711 1513 reclamationes
1747 1472 2016 1514 Gubernium

166 1540 307 1598 ipsum
328 1555 378 1581 00
398 1538 647 1580 temeritatis
666 1538 798 1579 modo
821 1554 1099 1596 progressum
1127 1548 1206 1588 cst,
1232 1549 1279 1578 ut
1295 1538 1348 1578 ab
1369 1535 1595 1595 irroganda
1619 1535 1846 1578 universali
1872 1537 2018 1580 Eccle-

166 1604 234 1646 siae
255 1604 409 1661 injuria
432 1603 608 1646 minime
629 1603 898 1654 abstinuerit,
921 1603 1091 1644 civilem
1107 1602 1316 1659 impetens
1338 1601 1647 1673 principatum,
1669 1617 1754 1659 quo
1773 1604 1889 1644 Deus
1907 1602 2018 1644 hanc

166 1671 213 1711 Β.
240 1668 354 1710 Petri
382 1668 535 1710 Sedem
566 1667 817 1709 instructam
839 1667 972 1709 voluit
993 1667 1046 1709 ad
1067 1666 1289 1724 apostolici
1311 1665 1535 1717 ministerii
1558 1666 1816 1717 libertatem,
1840 1666 1900 1708 uti
1926 1666 2019 1708 ani-

167 1733 488 1785 madvertimus,
512 1733 718 1775 tuendam
749 1748 857 1804 aque
880 1732 1143 1773 servandam
1171 1730 1363 1772 Primum
1389 1746 1488 1771 sane
1518 1746 1568 1772 ex
1593 1730 1827 1772 manifestis
1845 1747 2018 1789 aggres-

171 1798 300 1841 sionis
319 1798 484 1839 indiciis
502 1798 662 1856 prodiit
683 1814 815 1855 quum
840 1798 883 1838 in
904 1796 1129 1838 Palisiensi
1149 1799 1267 1838 Com
1271 1807 1372 1837 entu
1397 1811 1510 1837 anno
1534 1796 1816 1837 MDCCCLVI
1841 1807 1950 1847 acto,
1967 1812 2019 1838 ex

168 1875 289 1923 parte
328 1863 519 1920 ejusdem
563 1862 782 1920 Subalpini
818 1862 1049 1912 Gubernii,
1085 1862 1196 1902 inter
1229 1861 1405 1902 hostiles
1442 1860 1669 1901 nonnullas
1707 1860 2014 1918 expositiones,

168 1929 356 1988 speciosa
386 1928 580 1985 qufedam
609 1929 717 1969 ratio
746 1928 968 1986 proposita
994 1926 1074 1968 fuit.
1099 1926 1152 1967 ad
1186 1926 1304 1968 civile
1327 1924 1509 1966 Romani
1538 1924 1754 1966 pontificis
1783 1924 2019 1967 dominium

169 1994 494 2044 infirmandum,
516 2004 557 2034 et
577 1992 628 2034 ad
654 1992 789 2050 Ipsius
803 1994 1052 2049 Sanctaeque
1065 1992 1189 2047 hujus
1210 1990 1328 2032 Sedis
1346 1989 1641 2032 auctoritatem
1664 1989 2016 2033 imminuendam.

168 2059 254 2100 Ubi
272 2076 372 2100 vcro
398 2058 614 2117 superiore
648 2074 761 2099 auno
789 2058 982 2099 Italicum
1005 2056 1160 2098 exarsit
1179 2056 1342 2097 bellum
1366 2055 1478 2096 inter
1494 2054 1673 2096 Austriae
1694 2056 2015 2113 Imperatorem,

173 2135 215 2165 et
232 2123 460 2164 foederatos
474 2123 655 2164 invicem
670 2124 977 2180 Imperatorem
993 2120 1228 2163 Galliarum
1246 2137 1293 2162 ac
1310 2120 1512 2162 Sardiniae
1525 2122 1702 2177 Regem,
1717 2119 1821 2161 nibil
1839 2120 2016 2173 fraudis,

172 2188 280 2230 nihil
303 2188 471 2229 sceleris
494 2187 825 2246 praetermissum
846 2199 922 2238 est,
947 2198 995 2228 ut
1017 2186 1249 2228 Pontificiae
1269 2187 1434 2227 Nostrae
1455 2184 1629 2226 ditionis
1651 2185 1798 2243 populi
1818 2186 1871 2227 ad
1893 2185 2016 2228 nefa-

172 2252 280 2294 riam
315 2252 600 2294 defectionem
637 2252 778 2293 modis
813 2252 1012 2293 omnibus
1044 2251 1380 2308 impellerentur.
1420 2249 1531 2292 Hinc
1567 2249 1837 2308 instigatores
1874 2251 2014 2304 missi,

172 2316 353 2375 pecunia
375 2317 549 2375 largiter
576 2317 725 2369 effusa,
749 2333 865 2358 arma
889 2316 1173 2375 suppeditata,
1201 2315 1474 2357 incitamenta
1492 2313 1631 2373 pravis
1647 2315 1814 2373 scriptis
1832 2326 1874 2357 et
1890 2316 2019 2374 ephe-

172 2381 348 2423 meridis
369 2382 556 2436 admota,
589 2393 631 2423 et
651 2398 778 2424 omne
803 2381 1002 2423 fraudum
1024 2397 1155 2439 genus
1184 2380 1426 2422 adhibitum
1448 2380 1513 2420 vel
1533 2380 1586 2420 ab
1609 2379 1706 2430 illis,
1733 2380 1806 2437 qui
1826 2380 2016 2436 ejusdem

175 2446 382 2489 Gubernii
398 2446 611 2503 legatione
634 2449 780 2488 Romae
799 2448 1041 2505 fungentes,
1065 2446 1180 2488 nulla
1199 2445 1343 2486 habita
1364 2444 1554 2503 gentium
1572 2444 1680 2499 juris
1696 2444 2016 2503 honestatisque

174 2511 354 2559 ratione,
381 2511 554 2568 proprio
576 2528 753 2553 munere
772 2528 996 2570 perperam
1016 2512 1303 2555 abutebantur
1322 2509 1377 2551 ad
1400 2508 1687 2551 tenebricosas
1707 2509 1950 2553 molitiones
1970 2511 2015 2552 in

175 2574 390 2617 Pontificii
408 2575 551 2616 Nostri
573 2577 781 2618 Gubernii
800 2577 1032 2635 perniciem
1055 2575 1254 2634 agendas.

240 2664 404 2705 Oborta
434 2662 587 2704 deinde
607 2663 650 2704 in
674 2665 891 2706 nonnullis
915 2663 1089 2706 ditionis
1108 2664 1272 2705 Nostrae¹
1294 2661 1538 2720 provinciis,
1558 2679 1651 2720 quae
1672 2662 1833 2705 dudum
1854 2662 2016 2704 occulte

178 2738 426 2786 comparata
464 2726 617 2778 fuerat,
652 2729 881 2782 seditione,
913 2729 1024 2770 illico
1058 2744 1135 2786 per
1166 2727 1352 2768 fautores
1376 2728 1490 2785 regia
1521 2727 1727 2769 dictatura
1754 2727 2016 2786 proclamata

177 2804 255 2845 est,
299 2792 527 2849 statimque
562 2808 585 2832 a
618 2794 851 2851 Subalpino
889 2795 1107 2836 Gubernio
1137 2791 1411 2834 commissarii
1454 2792 1628 2843 adlecti,
1666 2792 1738 2849 qui
1776 2791 1859 2833 alio
1888 2791 2017 2834 etiam

180 2857 354 2900 nomine
375 2868 523 2915 postea
555 2857 752 2914 appellati
773 2859 1012 2915 provincias
1038 2858 1128 2899 illas
1157 2857 1363 2916 regendas
1392 2869 1621 2899 sumerent.
1649 2859 1763 2898 Dum
1787 2857 1878 2898 haec
1912 2872 2014 2914 age-

178 2934 341 2975 rentur,
374 2923 461 2964 Nos
482 2922 715 2979 gravissimi
738 2922 863 2963 officii
882 2923 1028 2964 Nostri
1052 2938 1263 2965 memores
1283 2939 1370 2964 non
1395 2921 1739 2980 praetermisi'mus
1770 2921 1882 2963 binis
1900 2922 2011 2963 Nos-

178 2988 252 3028 tris
288 2986 629 3029 Allocutionibus
666 2986 735 3027 die
780 2988 862 3027 XX
901 2987 1037 3038 Junii,
1084 2998 1125 3028 et
1156 2988 1303 3028 XXVI
1339 2986 1600 3045 Septembris
1644 2986 1861 3044 superiore
1900 2999 2012 3026 anno

188 3050 340 3093 habitis
362 3051 415 3092 de
437 3050 596 3092 violato
616 3050 726 3093 civili
748 3051 920 3106 hujusce
941 3053 982 3094 S.
1011 3052 1127 3094 Sedis
1145 3051 1387 3110 principatu
1407 3051 1607 3095 altissime
1627 3052 1844 3111 conqueri,
1866 3048 2011 3092 simul-

228 3195 260 3226 1.
287 3192 323 3225 S.
351 3193 451 3226 Paul.
466 3193 533 3239 Ep.
550 3191 594 3226 ad
611 3193 730 3233 Rom„
750 3204 781 3228 c.
805 3195 861 3239 13,
883 3205 918 3225 v.
944 3195 957 3225 l
981 3200 1013 3225 et
1034 3204 1105 3237 seq.
