2135 3442
850 255 994 291 XXVII
1023 255 1147 291 JULII
1177 254 1420 291 MDCCCLV·

530 474 595 542 S.
644 474 710 541 S.
762 475 1072 541 DOMINI
1114 474 1430 542 NOSTRI
1477 474 1599 541 PII
1649 476 1738 543 IX

951 622 1319 673 ALLOCUTIO

663 758 703 783 nx·
738 757 1004 783 CONslsTomo
1038 759 1216 785 SEcaETo
1253 765 1299 792 27
1337 759 1443 784 JUL11
1483 755 1607 786 1855.

882 892 928 930 V
927 891 1095 931 enerabi
1101 891 1160 931 les
1188 892 1380 944 Fratres,

271 1006 378 1045 Cum
399 1018 508 1060 saepe
528 1002 571 1042 in
594 1002 674 1043 hoc
691 1013 831 1044 vestro
849 1019 1065 1053 consessu,
1082 1003 1212 1044 veluti
1227 1003 1387 1061 optime
1402 1004 1550 1055 nostis,
1573 1003 1846 1046 Venerabiles
1864 1006 2047 1056 Fratres,

218 1080 302 1105 non
323 1063 411 1104 sine
426 1061 612 1102 maximo
635 1061 764 1102 animi
782 1062 927 1103 Nostri
943 1062 1092 1103 dolore
1111 1061 1286 1103 afflictas
1304 1062 1346 1102 in
1362 1064 1592 1121 Subalpino
1609 1065 1756 1121 Regno
1780 1063 2052 1105 sanctissimae

212 1126 425 1184 religionis
446 1142 510 1167 res
540 1126 758 1167 lamentati
779 1128 922 1177 simus,
947 1137 1037 1168 tum
1061 1127 1296 1184 praesertim
1317 1127 1360 1167 in
1382 1127 1652 1170 Allocutione
1675 1128 1741 1168 die
1763 1127 1968 1186 vigesimo
1992 1144 2053 1170 se-

210 1191 351 1233 cundo
373 1190 560 1231 Januarii
583 1191 705 1246 hujus
730 1191 830 1232 anni
850 1191 904 1232 ad
927 1208 1001 1233 vos
1025 1191 1184 1242 habita,
1205 1191 1401 1250 typisque
1422 1192 1549 1246 edita,
1573 1193 1713 1234 denuo
1739 1193 1960 1249 conquesti
1977 1209 2050 1235 su-

210 1273 304 1298 mus
326 1256 597 1297 acerbissima
626 1271 726 1297 sane
747 1256 937 1305 vulnera,
965 1272 1056 1313 quae
1079 1256 1220 1314 plures
1245 1256 1399 1298 abhinc
1426 1272 1560 1298 annos
1582 1257 1861 1314 Subalpinum
1881 1258 2050 1298 Guber-

210 1322 331 1363 nium
363 1321 579 1362 catholicae
621 1321 842 1373 Ecclesiae,
878 1323 1052 1378 ejusque
1084 1323 1313 1378 potestati,
1346 1321 1535 1376 juribus,
1578 1321 1790 1378 sacrisque
1825 1321 2050 1374 Ministris,

210 1385 450 1445 EpiscopiS,
479 1402 526 1426 ac
547 1401 754 1443 supremae
775 1387 940 1427 Nostrae
963 1397 1004 1427 et
1025 1388 1150 1441 hujus
1180 1387 1340 1427 Sanctae
1364 1386 1482 1428 Sedis
1508 1385 1709 1444 potestati
1734 1397 1775 1427 et
1794 1385 1990 1444 dignitati
2008 1388 2051 1428 in

210 1453 300 1493 dies
329 1452 551 1509 imponere
585 1467 672 1491 non
711 1450 880 1492 desinit.
915 1452 1008 1504 Qua
1042 1450 1213 1508 quidem
1242 1451 1512 1492 Allocutione
1540 1450 1830 1509 Apostolicam
1854 1451 2052 1493 Nostram

210 1517 364 1558 iterum
403 1516 652 1557 extollentes
688 1531 839 1557 vocem
876 1516 1214 1573 reprobavimus,
1247 1516 1555 1566 damnavimus,
1586 1526 1626 1557 et
1658 1515 1774 1556 irrita
1802 1531 1973 1572 prorsus
2005 1532 2053 1558 ac

210 1583 324 1623 nulla
347 1581 653 1623 declaravimus
675 1591 766 1621 tum
788 1580 932 1621 omnia
956 1592 997 1621 et
1019 1581 1182 1638 singula
1201 1581 1369 1622 decreta
1392 1581 1444 1622 ab
1469 1581 1620 1621 eodem
1641 1579 1862 1621 Gubernio
1887 1579 1930 1620 in
1953 1579 2051 1621 reli—

211 1647 364 1704 gionis,
389 1645 601 1694 Ecclesiae,
626 1655 668 1686 et
689 1645 814 1700 hujus
835 1646 997 1685 Sanctae
1026 1645 1146 1686 Sedis
1163 1645 1324 1700 jurium
1348 1645 1652 1686 detrimentum
1679 1644 1803 1698 edita,
1828 1655 1918 1684 tum
1938 1643 2051 1700 inju-

211 1711 457 1760 stissimam,
484 1708 904 1765 funestissimamque
935 1709 1073 1767 legem
1111 1720 1211 1750 tunc
1239 1709 1281 1750 in
1310 1710 1451 1750 medio
1484 1708 1683 1767 positam,
1719 1725 1801 1765 qua
1833 1709 1945 1750 inter
1973 1709 2051 1750 alia

210 1777 547 1834 proponebatur,
575 1790 723 1815 01111105
749 1774 835 1815 fere
858 1773 1113 1815 Monasticas
1133 1790 1180 1815 ac
1201 1773 1436 1831 Religiosas
1458 1774 1673 1830 utriusque
1695 1788 1816 1814 sexus
1836 1773 2048 1824 Familias,

211 1852 253 1883 et
276 1839 525 1897 Collegiales
546 1838 765 1889 Ecclesias,
789 1854 836 1880 ac
860 1838 1066 1895 simplicia
1087 1839 1292 1880 beneficia
1308 1840 1414 1894 juris
1432 1853 1601 1895 quoque
1619 1849 1868 1894 patronatus
1888 1840 2054 1896 penitus

212 1921 302 1948 esse
326 1903 626 1961 extinguenda,
652 1903 906 1959 illorumque
931 1903 1092 1945 reditus
1115 1914 1157 1945 et
1174 1905 1287 1944 bona
1310 1903 1441 1944 civilis
1458 1902 1679 1960 potestatis
1697 1902 2053 1945 administrationi

211 1983 254 2012 et
277 1969 454 2011 arbitrio
482 1968 761 2025 subjicienda.
786 1969 936 2025 Neque
958 1968 1178 2009 omisimus
1203 1979 1420 2009 tantorum
1444 1968 1657 2008 malorum
1680 1978 1887 2016 auctores,
1912 1968 2054 2009 fauto-

211 2051 363 2093 resque
392 2034 542 2076 eadem
573 2033 843 2074 Allocutione
871 2048 1060 2083 monere,
1094 2044 1141 2074 ut
1172 2033 1299 2074 etiam
1324 2044 1448 2089 atque
1480 2032 1608 2073 etiam
1633 2033 1774 2073 animo
1807 2044 2053 2089 reputarent

211 2115 424 2149 censuras,
452 2113 683 2156 poenasque
717 2097 966 2155 spirituales,
997 2113 1101 2154 quas
1129 2098 1383 2155 Apostolicae
1409 2096 1759 2149 Constitutiones,
1786 2108 1828 2138 et
1865 2113 2049 2140 000111110-

213 2164 407 2206 nieorum
430 2162 718 2204 Conciliorum
739 2162 909 2203 decreta
929 2174 1079 2204 contra
1100 2162 1277 2217 jurium,
1301 2163 1599 2218 bonorumque
1622 2162 1815 2202 Ecclesiae
1838 2162 2052 2205 invasores

213 2229 324 2271 facto
348 2229 440 2285 ipso
462 2227 739 2269 incurrendas
754 2226 968 2284 infligunt.
989 2229 1048 2268 Ea
1070 2243 1200 2284 porro
1221 2242 1293 2284 spe
1316 2228 1655 2268 sustentabamur
1675 2227 1780 2277 fore,
1804 2237 1850 2267 ut
1866 2226 1961 2284 ipsi,
1979 2227 2051 2283 qui

214 2292 419 2335 catholico
440 2291 612 2333 nomine
634 2291 886 2349 gloriantur,
912 2303 954 2334 et
975 2291 1017 2332 in
1037 2308 1086 2333 eo
1107 2303 1328 2332 morantur
1347 2294 1512 2349 Regno,
1537 2291 1580 2331 in
1602 2307 1685 2347 quo
1706 2292 1771 2331 vel
1795 2291 1933 2348 ipsum
1954 2293 2049 2333 Sta-

215 2368 353 2398 tutum
374 2356 577 2409 decernit,
599 2356 850 2397 catholicam
870 2356 1119 2414 religionem
1140 2372 1228 2397 esse
1253 2356 1408 2397 debere
1429 2356 1562 2396 solam
1583 2355 1708 2413 ipsius
1726 2356 1862 2413 Regni
1879 2356 2050 2414 religio—

212 2438 327 2470 nem,
357 2437 403 2461 ac
425 2420 547 2461 simul
569 2420 818 2478 praescribit,
840 2436 989 2462 omnes
1008 2420 1288 2478 proprietates
1305 2420 1393 2461 sine
1414 2420 1496 2461 ulla
1516 2420 1764 2478 exceptione
1784 2420 2050 2462 inviolabiles

212 2501 302 2527 esse
317 2485 507 2535 tuendas,
530 2486 702 2526 tandem
718 2485 946 2542 aliquando
963 2484 1206 2541 justissimis
1223 2483 1537 2525 venerabilium
1555 2486 1750 2526 Fratrum
1769 2484 1898 2543 ipsius
1914 2487 2045 2542 Regni

212 2549 503 2609 praestantium
524 2549 770 2591 Antistitum
789 2550 1213 2608 expostulationibus,
1238 2565 1284 2590 ac
1299 2548 1464 2590 Nostris
1480 2549 1640 2591 iteratis
1659 2548 2043 2599 reclamationibus,

215 2613 409 2672 querelis,
432 2616 702 2671 paternisque
720 2615 892 2656 monitis
912 2614 1133 2666 commoti,
1158 2630 1254 2654 suas
1272 2624 1450 2664 mentes,
1472 2615 1795 2671 voluntatesque
1814 2614 1867 2656 ad
1881 2614 2047 2655 saniora

215 2678 389 2721 consilia
422 2690 692 2729 revocarent,
722 2691 848 2736 atque
874 2696 897 2720 a
930 2679 1170 2720 divexanda
1207 2678 1393 2719 Ecclesia
1425 2678 1697 2729 desisterent,
1734 2690 1775 2720 et
1807 2678 2046 2737 gravissima

215 2744 370 2786 damna
401 2743 539 2784 eidem
566 2743 689 2784 allata
718 2760 916 2801 reparare
940 2754 1233 2801 properarent.
1256 2744 1394 2795 Quam
1415 2759 1533 2801 spem
1548 2744 1828 2786 ostendebant
1844 2742 2046 2784 nonnulla

215 2808 482 2867 potissimum
498 2807 704 2865 promissa
724 2807 876 2849 iisdem
895 2809 1130 2866 Episcopis,
1153 2807 1277 2859 facta,
1298 2807 1449 2864 quibus
1465 2808 1592 2850 fidem
1613 2807 1761 2850 haberi
1781 2824 1904 2867 posse
1928 2808 2044 2849 arbi-

215 2874 450 2915 trahamur.

277 2999 334 3038 At
356 2996 546 3038 dolentes
567 2995 760 3046 dicimus,
788 3012 875 3036 non
901 2997 1038 3037 solum
1063 2995 1340 3053 Subalpinum
1359 2997 1503 3038 Gube1
1507 2997 1622 3038 nium
1645 3012 1724 3038 nec
1749 3011 1920 3038 suorum
1938 2993 2043 3051 Epi-

218 3077 443 3131 scoporum
462 3059 834 3118 postulationibus,
856 3076 933 3101 nec
948 3060 1087 3101 Nosti
1078 3077 1109 3101 1s
1127 3059 1301 3102 vocibus
1322 3061 1511 3103 auditum
1530 3061 1723 3119 p1aebuit,
1750 3076 1822 3102 ver
1825 3075 1896 3101 um
1915 3057 2041 3100 etiam

219 3125 430 3196 graviores
449 3140 614 3196 semper
632 3124 830 3166 Ecclesiae
855 3141 902 3166 ac
919 3126 1082 3166 Nostrae
1101 3135 1142 3166 et
1161 3125 1284 3180 hujus
1304 3126 1554 3183 Apostolicae
1577 3125 1694 3167 Sedis
1718 3122 1953 3166 auctoritati
1972 3122 2040 3164 in-

221 3189 400 3232 ferens
390 3189 586 3246 injurias,
624 3205 672 3232 ac
706 3189 849 3248 plures
885 3190 1060 3232 Nostras
1093 3192 1417 3248 protestationes
1452 3201 1494 3232 et
1517 3203 1693 3248 paterna
1723 3189 1849 3231 etiam
1882 3188 2040 3230 monita
