2135 3442
172 201 193 233 δ’
427 197 738 244 ENCYCLIQUE
767 197 830 232 DE
860 198 905 234 N.
932 198 974 234 T.
1007 197 1044 232 S.
1078 198 1118 233 P.
1148 197 1206 231 LE
1234 196 1358 230 PAPF,
1386 195 1464 229 PIE
1492 194 1560 230 IX.
1622 192 1738 229 1864.

173 286 422 332 existentia:
460 286 688 331 rationem
721 285 872 345 ajure
899 284 1137 329 dumtaxat
1173 282 1294 327 civili
1337 281 1561 337 mutuari3
1599 281 1892 344 proindeque
1938 298 1993 326 ex

172 350 270 412 lege
295 360 478 395 tantum
500 350 623 395 civili
646 349 887 394 dimanare
910 364 963 393 ac
983 349 1304 410 penderejura
1328 345 1488 390 omnia
1514 354 1763 407 parentum
1783 346 1830 390 in
1853 345 1990 404 filios,

174 431 281 460 cum
309 415 469 477 primis
497 430 607 460 vero
627 414 702 475 jus
731 413 1032 458 institutionis
1065 410 1450 470 educationisque
1477 408 1712 455 curandae.
1748 429 1769 451 ))
1809 410 1995 466 Quibus

173 479 327 542 impiis
372 479 692 542 opinionibus,
737 476 1254 536 macliinationibusque
1286 475 1333 518 in
1368 474 1416 519 id
1462 475 1692 537 praecipue
1738 473 1994 521 intendunt

174 544 449 589 fallacissimi
464 544 536 589 isti
557 543 788 597 homines,
819 551 866 587 ut
881 541 1113 587 salutifera
1134 539 1372 584 catholicae
1393 538 1603 584 Ecclesiae
1622 538 1837 584 doctrina
1853 554 1907 584 ac
1927 540 1995 586 vis

173 624 199 653 a
225 609 480 670 juventutis
512 608 802 652 institutione
830 616 874 651 et
905 606 1181 651 educatione
1222 619 1411 666 prorsus
1450 603 1730 657 eliminetur,
1765 620 1817 649 ac
1848 605 1994 649 teneri

175 672 491 734 flexibilesque
508 674 736 735 juvenum
751 671 894 718 animi
912 669 1182 733 perniciosis
1207 668 1471 730 quibusque
1503 667 1756 726 erroribus,
1784 669 1995 729 vitiisque

174 739 340 783 misere
375 737 640 783 inficiantur
678 752 731 782 ac
760 736 1090 799 depraventur.
1142 732 1382 794 Siquidem
1427 748 1608 791 omnes,
1642 733 1723 796 qui
1756 749 1855 779 rem
1895 742 1995 779 tum

173 818 369 859 sacram,
395 812 495 848 tum
522 800 760 865 publicam
782 799 1071 864 perturbare,
1095 814 1148 843 ac
1171 807 1351 843 rectum
1375 797 1606 843 societatis
1625 798 1841 843 ordinem
1862 814 1993 844 ever-

175 876 286 925 tere,
309 876 353 912 et
370 868 477 929 jura
496 867 656 912 onmia
681 866 838 911 divina
858 874 900 910 et
925 864 1133 909 humana
1151 862 1306 907 delere
1319 871 1428 907 sunt
1442 863 1614 919 conati,
1642 863 1801 908 omnia
1819 863 1997 909 nefaria

173 948 256 977 sua
273 932 482 990 consilia,
514 931 667 977 studia
690 940 735 976 et
759 945 952 993 operam
978 929 1025 974 in
1060 927 1376 990 improvidam
1416 927 1668 990 praesertim
1701 928 1995 989 juventutem

173 995 500 1059 decipiendam
526 1012 579 1041 ac
599 994 967 1058 depravandam,
996 1002 1045 1038 ut
1076 1008 1217 1055 supra
1253 992 1513 1049 innuimus,
1555 1008 1740 1055 semper
1779 993 1993 1038 contule-

175 1070 299 1116 runt,
337 1077 617 1123 omnemque
655 1076 785 1123 spem
814 1059 861 1104 in
897 1059 1040 1121 ipsius
1079 1057 1338 1118 juventutis
1379 1057 1645 1120 corruptela
1684 1056 1992 1103 collocarunt.

173 1125 404 1181 Quocirca
429 1141 670 1188 nunquam
694 1132 873 1170 cessant
892 1133 1142 1183 utrumque
1165 1121 1361 1180 clerum,
1379 1138 1433 1168 ex
1447 1138 1562 1184 quo,
1580 1121 1721 1168 velut-i
1744 1122 1996 1167 certissima

172 1189 372 1235 historiae
425 1198 732 1235 monumenta
786 1186 1025 1250 splendide
1068 1195 1309 1244 testantur,
1351 1195 1421 1232 tot
1470 1203 1640 1248 magna
1693 1187 1740 1232 in
1786 1187 1997 1232 christia-

171 1271 303 1312 nam,
344 1255 549 1309 civilem,
581 1264 625 1299 et
657 1252 929 1299 litterariam
963 1250 1304 1314 rempublicam
1348 1252 1602 1299 commoda
1648 1251 1993 1310 redundarunt,

171 1319 545 1382 quibuscumque
576 1318 778 1364 infandis
815 1316 967 1362 modis
1004 1316 1247 1372 divexare,
1287 1326 1332 1361 et
1374 1317 1583 1375 edicere,
1619 1317 1773 1380 ipsum
1811 1317 1998 1362 Clerum

174 1403 197 1425 «
236 1393 395 1446 utpote
428 1400 554 1442 vero,
599 1383 794 1445 utilique
828 1382 1029 1428 scientiae
1064 1391 1108 1426 et
1152 1381 1380 1426 civilitatis
1423 1382 1689 1444 progressui
1731 1382 1995 1438 inimicum,

170 1447 229 1492 ab
270 1449 400 1493 omni
430 1449 687 1510 juventutis
732 1446 1025 1493 instituendae
1062 1446 1412 1509 educandaeque
1447 1463 1558 1492 cura
1605 1456 1650 1492 et
1700 1446 1857 1492 officio
1901 1462 1999 1492 esse

170 1512 503 1557 amovendum.
536 1532 558 1556 »

240 1578 291 1620 At
325 1593 437 1622 vero
467 1578 541 1622 alii
566 1579 872 1622 instaurantes
895 1591 1038 1639 prava
1067 1591 1118 1621 ac
1143 1577 1279 1622 toties
1303 1577 1522 1623 damnata
1551 1585 1831 1621 novatorum
1863 1593 1997 1621 com-

173 1651 345 1698 menta,
370 1642 537 1703 insigni
560 1642 851 1704 impudentia
877 1640 1070 1698 audent,
1093 1641 1307 1687 Ecclesiae
1332 1651 1376 1687 et
1398 1641 1538 1704 hujus
1563 1640 1840 1704 Apostolicae
1864 1641 1999 1687 Sedis

173 1721 439 1767 supremam
463 1708 788 1752 auctoritatem
821 1722 845 1751 a
876 1705 1058 1751 Christo
1082 1706 1288 1752 Domino
1319 1708 1361 1752 ei
1381 1706 1604 1752 tributam
1627 1705 1772 1751 civilis
1800 1707 2000 1752 auctori-

175 1770 278 1814 tatis
301 1770 491 1816 arbitrio
513 1771 754 1832 subjicere,
786 1779 831 1815 et
854 1772 1013 1816 onmia
1034 1771 1244 1832 ejusdem
1267 1771 1482 1817 Ecclesiae
1506 1781 1551 1816 et
1571 1771 1701 1817 Sedis
1720 1770 1826 1832 jura
1853 1771 1998 1817 dene-

176 1849 282 1895 gare
309 1835 429 1880 circa
449 1851 503 1881 ea
534 1853 636 1897 quae
667 1836 727 1881 ad
761 1836 1037 1881 exteriorem
1076 1836 1294 1882 ordinem
1337 1837 1588 1899 pertinent.
1628 1838 1839 1897 Namque
1873 1837 1999 1898 ipsos

178 1899 370 1944 minime
399 1899 545 1962 pudet
564 1900 792 1946 affirmare
819 1921 839 1942 (ι
868 1901 1077 1946 Ecclesiae
1109 1901 1232 1963 leges
1260 1918 1358 1946 non
1383 1900 1592 1963 obligare
1612 1900 1660 1945 in
1689 1900 1995 1957 conscientia,

179 1963 265 2008 nisi
293 1980 401 2009 cum
423 1965 781 2026 promulgantur
804 1981 830 2011 a
851 1965 973 2010 civili
997 1975 1245 2027 potestate,
1268 1976 1370 2011 acta
1394 1975 1439 2011 et
1464 1967 1650 2011 decreta
1675 1968 1998 2011 Romanorum

179 2028 457 2073 Pontificum
482 2029 542 2074 ad
556 2029 824 2090 religionem
850 2040 893 2075 et
914 2030 1165 2076 Ecclesiam
1190 2031 1447 2093 spectantia
1463 2030 1672 2091 indigere
1696 2031 1938 2075 sanctione
1954 2040 2000 2076 et

180 2093 538 2154 approbatione,
580 2095 653 2138 vel
697 2096 947 2139 minimum
980 2111 1166 2141 assensu
1190 2096 1432 2158 potestatis
1471 2096 1642 2151 civilis;
1668 2095 2000 2141 Constutiones

182 2158 500 2218 Apostolicas¹,
523 2158 690 2220 quibus
713 2158 996 2204 damnantur
1015 2160 1313 2206 clandestinae
1332 2162 1594 2219 societates,
1617 2161 1712 2206 sive
1733 2160 1781 2204 in
1808 2160 1872 2205 eis
1896 2161 1999 2205 exi-

181 2231 329 2280 gatur,
356 2222 449 2267 sive
471 2240 566 2267 non
590 2224 797 2284 exigatur
813 2224 1133 2285 juramentum
1157 2225 1215 2270 de
1245 2235 1422 2271 secreto
1463 2225 1712 2281 servando,
1741 2239 1999 2287 earumque

181 2285 361 2330 asseclae
404 2296 448 2331 et
479 2287 681 2332 fautores
724 2288 1017 2334 anathemate
1064 2290 1370 2347 mulctantur,
1411 2290 1588 2336 nullam
1622 2289 1795 2335 habere
1821 2290 1916 2334 vim
1950 2290 1999 2335 in

182 2349 268 2394 illis
304 2350 427 2395 orbis
462 2352 732 2412 regionibus
768 2352 848 2397 ubi
877 2354 1107 2415 ejusmodi
1139 2356 1486 2417 aggregationes
1522 2355 1782 2400 tolerantur
1820 2370 1846 2400 a
1877 2354 2001 2399 civili

182 2413 434 2475 gubernio3
484 2418 1015 2463 excommunicationem
1052 2436 1079 2464 a
1119 2420 1329 2465 Concilio
1373 2420 1645 2465 Tridentino
1686 2428 1732 2464 et
1779 2421 2001 2464 Romanis

186 2479 486 2525 Pontificibus
506 2481 646 2526 latam
676 2482 722 2526 in
754 2498 849 2540 eos,
867 2483 946 2543 qui
967 2483 1073 2545 jura
1096 2486 1506 2547 possessionesque
1536 2483 1747 2529 Ecclesiae
1771 2483 2000 2528 invadunt

181 2552 224 2588 et
257 2555 499 2607 usurpant,
532 2546 615 2590 niti
644 2546 918 2592 confusione
956 2548 1134 2593 ordinis
1173 2550 1423 2612 spiritualis
1462 2549 1734 2611 ordinisque
1772 2548 1917 2593 civilis
1944 2564 1998 2594 ac

179 2609 373 2669 politici,
402 2609 461 2654 ad
498 2610 790 2655 mundanum
827 2611 1066 2657 dumtaxat
1089 2613 1271 2659 bonum
1307 2613 1716 2678 prosequendum;
1743 2612 1998 2659 Ecclesiam

178 2672 295 2718 nihil
319 2673 490 2719 debere
522 2674 789 2732 decernere,
811 2675 939 2736 quod
965 2676 1253 2739 obstringere
1277 2680 1424 2741 possit
1447 2679 1655 2725 fidelium
1687 2678 1997 2724 conscientias

177 2737 224 2780 in
250 2738 414 2783 ordine
446 2738 504 2783 ad
529 2756 663 2783 usum
688 2755 844 2783 rerum
870 2742 1221 2803 temporalium,
1247 2744 1459 2790 Ecclesiae
1489 2749 1566 2807 jus
1598 2759 1695 2788 non
1729 2753 1996 2805 competere

177 2801 424 2848 violatores
461 2802 615 2864 legum
650 2819 837 2849 suarum
877 2806 1026 2867 poenis
1066 2808 1400 2870 temporalibus
1444 2807 1715 2866 coercendi3
1752 2807 1994 2853 conforme

175 2882 273 2911 esse
300 2883 437 2913 sacra)
468 2867 727 2928 theologice,
761 2868 973 2928 jurisque
1002 2870 1177 2931 publici
1219 2873 1474 2935 principiis,
1512 2873 1751 2918 bonorum
1785 2872 1993 2934 proprie·

173 2939 332 2988 tatem,
357 2947 458 2994 quae
485 2931 543 2976 ab
567 2932 803 2990 Ecclesiis,
836 2948 862 2978 a
886 2936 917 2975 F
920 2934 1084 2979 amiliis
1108 2936 1343 2997 religiosis,
1370 2938 1564 3000 aliisque
1588 2937 1701 2983 locis
1734 2937 1822 3000 piis
1846 2936 1994 2998 possi-

172 2994 364 3053 dentur,
400 2996 523 3041 civili
564 2996 791 3057 gubernio
836 3012 1054 3052 asserere,
1083 3009 1126 3043 et
1160 3001 1412 3047 vindicare.
1449 3022 1470 3045 υ
1510 3005 1667 3064 Neque
1708 3000 1990 3047 erubescunt

172 3059 325 3121 palam
364 3060 642 3122 publiceque
689 3058 895 3122 profiteri
931 3061 1255 3109 haereticorum
1293 3066 1483 3112 effatum
1520 3076 1565 3112 et
1592 3066 1890 3129 principium,
1932 3082 1990 3112 ex

223 3184 259 3221 1.
291 3183 475 3221 Clement.
494 3185 567 3220 XII
593 3199 606 3217 «
624 3187 669 3219 In
685 3185 877 3231 eminenti,
894 3198 908 3216 >³
927 3198 1016 3233 pag.
1042 3187 1333 3232 124‚Benedict.
1354 3192 1440 3225 XIV
1458 3206 1471 3223 α
1497 3192 1674 3227 Providus
1694 3192 1954 3234 Romanorum,
1969 3205 1986 3222 ιο

163 3248 253 3286 pag.
277 3238 368 3282 130,
390 3235 445 3272 Pii
475 3238 543 3273 Vll
571 3253 586 3268 «
611 3238 828 3282 Ecclesiam,
847 3253 864 3270 2>
879 3250 973 3286 pag.
1000 3238 1090 3284 136,
1123 3239 1258 3276 Leonis
1278 3243 1351 3277 XII
1376 3259 1392 3275 u
1424 3246 1504 3291 Quo
1519 3247 1705 3292 graviora,
1726 3261 1740 3274 υ
1759 3256 1848 3291 pag.
1869 3243 1960 3279 124.
