2135 3442
146 137 221 172 430
764 129 1076 166 ALLOCUTION
1105 129 1169 164 DE
1197 129 1276 164 PIE
1303 128 1375 164 IX.

145 220 364 278 religiosas
387 234 590 277 personas
604 233 835 274 earumque
855 218 970 258 bona
992 227 1133 258 actum
1154 216 1376 287 hucusque
1392 225 1470 265 est,
1493 215 1561 256 vel
1581 226 1807 273 peragatur
1830 216 1873 256 in
1889 231 1987 274 pos·

145 299 301 336 terum,
325 284 592 335 damnamus,
616 284 914 342 reprobamus,
948 297 996 323 ac
1019 281 1176 323 nullius
1195 280 1259 322 vis
1279 291 1322 322 et
1341 280 1528 331 roboris,
1556 295 1604 321 ac
1624 296 1799 338 prorsus
1822 280 1988 323 irritum

145 350 289 409 palam
312 349 531 391 edicimus.
550 350 718 402 Quanta
739 363 838 389 vero
860 345 1018 402 ubique
1038 345 1089 387 sit
1106 361 1251 387 rerum
1272 344 1465 385 omnium
1486 356 1581 386 tum
1601 344 1869 403 publicarum
1897 356 1990 387 tum

146 415 409 473 privatarum
427 413 706 472 perturbatio,
724 423 906 470 quantus
923 410 967 451 in
987 411 1076 451 Eui
1079 427 1159 470 opa
1178 421 1337 460 motus,
1357 409 1526 467 quantis
1541 409 1720 451 dissidiis
1738 408 1891 467 flagret
1903 411 1988 452 Ita-

146 479 201 521 lia
216 479 359 537 ecquis
371 495 460 520 non
474 478 630 528 videat,
646 494 692 519 ic
705 475 941 518 Nobiscum
955 491 1042 516 non
1055 476 1238 518 maxime
1257 475 1429 517 doleat?
1441 476 1549 516 Tam
1564 475 1697 516 multa
1709 486 1882 532 tamque
1896 490 1990 533 gra-

148 544 213 586 via
233 544 295 586 rei
315 560 439 585 5110110
458 554 499 585 et
519 543 627 584 civili
643 541 799 583 inflicta
811 540 987 582 vulnera
1008 541 1341 591 considerantes,
1371 540 1606 581 exclamare
1627 556 1725 581 cum
1742 540 1958 598 Propheta
1975 556 1985 582 ε

153 631 169 646 «
195 609 358 651 Infecta
380 620 440 650 est
462 619 575 649 terra
597 609 650 648 ab
671 605 988 647 habitatoribus
1010 604 1093 646 suis
1115 605 1213 662 quia
1239 605 1490 663 transgressi
1516 615 1614 646 sunt
1634 605 1762 662 leges,
1794 616 1989 647 mutave-

147 685 248 717 runt
263 675 346 730 jus,
370 672 680 730 dissipaverunt
712 670 850 712 foedus
882 669 1208 727 sempiternum.
1239 692 1256 708 »
1284 671 1385 712 Haec
1419 681 1563 712 autem
1591 670 1804 711 malorum
1834 686 1990 729 conge-

147 739 230 781 ries
252 740 305 779 ab
323 738 372 779 iis
392 737 576 778 maxime
600 735 848 794 repetenda,
880 735 949 792 qui
981 745 1028 776 ut
1056 751 1174 776 suam
1208 750 1286 794 per
1314 735 1442 776 Italiae
1474 735 1578 777 fines
1605 734 1816 777 ditionem
1841 746 1990 777 exten—

149 804 252 846 dant
274 804 461 845 humana
483 817 658 859 qua‘que
669 802 765 856 jura
785 815 832 841 ac
852 799 994 841 divina
1009 799 1209 842 audacter
1226 810 1492 857 pervertunt,
1517 799 1780 858 quipublicae
1803 816 1874 842 seu
1897 800 1993 842 feli-

149 868 285 911 citatis
305 878 498 909 auctores
513 868 675 922 jactant
694 881 742 906 ac
777 864 1026 923 praedicant,
1060 880 1330 921 quocumque
1359 876 1500 907 tamen
1528 865 1805 923 pervaserint,
1833 864 1993 907 ibidem

149 932 383 975 saevissimae
401 931 528 973 veluti
557 940 830 988 tempestates
861 928 1066 987 impressa
1085 929 1331 986 relinquunt
1351 929 1507 971 furoris
1543 929 1779 987 excidiique
1797 930 1988 989 vestigia.

148 998 324 1040 Utinam
341 995 569 1054 aliquando
587 995 766 1036 redeant
785 993 1032 1051 insipientes
1053 993 1106 1035 ad
1132 1009 1223 1044 cor,
1243 993 1446 1035 nimirum
1484 994 1739 1053 intelligant,
1773 995 1994 1053 Religione

149 1064 330 1114 sublata,
372 1062 534 1103 nullum
557 1060 754 1101 humanae
776 1058 966 1101 societati
983 1073 1201 1117 superesse
1227 1058 1477 1117 praesidium
1504 1070 1595 1101 tum
1628 1059 1681 1101 ad
1720 1059 1994 1102 stabilitatem

150 1140 240 1170 tum
278 1127 332 1168 ad
351 1126 556 1184 quietem:
583 1124 745 1166 utinam
773 1123 853 1166 sibi
891 1122 1123 1181 aliquando
1139 1123 1425 1181 persuadeant
1444 1140 1573 1166 unam
1606 1140 1695 1166 esse
1732 1124 1994 1166 Catholicam

149 1192 416 1250 Religionem
426 1190 612 1232 veritatis
630 1188 894 1248 magistram,
919 1187 1124 1230 virtutum
1147 1188 1341 1229 omnium
1360 1189 1564 1239 altricem,
1588 1189 1631 1230 in
1654 1205 1737 1246 qua
1757 1189 1991 1240 civitatum,

149 1273 383 1315 regnorum
402 1254 672 1297 incolumitas
692 1254 889 1312 salusque
918 1253 1076 1295 nitatur
1100 1271 1109 1295 ε
1137 1253 1412 1295 meminerint
1432 1253 1676 1312 aliquando,
1706 1254 1995 1311 Apostolicam

150 1323 259 1363 hanc
299 1321 453 1363 Sedem
476 1320 636 1362 nedum
656 1320 923 1361 adversatam
944 1335 1165 1376 nunquam
1189 1319 1320 1361 fuisse
1346 1335 1453 1360 verae
1481 1335 1530 1361 ac
1556 1319 1700 1361 solidae
1735 1320 1996 1377 populorum

149 1385 352 1435 felicitati,
379 1385 479 1442 quin
501 1385 629 1426 etiam
649 1383 797 1442 quovis
816 1396 1008 1441 tempore
1027 1383 1080 1425 de
1099 1383 1297 1426 universo
1321 1384 1545 1426 hominum
1557 1400 1711 1442 genere
1732 1383 1860 1425 fuisse
1880 1399 1998 1441 egre-

150 1450 218 1508 gie
243 1449 546 1508 promeritam;
570 1465 646 1508 per
673 1449 789 1491 illam
815 1464 1001 1506 namque
1023 1449 1228 1491 traductae
1262 1450 1316 1491 ad
1335 1450 1648 1492 humanitatem
1668 1450 1862 1490 barbarae
1887 1465 1995 1507 gen-

150 1527 228 1566 teS,
258 1530 453 1571 veraeque
486 1514 704 1571 religionis
739 1514 963 1572 praeceptis
988 1513 1210 1565 institutae,
1239 1514 1373 1556 sedati
1397 1515 1611 1556 bellorum
1648 1514 1868 1565 tumultus,
1893 1529 1996 1572 pro-

150 1592 276 1621 vectae
306 1580 445 1621 modis
467 1579 666 1621 omnibus
683 1580 807 1620 honae
829 1591 941 1621 artes
959 1595 1008 1620 ac
1028 1578 1280 1637 disciplinae,
1302 1579 1555 1621 calamitosis
1575 1578 1781 1636 aegrisque
1798 1593 1998 1620 recrean-

152 1645 214 1686 dis
236 1645 406 1703 publica
426 1644 642 1686 charitatis
663 1643 841 1685 excitata
865 1643 1096 1695 domicilia,
1123 1660 1236 1685 asser
1241 1656 1281 1685 ta
1300 1644 1571 1702 promulgata
1591 1655 1633 1685 et
1652 1644 1917 1702 plincipibus
1955 1654 1997 1684 et

151 1709 320 1767 populis
359 1709 422 1750 vel
461 1708 503 1750 in
527 1708 724 1749 maximis
743 1707 1139 1765 pertuibationibus
1165 1707 1336 1763 justitia?
1365 1720 1490 1766 atque
1515 1710 1750 1750 honestatis
1770 1708 1992 1766 principia.

152 1775 251 1815 Haec
265 1785 417 1831 atque
405 1773 486 1814 alii
507 1772 759 1830 quamplula
780 1787 857 1829 pei
892 1772 1187 1829 Apostolicam
1207 1773 1361 1814 Sedem
1395 1773 1438 1814 in
1462 1775 1627 1815 bonum
1647 1774 1845 1814 humane
1869 1771 1997 1814 socie-

151 1838 247 1880 tatis
267 1838 444 1897 provide
472 1838 767 1895 sapienteique
788 1848 974 1894 peracta,
996 1836 1140 1877 multis
1161 1836 1412 1893 eximiisque
1434 1848 1585 1878 testata
1609 1836 1914 1888 monumentis,
1943 1837 1998 1878 ad

153 1903 291 1945 omnis
310 1902 654 1961 praedicationem
676 1901 878 1960 'temporis
900 1900 1131 1942 celebrabit
1151 1901 1346 1943 historia.

214 2398 296 2440 Sed
315 2399 403 2453 jam
431 2410 657 2455 paternum
683 2398 875 2439 animum
896 2397 1102 2438 Nostrum
1131 2395 1185 2437 ad
1214 2411 1258 2438 se
1286 2407 1459 2437 revocat
1480 2395 1675 2454 plurimis
1698 2395 1853 2437 afflicta
1873 2395 1996 2437 malis

156 2479 233 2522 per
253 2462 474 2504 Orientem
495 2462 694 2513 Ecclesia,
719 2478 811 2519 quae
835 2473 979 2503 tamen
1000 2461 1186 2502 cruentis
1205 2473 1445 2519 martyrum
1455 2460 1607 2518 palmis
1628 2460 1849 2502 nobilitari
1869 2476 1995 2502 orna-

154 2528 275 2585 rique
294 2543 381 2568 non
406 2527 574 2568 desinit.
601 2528 837 2584 Loquimur
863 2542 1035 2584 nempe,
1058 2525 1337 2568 Venerabiles
1357 2526 1544 2576 Fratres,
1571 2525 1624 2567 de
1648 2542 1782 2584 regno
1800 2526 1991 2576 Choreae‚

156 2594 208 2635 de
231 2592 473 2634 Sinensium
495 2592 680 2649 Imperio
700 2593 925 2650 regnisque
956 2590 1164 2642 finitimis,
1187 2590 1262 2632 ubi
1287 2606 1426 2647 neque
1447 2590 1721 2633 atrocissimis
1743 2589 1996 2632 cruciatibus

155 2673 235 2700 nec
256 2656 467 2698 dirissimo
487 2656 634 2713 quovis
657 2657 806 2698 mortis
831 2671 987 2715 genere
1007 2655 1227 2697 debilitata
1251 2666 1323 2697 aut
1350 2655 1458 2697 victa
1487 2666 1550 2697 est
1581 2655 1925 2697 Christianorum
1953 2654 1993 2696 in

156 2722 239 2763 fide
259 2720 517 2774 constantia,
540 2720 756 2777 loquimur
770 2722 823 2763 de
840 2721 1168 2762 Conchinchinae
1188 2736 1236 2761 ac
1254 2719 1467 2761 Tonchini
1488 2720 1750 2778 regionibus,
1774 2719 1818 2761 in
1843 2719 1996 2777 quibus

156 2786 211 2827 ad
231 2785 535 2827 extinctionem
554 2801 726 2842 prorsus
752 2785 967 2827 christiani
990 2785 1172 2827 nominis
1197 2785 1463 2827 acerbissime
1484 2785 1702 2827 recruduit
1724 2785 1996 2827 ethnicorum

157 2850 413 2892 immanitas.
449 2848 565 2902 Quid
595 2849 709 2890 enim
748 2850 1083 2892 memorabimus
1112 2850 1305 2908 collegia,
1339 2851 1548 2903 coenobia,
1591 2852 1764 2910 templa,
1803 2850 1996 2909 publicas

157 2917 426 2973 privatasque
446 2913 556 2955 aedes
574 2913 638 2954 vel
658 2914 747 2955 solo
772 2929 954 2969 eversas,
982 2915 1049 2957 vel
1069 2914 1251 2957 flammis
1274 2916 1546 2974 absumptas?
1568 2916 1671 2973 quid
1691 2914 1994 2958 Christifideles

158 2979 392 3021 referemus
411 2981 610 3036 cujusque
639 2979 771 3019 aetatis
793 3011 802 3031 ,
833 2979 1104 3031 conditionis,
1135 2979 1297 3022 ordinis
1317 2982 1476 3038 partim
1497 2982 1720 3023 saevissime
1743 2981 1990 3039 exagitatos,

158 3044 427 3102 nudatosque
460 3045 586 3085 rebus
625 3043 821 3085 omnibus
848 3043 927 3084 hac
948 3044 1042 3085 illac
1063 3056 1250 3087 errantes
1282 3045 1413 3086 vitam
1452 3046 1619 3088 trahere
1655 3057 1824 3088 coactos
1844 3043 1993 3102 quovis

159 3109 363 3168 supplicio
385 3109 663 3162 acerbiorem,
687 3108 842 3166 partim
866 3108 911 3148 in
949 3124 1161 3151 carcerem
1199 3109 1410 3161 detrusos,
1445 3111 1648 3168 omnique
1678 3120 1990 3152 tormentorum

159 3190 312 3231 genere
332 3175 625 3218 excruciatos?
659 3174 730 3232 qui
750 3185 893 3215 tamen
922 3172 966 3214 in
993 3172 1180 3216 ferendis
1219 3191 1298 3232 pro
1320 3175 1488 3217 Christo
1525 3175 1740 3233 suppliciis
1775 3189 1823 3216 ac
1853 3184 1990 3214 morte
