2135 3442
183 181 260 217 182
686 179 875 214 LETTRE
902 178 1217 224 ENCYCLIQUE
1244 178 1310 213 DE
1337 178 1415 213 PIE
1444 177 1513 214 IX.

186 285 210 309 a
230 265 449 308 nonnullis
471 264 614 318 etiam,
642 265 753 323 proh
780 265 903 307 dolor
923 267 931 307 l
963 265 1250 308 ecclesiasticis
1271 265 1368 306 viris
1392 264 1568 313 fovetur,
1591 264 1662 319 qui
1684 264 1861 322 propria¹
1884 265 2020 324 digni-

185 331 280 373 tatis
300 331 452 372 misere
480 329 617 381 obliti,
641 346 684 372 sc
714 331 985 390 voluptatum
1014 331 1231 372 blanditiis
1252 342 1294 371 ct
1321 328 1528 371 illecebris
1560 327 1669 369 vinci
1699 340 1740 370 et
1760 329 1926 372 deliniri
1944 348 2021 390 pa-

186 398 372 449 tiuntur,
404 396 488 437 huc
518 411 715 453 perversa
743 395 786 436 in
819 395 1130 453 philosophicis
1164 396 1392 453 praesertim
1425 393 1654 450 disciplinis
1682 393 1862 435 docendi
1894 398 2018 451 ratio,

187 477 278 519 quae
299 459 577 518 improvidam
593 462 862 516 juventutem
882 460 1171 503 miserandum
1190 461 1231 501 in
1248 459 1424 501 modum
1439 458 1610 516 decipit,
1637 459 1882 516 corrumpit,
1902 461 2022 518 eique

187 527 245 568 fel
270 525 466 567 draconis
488 526 531 566 in
566 525 693 566 calice
731 525 963 582 Babylonis
989 525 1210 583 propinat,
1243 526 1325 566 huc
1348 523 1537 573 infanda,
1564 539 1611 564 ac
1647 524 1714 565 vel
1745 523 1823 581 ipsi
1844 526 2023 567 naturali

183 593 269 648 juri
296 593 480 634 maxime
503 591 674 633 adversa
696 591 748 633 de
789 592 1122 643 Communismo,
1161 591 1221 632 uti
1257 602 1421 642 vocant,
1454 590 1661 643 doctrina,
1697 607 1778 648 qua
1799 591 1927 633 semel
1943 593 2022 634 ad-

188 657 330 710 missa,
365 658 555 698 omnium
583 658 692 712 jura,
720 673 802 711 res,
828 657 1127 715 proprietates,
1155 673 1203 698 ac
1225 657 1286 699 vel
1306 657 1395 714 ipsa
1425 658 1610 698 humana
1641 657 1816 697 societas
1838 656 2025 700 funditus

189 733 505 775 everterentur3
530 723 615 763 huc
638 723 1037 764 tenebricosissimae
1055 738 1203 764 eorum
1224 721 1398 772 insidiae‚
1419 721 1550 779 quiin
1572 722 1725 762 vestitu
1747 721 1906 773 ovium,
1929 737 2026 764 cum

189 789 302 829 intus
319 788 403 828 sint
426 786 513 844 lupi
543 803 731 844 rapaces,
757 786 935 828 mentita
962 803 1009 828 ac
1041 787 1309 828 fraudulenta
1328 787 1509 845 purioris
1541 787 1719 844 pietatis,
1747 797 1790 827 et
1812 786 2027 828 severioris

187 853 369 902 virtutis,
412 867 460 892 ac
499 851 729 909 disciplime
762 853 898 910 specie
942 852 1160 894 humiliter
1198 852 1400 910 irrepunt,
1437 852 1592 893 blande
1628 851 1812 910 capiunt,
1843 852 2028 893 molliter

188 916 335 974 ligant,
358 916 536 957 latenter
554 917 767 969 occidunt,
800 916 1080 974 hominesque
1108 918 1161 957 ab
1185 918 1302 958 omni
1328 916 1543 974 religionis
1575 916 1688 957 cultu
1716 917 1966 964 absterrent,
1987 927 2028 958 et

189 981 423 1023 dominicas
441 997 539 1022 oves
562 992 747 1022 mactant
773 992 898 1038 atque
925 981 1182 1038 discerpunt.
1210 982 1303 1021 Huc
1333 981 1533 1038 denique,
1554 992 1600 1022 ut
1617 992 1771 1034 cetera,
1788 998 1879 1039 quae
1896 982 2029 1023 Vobis

190 1046 379 1104 apprime
404 1058 505 1087 nota
526 1062 573 1087 ac
591 1057 812 1104 perspecta
833 1057 944 1098 sunt,
973 1046 1233 1098 omittamus,
1249 1046 1464 1087 teterrima
1485 1057 1548 1087 tot
1568 1046 1757 1104 undique
1776 1047 2024 1096 volantium,

189 1123 234 1152 et
249 1126 423 1169 peccare
448 1111 694 1152 docentium
712 1111 981 1152 voluminum
1005 1127 1052 1152 ac
1067 1111 1307 1152 libellorum
1332 1111 1546 1169 contagio,
1573 1112 1643 1169 qui
1668 1123 1763 1170 apte
1786 1113 2027 1171 compositi,

190 1191 239 1217 ac
261 1175 431 1216 fallaciae
453 1185 495 1215 et
519 1175 681 1216 artificii
699 1175 827 1233 pleni,
856 1175 1198 1233 immanibusque
1220 1176 1453 1233 sumptibus
1475 1192 1552 1234 per
1577 1177 1719 1217 onmia
1741 1178 1836 1219 loca·
1851 1177 1894 1218 in
1914 1179 2029 1219 chri-

191 1239 334 1282 stianae
355 1239 488 1296 plebis
522 1239 739 1281 interitum
767 1239 973 1298 dissipati,
999 1239 1215 1298 pestiferas
1235 1240 1448 1282 doctrinas
1469 1240 1627 1298 ubique
1652 1241 1937 1293 disseminant,
1963 1243 2029 1283 in-

192 1315 410 1346 cautorum
451 1304 718 1362 potissimum
756 1316 920 1347 mentes
956 1305 1207 1362 animosque
1247 1305 1494 1363 depravant,
1534 1317 1574 1347 et
1615 1307 1800 1347 maxima
1838 1306 2031 1364 religioni

192 1369 380 1410 inferunt
413 1369 681 1412 detrimenta.
720 1372 784 1412 Ex
822 1371 902 1412 hac
944 1370 1132 1428 undique
1167 1371 1423 1428 serpentium
1455 1386 1644 1412 errorum
1678 1371 1870 1424 colluvie,
1907 1382 2032 1429 atque

192 1433 395 1475 effrenata
431 1434 663 1492 cogitandi,
700 1435 924 1492 loquendi,
963 1435 1260 1492 scribendique
1291 1435 1457 1476 licentia
1484 1451 1622 1477 mores
1644 1435 1689 1476 in
1724 1436 1906 1478 deterius
1929 1453 2031 1495 pro-

192 1498 314 1556 lapsi,
335 1499 591 1540 sanctissima
610 1499 765 1541 Christi
786 1511 923 1558 spreta
939 1501 1105 1557 religio,
1128 1499 1258 1541 divini
1276 1500 1411 1541 cultus
1432 1501 1668 1558 improbata
1687 1503 1895 1557 majestas,
1909 1501 2033 1557 hujus

193 1563 444 1620 Apostolicae
462 1564 578 1605 Sedis
596 1564 790 1606 divexata
809 1576 1013 1623 potestas,
1035 1565 1229 1607 Ecclesia*
1251 1577 1492 1623 oppugnata
1512 1577 1637 1623 atque
1656 1567 1701 1607 in
1716 1577 1884 1624 turpem
1901 1568 2033 1608 servi-

192 1638 328 1668 tutem
349 1629 527 1670 redacta
563 1630 802 1683 auctoritas,
832 1630 1143 1688 Episcoporum
1160 1632 1255 1686 jura
1279 1631 1537 1685 conculcata,
1560 1630 1818 1672 matrimonii
1839 1632 2034 1673 sanctitas

193 1691 364 1744 violata,
395 1696 593 1750 cujusque
618 1694 836 1752 potestatis
866 1696 1056 1753 regimen
1079 1695 1395 1747 labefactatum,
1419 1711 1465 1736 ac
1486 1707 1548 1736 tot
1565 1695 1643 1736 alia
1664 1706 1755 1737 tum
1778 1695 2031 1748 christianae,

194 1767 285 1798 tum
307 1757 438 1799 civilis
472 1758 712 1815 reipublicae
740 1758 912 1810 damna,
937 1776 1027 1817 quae
1048 1760 1342 1801 communibus
1363 1759 1558 1817 lacrymis
1583 1776 1668 1801 una
1689 1761 1908 1802 vobiscum
1931 1759 2030 1802 flere

195 1823 401 1879 cogimur,
422 1823 695 1865 Venerabilcs
711 1826 893 1866 Fratres.

256 2564 306 2604 In
327 2574 444 2605 tanta
468 2565 594 2622 igitur
616 2566 841 2623 religionis,
871 2583 1011 2609 rerum
1027 2584 1073 2610 ac
1091 2580 1330 2626 temporum
1347 2569 1646 2619 vicissitudine,
1673 2569 1726 2611 de
1745 2569 1927 2612 universi
1941 2573 2027 2614 Do-

196 2627 339 2669 minici
360 2630 496 2686 gregis
518 2629 647 2670 salute
674 2631 807 2672 Nobis
831 2632 1029 2674 divinitus
1057 2635 1277 2675 commissa
1309 2635 1578 2675 vehementer
1602 2635 1780 2685 solliciti,
1805 2651 1884 2693 pro
1906 2637 2024 2694 Apo—

193 2692 328 2733 stolici
344 2693 485 2734 Nostri
512 2695 734 2736 ministerii
758 2696 897 2738 officio
922 2698 1024 2738 nihil
1047 2710 1159 2758 certe
1178 2699 1386 2748 inausum,
1413 2699 1599 2756 nihilque
1626 2701 1881 2742 intentatum
1897 2702 2023 2742 relin-

192 2772 382 2814 quemus,
407 2773 491 2815 quo
515 2770 675 2800 cuncta*
700 2760 934 2801 christiana¹
958 2762 1125 2802 familiae
1144 2763 1258 2803 bono
1274 2764 1372 2803 totis
1392 2762 1546 2805 viribus
1562 2764 1846 2808 consulamus.
1865 2766 2024 2807 Verum

189 2822 435 2880 praeclaram
469 2840 636 2881 quoque
679 2836 864 2865 vestram
892 2825 1109 2882 pietatem,
1139 2826 1351 2877 virtutem,
1389 2828 1655 2885 prudentiam
1681 2845 1947 2887 summopere
1979 2829 2023 2871 in

189 2886 375 2928 Domino
406 2887 654 2939 excitamus,
693 2890 970 2932 Venerabiles
998 2892 1163 2932 Fratres
1180 2924 1189 2941 ,
1226 2903 1272 2932 ut
1291 2892 1447 2934 coelesti
1473 2910 1552 2951 ope
1577 2894 1669 2935 freti
1693 2911 1777 2936 una
1793 2893 2024 2936 Nobiscum

189 2951 269 2993 Dei
292 2953 465 3009 ejusque
496 2954 659 2994 Sancta?
693 2954 890 2995 Ecclesiae,
917 2970 1084 2996 causam
1111 2971 1187 3013 pro
1210 2956 1321 3007 loco,
1346 2973 1473 3013 quem
1506 2959 1671 3011 tenetis,
1697 2975 1775 3017 pro
1801 2957 2018 3016 dignitate,

190 3033 272 3074 qua
292 3017 482 3075 insigniti
504 3018 614 3068 estis,
643 3018 860 3076 impavide
891 3020 1140 3062 defendatis.
1162 3020 1294 3062 Vobis
1317 3022 1466 3064 acriter
1488 3024 1762 3081 pugnandum
1782 3038 1870 3064 esse
1892 3023 2021 3065 intel-

190 3082 333 3139 ligitis,
378 3099 475 3124 cum
518 3082 692 3125 minime
733 3085 939 3141 ignoretis
971 3086 1123 3142 quibus
1167 3087 1415 3144 quantisque
1451 3089 1698 3130 intemerata
1736 3088 1887 3130 Christi
1926 3090 2020 3130 Jesu

190 3147 352 3203 Sponsa
373 3148 616 3190 vulneribus
637 3149 860 3200 afficiatur,
887 3162 1128 3208 quantoque
1155 3152 1454 3193 acerrimorum
1470 3154 1653 3194 hostium
1670 3154 1829 3211 impetu
1848 3152 2021 3195 divexe-

188 3221 272 3252 tur.
298 3213 436 3270 Atque
470 3212 513 3254 in
542 3214 687 3271 primis
717 3214 874 3272 optime
899 3215 1085 3267 noscitis,
1119 3215 1241 3258 vestri
1272 3216 1457 3259 muneris
1492 3234 1577 3259 esse
1609 3218 1855 3259 catholicam
1891 3216 2018 3259 fidem
