<?xml version="1.0" encoding="UTF-8"?>
<!DOCTYPE html PUBLIC "-//W3C//DTD XHTML 1.0 Transitional//EN"
    "http://www.w3.org/TR/xhtml1/DTD/xhtml1-transitional.dtd">
<html xmlns="http://www.w3.org/1999/xhtml" xml:lang="en" lang="en">
 <head>
  <title>
</title>
<meta http-equiv="Content-Type" content="text/html;charset=utf-8" />
  <meta name='ocr-system' content='tesseract 3.04.00' />
  <meta name='ocr-capabilities' content='ocr_page ocr_carea ocr_par ocr_line ocrx_word'/>
</head>
<body>
  <div class='ocr_page' id='page_1' title='image "./recueildesallocu00cath_0574.png"; bbox 0 0 2135 3442; ppageno 0'>
   <div class='ocr_carea' id='block_1_1' title="bbox 905 197 1230 267">
    <p class='ocr_par' dir='ltr' id='par_1_1' title="bbox 905 197 1230 267">
     <span class='ocr_line' id='line_1_1' title="bbox 905 197 1230 267; baseline 0 0"><span class='ocrx_word' id='word_1_1' title='bbox 905 197 1230 267; x_wconf 81' lang='lat' dir='ltr'><strong>THESES</strong></span> 
     </span>
    </p>
   </div>
   <div class='ocr_carea' id='block_1_2' title="bbox 464 390 1652 449">
    <p class='ocr_par' dir='ltr' id='par_1_2' title="bbox 464 390 1652 449">
     <span class='ocr_line' id='line_1_2' title="bbox 464 390 1652 449; baseline -0.007 -1"><span class='ocrx_word' id='word_1_2' title='bbox 464 399 550 448; x_wconf 83' lang='lat' dir='ltr'>AD</span> <span class='ocrx_word' id='word_1_3' title='bbox 591 395 1053 449; x_wconf 74' lang='lat' dir='ltr'><strong>APOSTOLIGAM</strong></span> <span class='ocrx_word' id='word_1_4' title='bbox 1087 394 1310 445; x_wconf 84' lang='lat' dir='ltr'>SEDEM</span> <span class='ocrx_word' id='word_1_5' title='bbox 1350 390 1652 444; x_wconf 77' lang='lat' dir='ltr'><strong>DELATAE.</strong></span> 
     </span>
    </p>
   </div>
   <div class='ocr_carea' id='block_1_3' title="bbox 938 537 1199 560">
    <p class='ocr_par' dir='ltr' id='par_1_3' title="bbox 938 537 1199 560">
     <span class='ocr_line' id='line_1_3' title="bbox 938 537 1199 560; baseline 0 0"><span class='ocrx_word' id='word_1_6' title='bbox 938 539 1011 560; x_wconf 77' lang='lat' dir='ltr'>CUM</span> <span class='ocrx_word' id='word_1_7' title='bbox 1032 538 1102 560; x_wconf 79' lang='lat' dir='ltr'>-OEN</span> <span class='ocrx_word' id='word_1_8' title='bbox 1105 537 1199 560; x_wconf 81' lang='lat' dir='ltr'>smus</span> 
     </span>
    </p>
   </div>
   <div class='ocr_carea' id='block_1_4' title="bbox 627 650 1501 696">
    <p class='ocr_par' dir='ltr' id='par_1_4' title="bbox 627 650 1501 696">
     <span class='ocr_line' id='line_1_4' title="bbox 627 650 1501 696; baseline -0.003 0"><span class='ocrx_word' id='word_1_9' title='bbox 627 670 652 696; x_wconf 74' lang='lat' dir='ltr'>A</span> <span class='ocrx_word' id='word_1_10' title='bbox 684 667 921 695; x_wconf 84' lang='lat' dir='ltr'>NONNULLIS</span> <span class='ocrx_word' id='word_1_11' title='bbox 953 667 1192 694; x_wconf 85' lang='lat' dir='ltr'><strong>THEOLOGIS</strong></span> <span class='ocrx_word' id='word_1_12' title='bbox 1224 650 1501 694; x_wconf 78' lang='lat' dir='ltr'><strong>PROPOS1T15¹.</strong></span> 
     </span>
    </p>
   </div>
   <div class='ocr_carea' id='block_1_5' title="bbox 148 947 1985 1059">
    <p class='ocr_par' dir='ltr' id='par_1_5' title="bbox 148 947 1985 1059">
     <span class='ocr_line' id='line_1_5' title="bbox 201 947 1985 1002; baseline -0.003 -11"><span class='ocrx_word' id='word_1_13' title='bbox 201 958 238 992; x_wconf 89' lang='lat'>1.</span> <span class='ocrx_word' id='word_1_14' title='bbox 270 956 502 1002; x_wconf 79' lang='lat' dir='ltr'>Progressus</span> <span class='ocrx_word' id='word_1_15' title='bbox 521 948 641 988; x_wconf 85' lang='lat' dir='ltr'>civilis</span> <span class='ocrx_word' id='word_1_16' title='bbox 669 948 846 1000; x_wconf 86' lang='lat' dir='ltr'>requirit,</span> <span class='ocrx_word' id='word_1_17' title='bbox 869 957 911 986; x_wconf 89' lang='lat' dir='ltr'>ut</span> <span class='ocrx_word' id='word_1_18' title='bbox 944 948 1112 985; x_wconf 83' lang='lat' dir='ltr'>humana</span> <span class='ocrx_word' id='word_1_19' title='bbox 1134 947 1294 985; x_wconf 84' lang='lat' dir='ltr'>societas</span> <span class='ocrx_word' id='word_1_20' title='bbox 1315 948 1567 985; x_wconf 84' lang='lat' dir='ltr'>constituatur</span> <span class='ocrx_word' id='word_1_21' title='bbox 1587 961 1702 999; x_wconf 91' lang='lat' dir='ltr'>super</span> <span class='ocrx_word' id='word_1_22' title='bbox 1727 947 1985 986; x_wconf 86' lang='lat' dir='ltr'>fundamentis</span> 
     </span>
     <span class='ocr_line' id='line_1_6' title="bbox 148 1005 1982 1059; baseline -0.003 -9"><span class='ocrx_word' id='word_1_23' title='bbox 148 1026 251 1050; x_wconf 89' lang='lat' dir='ltr'>mere</span> <span class='ocrx_word' id='word_1_24' title='bbox 279 1009 471 1058; x_wconf 80' lang='lat' dir='ltr'>humanis,</span> <span class='ocrx_word' id='word_1_25' title='bbox 504 1009 609 1046; x_wconf 92' lang='lat' dir='ltr'>nullo</span> <span class='ocrx_word' id='word_1_26' title='bbox 633 1008 766 1046; x_wconf 88' lang='lat' dir='ltr'>habito</span> <span class='ocrx_word' id='word_1_27' title='bbox 792 1017 970 1059; x_wconf 87' lang='lat' dir='ltr'>respectu</span> <span class='ocrx_word' id='word_1_28' title='bbox 995 1008 1043 1045; x_wconf 75' lang='lat' dir='ltr'>ad</span> <span class='ocrx_word' id='word_1_29' title='bbox 1065 1007 1304 1058; x_wconf 75' lang='lat' dir='ltr'>religionem,</span> <span class='ocrx_word' id='word_1_30' title='bbox 1331 1007 1489 1058; x_wconf 84' lang='lat' dir='ltr'>perinde</span> <span class='ocrx_word' id='word_1_31' title='bbox 1509 1020 1551 1044; x_wconf 85' lang='lat' dir='ltr'>ac</span> <span class='ocrx_word' id='word_1_32' title='bbox 1572 1006 1602 1044; x_wconf 91' lang='lat' dir='ltr'>si</span> <span class='ocrx_word' id='word_1_33' title='bbox 1620 1020 1664 1044; x_wconf 86' lang='lat' dir='ltr'>ea</span> <span class='ocrx_word' id='word_1_34' title='bbox 1689 1020 1767 1044; x_wconf 92' lang='lat' dir='ltr'>non</span> <span class='ocrx_word' id='word_1_35' title='bbox 1787 1005 1982 1044; x_wconf 82' lang='lat' dir='ltr'>existeret.</span> 
     </span>
    </p>
   </div>
   <div class='ocr_carea' id='block_1_6' title="bbox 223 1082 1983 1161">
    <p class='ocr_par' dir='ltr' id='par_1_6' title="bbox 223 1082 1983 1161">
     <span class='ocr_line' id='line_1_7' title="bbox 265 1082 1983 1129; baseline -0.003 -11"><span class='ocrx_word' id='word_1_36' title='bbox 265 1089 374 1129; x_wconf 86' lang='lat' dir='ltr'>Impia,</span> <span class='ocrx_word' id='word_1_37' title='bbox 394 1087 538 1127; x_wconf 87' lang='lat' dir='ltr'>injuriosa</span> <span class='ocrx_word' id='word_1_38' title='bbox 556 1086 713 1127; x_wconf 82' lang='lat' dir='ltr'>religioni,</span> <span class='ocrx_word' id='word_1_39' title='bbox 728 1085 759 1115; x_wconf 87' lang='lat' dir='ltr'>in</span> <span class='ocrx_word' id='word_1_40' title='bbox 775 1085 954 1114; x_wconf 80' lang='lat' dir='ltr'>atheismum</span> <span class='ocrx_word' id='word_1_41' title='bbox 976 1084 1133 1121; x_wconf 83' lang='lat' dir='ltr'>inducens,</span> <span class='ocrx_word' id='word_1_42' title='bbox 1160 1083 1343 1124; x_wconf 54' lang='lat' dir='ltr'>subversivaj</span> <span class='ocrx_word' id='word_1_43' title='bbox 1354 1083 1469 1112; x_wconf 78' lang='lat' dir='ltr'>ordinis</span> <span class='ocrx_word' id='word_1_44' title='bbox 1501 1083 1622 1113; x_wconf 85' lang='lat' dir='ltr'>moralis</span> <span class='ocrx_word' id='word_1_45' title='bbox 1646 1082 1879 1123; x_wconf 29' lang='lat' dir='ltr'>etJverb01Dei</span> <span class='ocrx_word' id='word_1_46' title='bbox 1907 1091 1983 1112; x_wconf 80' lang='lat' dir='ltr'>con-</span> 
     </span>
     <span class='ocr_line' id='line_1_8' title="bbox 223 1138 327 1161; baseline 0 0"><span class='ocrx_word' id='word_1_47' title='bbox 223 1138 327 1161; x_wconf 41' lang='lat' dir='ltr'>tranat</span> 
     </span>
    </p>
   </div>
   <div class='ocr_carea' id='block_1_7' title="bbox 147 1263 1983 1377">
    <p class='ocr_par' dir='ltr' id='par_1_7' title="bbox 147 1263 1983 1377">
     <span class='ocr_line' id='line_1_9' title="bbox 193 1263 1983 1319; baseline -0.004 -13"><span class='ocrx_word' id='word_1_48' title='bbox 193 1273 230 1308; x_wconf 79' lang='lat'>2.</span> <span class='ocrx_word' id='word_1_49' title='bbox 257 1273 337 1306; x_wconf 82' lang='lat' dir='ltr'>Lex</span> <span class='ocrx_word' id='word_1_50' title='bbox 356 1267 532 1319; x_wconf 79' lang='lat' dir='ltr'>moralis,</span> <span class='ocrx_word' id='word_1_51' title='bbox 559 1266 755 1304; x_wconf 87' lang='lat' dir='ltr'>actionum</span> <span class='ocrx_word' id='word_1_52' title='bbox 777 1266 1034 1303; x_wconf 84' lang='lat' dir='ltr'>humanarum</span> <span class='ocrx_word' id='word_1_53' title='bbox 1055 1265 1304 1316; x_wconf 76' lang='lat' dir='ltr'>moderatrix,</span> <span class='ocrx_word' id='word_1_54' title='bbox 1328 1273 1384 1302; x_wconf 90' lang='lat' dir='ltr'>est</span> <span class='ocrx_word' id='word_1_55' title='bbox 1403 1277 1423 1301; x_wconf 89' lang='lat' dir='ltr'>a</span> <span class='ocrx_word' id='word_1_56' title='bbox 1447 1263 1633 1314; x_wconf 85' lang='lat' dir='ltr'>religione</span> <span class='ocrx_word' id='word_1_57' title='bbox 1669 1263 1851 1300; x_wconf 82' lang='lat' dir='ltr'>radicitus</span> <span class='ocrx_word' id='word_1_58' title='bbox 1871 1276 1983 1314; x_wconf 87' lang='lat' dir='ltr'>sepa-</span> 
     </span>
     <span class='ocr_line' id='line_1_10' title="bbox 147 1324 1008 1377; baseline -0.005 -11"><span class='ocrx_word' id='word_1_59' title='bbox 147 1327 291 1375; x_wconf 85' lang='lat' dir='ltr'>rabilis,</span> <span class='ocrx_word' id='word_1_60' title='bbox 308 1341 378 1365; x_wconf 91' lang='lat' dir='ltr'>nec</span> <span class='ocrx_word' id='word_1_61' title='bbox 397 1327 474 1364; x_wconf 89' lang='lat' dir='ltr'>ulla</span> <span class='ocrx_word' id='word_1_62' title='bbox 489 1325 638 1377; x_wconf 83' lang='lat' dir='ltr'>indiget</span> <span class='ocrx_word' id='word_1_63' title='bbox 648 1325 844 1363; x_wconf 85' lang='lat' dir='ltr'>sanctione</span> <span class='ocrx_word' id='word_1_64' title='bbox 865 1324 1008 1362; x_wconf 68' lang='lat' dir='ltr'>divina.</span> 
     </span>
    </p>
   </div>
   <div class='ocr_carea' id='block_1_8' title="bbox 260 1401 1322 1444">
    <p class='ocr_par' dir='ltr' id='par_1_8' title="bbox 260 1401 1322 1444">
     <span class='ocr_line' id='line_1_11' title="bbox 260 1401 1322 1444; baseline -0.005 -10"><span class='ocrx_word' id='word_1_65' title='bbox 260 1404 456 1444; x_wconf 77' lang='lat' dir='ltr'>Complexive</span> <span class='ocrx_word' id='word_1_66' title='bbox 475 1409 593 1443; x_wconf 84' lang='lat' dir='ltr'>sumpta</span> <span class='ocrx_word' id='word_1_67' title='bbox 618 1402 705 1439; x_wconf 84' lang='lat' dir='ltr'>salsa,</span> <span class='ocrx_word' id='word_1_68' title='bbox 728 1402 835 1442; x_wconf 81' lang='lat' dir='ltr'>impia,</span> <span class='ocrx_word' id='word_1_69' title='bbox 853 1402 989 1431; x_wconf 82' lang='lat' dir='ltr'>haeresim</span> <span class='ocrx_word' id='word_1_70' title='bbox 1011 1401 1129 1441; x_wconf 88' lang='lat' dir='ltr'>sapiens</span> <span class='ocrx_word' id='word_1_71' title='bbox 1142 1407 1171 1430; x_wconf 85' lang='lat' dir='ltr'>et</span> <span class='ocrx_word' id='word_1_72' title='bbox 1187 1411 1322 1430; x_wconf 79' lang='lat' dir='ltr'>erronea.</span> 
     </span>
    </p>
   </div>
   <div class='ocr_carea' id='block_1_9' title="bbox 146 1475 1987 1593">
    <p class='ocr_par' dir='ltr' id='par_1_9' title="bbox 146 1475 1987 1593">
     <span class='ocr_line' id='line_1_12' title="bbox 194 1475 1987 1532; baseline -0.003 -12"><span class='ocrx_word' id='word_1_73' title='bbox 194 1487 232 1521; x_wconf 88' lang='lat'>3.</span> <span class='ocrx_word' id='word_1_74' title='bbox 263 1480 519 1532; x_wconf 86' lang='lat' dir='ltr'>Intelligentia</span> <span class='ocrx_word' id='word_1_75' title='bbox 541 1480 708 1517; x_wconf 88' lang='lat' dir='ltr'>humana</span> <span class='ocrx_word' id='word_1_76' title='bbox 739 1479 841 1517; x_wconf 86' lang='lat' dir='ltr'>intra</span> <span class='ocrx_word' id='word_1_77' title='bbox 868 1478 1131 1516; x_wconf 86' lang='lat' dir='ltr'>sensationum</span> <span class='ocrx_word' id='word_1_78' title='bbox 1152 1479 1246 1515; x_wconf 89' lang='lat' dir='ltr'>fines</span> <span class='ocrx_word' id='word_1_79' title='bbox 1274 1477 1384 1527; x_wconf 88' lang='lat' dir='ltr'>sistit,</span> <span class='ocrx_word' id='word_1_80' title='bbox 1410 1477 1585 1515; x_wconf 86' lang='lat' dir='ltr'>doctrina</span> <span class='ocrx_word' id='word_1_81' title='bbox 1604 1475 1760 1513; x_wconf 87' lang='lat' dir='ltr'>moralis</span> <span class='ocrx_word' id='word_1_82' title='bbox 1782 1475 1821 1513; x_wconf 91' lang='lat' dir='ltr'>in</span> <span class='ocrx_word' id='word_1_83' title='bbox 1841 1475 1987 1514; x_wconf 86' lang='lat' dir='ltr'>utilita-</span> 
     </span>
     <span class='ocr_line' id='line_1_13' title="bbox 146 1535 1666 1593; baseline -0.004 -14"><span class='ocrx_word' id='word_1_84' title='bbox 146 1551 226 1579; x_wconf 90' lang='lat' dir='ltr'>tum</span> <span class='ocrx_word' id='word_1_85' title='bbox 255 1539 542 1593; x_wconf 88' lang='lat' dir='ltr'>supputatione,</span> <span class='ocrx_word' id='word_1_86' title='bbox 574 1538 747 1590; x_wconf 90' lang='lat' dir='ltr'>politices</span> <span class='ocrx_word' id='word_1_87' title='bbox 781 1538 821 1575; x_wconf 90' lang='lat' dir='ltr'>in</span> <span class='ocrx_word' id='word_1_88' title='bbox 842 1539 921 1575; x_wconf 91' lang='lat' dir='ltr'>sola</span> <span class='ocrx_word' id='word_1_89' title='bbox 943 1538 1199 1575; x_wconf 82' lang='lat' dir='ltr'>materialium</span> <span class='ocrx_word' id='word_1_90' title='bbox 1221 1537 1361 1575; x_wconf 76' lang='lat' dir='ltr'>virium</span> <span class='ocrx_word' id='word_1_91' title='bbox 1380 1535 1666 1588; x_wconf 87' lang='lat' dir='ltr'>conjunctione.</span> 
     </span>
    </p>
   </div>
   <div class='ocr_carea' id='block_1_10' title="bbox 222 1611 1987 1730">
    <p class='ocr_par' dir='ltr' id='par_1_10' title="bbox 222 1611 1987 1730">
     <span class='ocr_line' id='line_1_14' title="bbox 264 1611 1986 1655; baseline -0.004 -8"><span class='ocrx_word' id='word_1_92' title='bbox 264 1616 461 1655; x_wconf 81' lang='lat' dir='ltr'>Complexive</span> <span class='ocrx_word' id='word_1_93' title='bbox 480 1622 599 1655; x_wconf 88' lang='lat' dir='ltr'>sumpta</span> <span class='ocrx_word' id='word_1_94' title='bbox 617 1615 691 1644; x_wconf 79' lang='lat' dir='ltr'>falsa</span> <span class='ocrx_word' id='word_1_95' title='bbox 717 1625 724 1645; x_wconf 87' lang='lat'>:</span> <span class='ocrx_word' id='word_1_96' title='bbox 757 1615 859 1653; x_wconf 79' lang='lat' dir='ltr'>quoad</span> <span class='ocrx_word' id='word_1_97' title='bbox 882 1614 1011 1653; x_wconf 80' lang='lat' dir='ltr'>primam</span> <span class='ocrx_word' id='word_1_98' title='bbox 1035 1621 1169 1653; x_wconf 84' lang='lat' dir='ltr'>partem,</span> <span class='ocrx_word' id='word_1_99' title='bbox 1195 1613 1442 1642; x_wconf 82' lang='lat' dir='ltr'>materialismum</span> <span class='ocrx_word' id='word_1_100' title='bbox 1466 1613 1610 1642; x_wconf 83' lang='lat' dir='ltr'>invehens</span> <span class='ocrx_word' id='word_1_101' title='bbox 1632 1619 1661 1642; x_wconf 89' lang='lat' dir='ltr'>et</span> <span class='ocrx_word' id='word_1_102' title='bbox 1686 1612 1790 1641; x_wconf 87' lang='lat' dir='ltr'>haeresi</span> <span class='ocrx_word' id='word_1_103' title='bbox 1816 1611 1954 1650; x_wconf 79' lang='lat' dir='ltr'>proxima</span> <span class='ocrx_word' id='word_1_104' title='bbox 1980 1620 1986 1640; x_wconf 88' lang='lat'>:</span> 
     </span>
     <span class='ocr_line' id='line_1_15' title="bbox 222 1653 1987 1698; baseline -0.004 -11"><span class='ocrx_word' id='word_1_105' title='bbox 222 1660 325 1698; x_wconf 83' lang='lat' dir='ltr'>quoad</span> <span class='ocrx_word' id='word_1_106' title='bbox 340 1658 503 1687; x_wconf 79' lang='lat' dir='ltr'>secundam</span> <span class='ocrx_word' id='word_1_107' title='bbox 516 1664 644 1696; x_wconf 86' lang='lat' dir='ltr'>partem,</span> <span class='ocrx_word' id='word_1_108' title='bbox 659 1657 752 1686; x_wconf 88' lang='lat' dir='ltr'>totius</span> <span class='ocrx_word' id='word_1_109' title='bbox 771 1655 949 1685; x_wconf 83' lang='lat' dir='ltr'>moralitatis</span> <span class='ocrx_word' id='word_1_110' title='bbox 966 1655 1114 1686; x_wconf 77' lang='lat' dir='ltr'>eversiva:</span> <span class='ocrx_word' id='word_1_111' title='bbox 1136 1656 1239 1695; x_wconf 84' lang='lat' dir='ltr'>quoad</span> <span class='ocrx_word' id='word_1_112' title='bbox 1256 1655 1373 1684; x_wconf 73' lang='lat' dir='ltr'>tertiam</span> <span class='ocrx_word' id='word_1_113' title='bbox 1392 1660 1520 1693; x_wconf 87' lang='lat' dir='ltr'>partem,</span> <span class='ocrx_word' id='word_1_114' title='bbox 1541 1654 1656 1682; x_wconf 86' lang='lat' dir='ltr'>ordinis</span> <span class='ocrx_word' id='word_1_115' title='bbox 1679 1654 1801 1682; x_wconf 78' lang='lat' dir='ltr'>moralis</span> <span class='ocrx_word' id='word_1_116' title='bbox 1817 1660 1848 1682; x_wconf 86' lang='lat' dir='ltr'>et</span> <span class='ocrx_word' id='word_1_117' title='bbox 1870 1653 1987 1681; x_wconf 71' lang='lat' dir='ltr'>socialis</span> 
     </span>
     <span class='ocr_line' id='line_1_16' title="bbox 223 1700 414 1730; baseline 0.005 -1"><span class='ocrx_word' id='word_1_118' title='bbox 223 1700 414 1730; x_wconf 86' lang='lat' dir='ltr'>destructiva.</span> 
     </span>
    </p>
   </div>
   <div class='ocr_carea' id='block_1_11' title="bbox 147 1770 1987 1941">
    <p class='ocr_par' dir='ltr' id='par_1_11' title="bbox 147 1770 1987 1941">
     <span class='ocr_line' id='line_1_17' title="bbox 195 1770 1987 1825; baseline -0.004 -11"><span class='ocrx_word' id='word_1_119' title='bbox 195 1780 232 1816; x_wconf 71' lang='lat'>4.</span> <span class='ocrx_word' id='word_1_120' title='bbox 262 1779 315 1813; x_wconf 88' lang='lat' dir='ltr'>Ea</span> <span class='ocrx_word' id='word_1_121' title='bbox 335 1784 390 1812; x_wconf 85' lang='lat' dir='ltr'>est</span> <span class='ocrx_word' id='word_1_122' title='bbox 408 1775 679 1825; x_wconf 82' lang='lat' dir='ltr'>intelligentiae</span> <span class='ocrx_word' id='word_1_123' title='bbox 700 1774 877 1811; x_wconf 83' lang='lat' dir='ltr'>humanae</span> <span class='ocrx_word' id='word_1_124' title='bbox 898 1783 1107 1825; x_wconf 82' lang='lat' dir='ltr'>spontanea</span> <span class='ocrx_word' id='word_1_125' title='bbox 1128 1774 1197 1821; x_wconf 59' lang='lat' dir='ltr'>vis,</span> <span class='ocrx_word' id='word_1_126' title='bbox 1229 1782 1270 1810; x_wconf 90' lang='lat' dir='ltr'>ut</span> <span class='ocrx_word' id='word_1_127' title='bbox 1291 1773 1415 1810; x_wconf 90' lang='lat' dir='ltr'>omnis</span> <span class='ocrx_word' id='word_1_128' title='bbox 1436 1773 1564 1810; x_wconf 80' lang='lat' dir='ltr'>divina</span> <span class='ocrx_word' id='word_1_129' title='bbox 1587 1772 1771 1809; x_wconf 82' lang='lat' dir='ltr'>revelatio</span> <span class='ocrx_word' id='word_1_130' title='bbox 1793 1771 1840 1809; x_wconf 91' lang='lat' dir='ltr'>sit</span> <span class='ocrx_word' id='word_1_131' title='bbox 1860 1770 1987 1808; x_wconf 92' lang='lat' dir='ltr'>ordini</span> 
     </span>
     <span class='ocr_line' id='line_1_18' title="bbox 147 1833 448 1874; baseline -0.007 0"><span class='ocrx_word' id='word_1_132' title='bbox 147 1835 277 1874; x_wconf 88' lang='lat' dir='ltr'>sociali</span> <span class='ocrx_word' id='word_1_133' title='bbox 290 1833 448 1872; x_wconf 88' lang='lat' dir='ltr'>inutilis.</span> 
     </span>
     <span class='ocr_line' id='line_1_19' title="bbox 265 1911 424 1941; baseline 0 0"><span class='ocrx_word' id='word_1_134' title='bbox 265 1911 424 1941; x_wconf 84' lang='lat' dir='ltr'>Haeretiea.</span> 
     </span>
    </p>
   </div>
   <div class='ocr_carea' id='block_1_12' title="bbox 146 1976 1989 2140">
    <p class='ocr_par' dir='ltr' id='par_1_12' title="bbox 146 1976 1989 2140">
     <span class='ocr_line' id='line_1_20' title="bbox 196 1976 1989 2033; baseline -0.004 -12"><span class='ocrx_word' id='word_1_135' title='bbox 196 1987 236 2023; x_wconf 81' lang='lat'>5.</span> <span class='ocrx_word' id='word_1_136' title='bbox 266 1986 414 2033; x_wconf 80' lang='lat' dir='ltr'>Dogma</span> <span class='ocrx_word' id='word_1_137' title='bbox 443 1983 490 2019; x_wconf 91' lang='lat' dir='ltr'>de</span> <span class='ocrx_word' id='word_1_138' title='bbox 513 1990 671 2032; x_wconf 88' lang='lat' dir='ltr'>peccato</span> <span class='ocrx_word' id='word_1_139' title='bbox 696 1980 875 2032; x_wconf 83' lang='lat' dir='ltr'>originali</span> <span class='ocrx_word' id='word_1_140' title='bbox 906 1994 947 2017; x_wconf 88' lang='lat' dir='ltr'>ac</span> <span class='ocrx_word' id='word_1_141' title='bbox 972 1980 1110 2031; x_wconf 83' lang='lat' dir='ltr'>dogma</span> <span class='ocrx_word' id='word_1_142' title='bbox 1131 1981 1178 2017; x_wconf 89' lang='lat' dir='ltr'>de</span> <span class='ocrx_word' id='word_1_143' title='bbox 1203 1979 1478 2017; x_wconf 80' lang='lat' dir='ltr'>instauratione</span> <span class='ocrx_word' id='word_1_144' title='bbox 1507 1979 1622 2016; x_wconf 88' lang='lat' dir='ltr'>totius</span> <span class='ocrx_word' id='word_1_145' title='bbox 1651 1976 1808 2015; x_wconf 87' lang='lat' dir='ltr'>humani</span> <span class='ocrx_word' id='word_1_146' title='bbox 1838 1977 1989 2027; x_wconf 83' lang='lat' dir='ltr'>generis</span> 
     </span>
     <span class='ocr_line' id='line_1_21' title="bbox 154 2036 1988 2095; baseline -0.004 -15"><span class='ocrx_word' id='word_1_147' title='bbox 154 2057 223 2095; x_wconf 88' lang='lat' dir='ltr'>per</span> <span class='ocrx_word' id='word_1_148' title='bbox 242 2041 433 2080; x_wconf 88' lang='lat' dir='ltr'>Christum</span> <span class='ocrx_word' id='word_1_149' title='bbox 454 2041 548 2078; x_wconf 90' lang='lat' dir='ltr'>nihil</span> <span class='ocrx_word' id='word_1_150' title='bbox 570 2042 718 2079; x_wconf 85' lang='lat' dir='ltr'>confert</span> <span class='ocrx_word' id='word_1_151' title='bbox 743 2041 790 2077; x_wconf 87' lang='lat' dir='ltr'>ad</span> <span class='ocrx_word' id='word_1_152' title='bbox 815 2049 1041 2092; x_wconf 81' lang='lat' dir='ltr'>praesentem</span> <span class='ocrx_word' id='word_1_153' title='bbox 1062 2039 1249 2077; x_wconf 78' lang='lat' dir='ltr'>societatis</span> <span class='ocrx_word' id='word_1_154' title='bbox 1281 2037 1537 2076; x_wconf 85' lang='lat' dir='ltr'>conditionem</span> <span class='ocrx_word' id='word_1_155' title='bbox 1558 2036 1715 2090; x_wconf 87' lang='lat' dir='ltr'>ejusque</span> <span class='ocrx_word' id='word_1_156' title='bbox 1744 2037 1847 2088; x_wconf 86' lang='lat' dir='ltr'>leges</span> <span class='ocrx_word' id='word_1_157' title='bbox 1866 2049 1988 2087; x_wconf 83' lang='lat' dir='ltr'>agno-</span> 
     </span>
     <span class='ocr_line' id='line_1_22' title="bbox 146 2102 316 2140; baseline 0.006 -1"><span class='ocrx_word' id='word_1_158' title='bbox 146 2102 316 2140; x_wconf 88' lang='lat' dir='ltr'>scendas.</span> 
     </span>
    </p>
   </div>
   <div class='ocr_carea' id='block_1_13' title="bbox 269 2176 837 2216">
    <p class='ocr_par' dir='ltr' id='par_1_13' title="bbox 269 2176 837 2216">
     <span class='ocr_line' id='line_1_23' title="bbox 269 2176 837 2216; baseline -0.005 -9"><span class='ocrx_word' id='word_1_159' title='bbox 269 2178 366 2214; x_wconf 85' lang='lat' dir='ltr'>Falsa,</span> <span class='ocrx_word' id='word_1_160' title='bbox 382 2187 507 2207; x_wconf 88' lang='lat' dir='ltr'>erronea</span> <span class='ocrx_word' id='word_1_161' title='bbox 523 2183 552 2206; x_wconf 87' lang='lat' dir='ltr'>et</span> <span class='ocrx_word' id='word_1_162' title='bbox 567 2176 674 2206; x_wconf 81' lang='lat' dir='ltr'>haeresi</span> <span class='ocrx_word' id='word_1_163' title='bbox 687 2176 837 2216; x_wconf 84' lang='lat' dir='ltr'>proxima.</span> 
     </span>
    </p>
   </div>
   <div class='ocr_carea' id='block_1_14' title="bbox 201 2247 1728 2303">
    <p class='ocr_par' dir='ltr' id='par_1_14' title="bbox 201 2247 1728 2303">
     <span class='ocr_line' id='line_1_24' title="bbox 201 2247 1728 2303; baseline -0.004 -11"><span class='ocrx_word' id='word_1_164' title='bbox 201 2258 241 2295; x_wconf 83' lang='lat'>6.</span> <span class='ocrx_word' id='word_1_165' title='bbox 273 2253 567 2291; x_wconf 87' lang='lat' dir='ltr'>Immutabilitas</span> <span class='ocrx_word' id='word_1_166' title='bbox 589 2254 812 2303; x_wconf 82' lang='lat' dir='ltr'>dogmatum</span> <span class='ocrx_word' id='word_1_167' title='bbox 835 2251 1131 2290; x_wconf 89' lang='lat' dir='ltr'>christianorum</span> <span class='ocrx_word' id='word_1_168' title='bbox 1150 2251 1275 2288; x_wconf 86' lang='lat' dir='ltr'>obstat</span> <span class='ocrx_word' id='word_1_169' title='bbox 1289 2250 1507 2302; x_wconf 83' lang='lat' dir='ltr'>progressui</span> <span class='ocrx_word' id='word_1_170' title='bbox 1525 2247 1728 2287; x_wconf 87' lang='lat' dir='ltr'>societatis.</span> 
     </span>
    </p>
   </div>
   <div class='ocr_carea' id='block_1_15' title="bbox 269 2327 1183 2370">
    <p class='ocr_par' dir='ltr' id='par_1_15' title="bbox 269 2327 1183 2370">
     <span class='ocr_line' id='line_1_25' title="bbox 269 2327 1183 2370; baseline -0.001 -11"><span class='ocrx_word' id='word_1_171' title='bbox 269 2331 368 2370; x_wconf 74' lang='lat' dir='ltr'>Falsa,</span> <span class='ocrx_word' id='word_1_172' title='bbox 388 2330 558 2358; x_wconf 71' lang='lat' dir='ltr'>christianae</span> <span class='ocrx_word' id='word_1_173' title='bbox 572 2329 716 2369; x_wconf 87' lang='lat' dir='ltr'>religioni</span> <span class='ocrx_word' id='word_1_174' title='bbox 729 2329 886 2368; x_wconf 87' lang='lat' dir='ltr'>injuriosa,</span> <span class='ocrx_word' id='word_1_175' title='bbox 902 2328 1020 2368; x_wconf 84' lang='lat' dir='ltr'>sapiens</span> <span class='ocrx_word' id='word_1_176' title='bbox 1036 2327 1183 2358; x_wconf 77' lang='lat' dir='ltr'>haeresim.</span> 
     </span>
    </p>
   </div>
   <div class='ocr_carea' id='block_1_16' title="bbox 145 2403 1991 2883">
    <p class='ocr_par' dir='ltr' id='par_1_16' title="bbox 145 2403 1991 2579">
     <span class='ocr_line' id='line_1_26' title="bbox 205 2403 1991 2459; baseline -0.004 -13"><span class='ocrx_word' id='word_1_177' title='bbox 205 2414 243 2447; x_wconf 87' lang='lat'>7.</span> <span class='ocrx_word' id='word_1_178' title='bbox 275 2408 598 2454; x_wconf 67' lang='lat' dir='ltr'>Christianismus,</span> <span class='ocrx_word' id='word_1_179' title='bbox 618 2416 735 2459; x_wconf 90' lang='lat' dir='ltr'>prout</span> <span class='ocrx_word' id='word_1_180' title='bbox 757 2405 804 2444; x_wconf 89' lang='lat' dir='ltr'>ab</span> <span class='ocrx_word' id='word_1_181' title='bbox 825 2406 997 2444; x_wconf 85' lang='lat' dir='ltr'>Ecclesia</span> <span class='ocrx_word' id='word_1_182' title='bbox 1017 2405 1202 2443; x_wconf 87' lang='lat' dir='ltr'>catholica</span> <span class='ocrx_word' id='word_1_183' title='bbox 1225 2405 1402 2454; x_wconf 79' lang='lat' dir='ltr'>traditur,</span> <span class='ocrx_word' id='word_1_184' title='bbox 1424 2418 1549 2456; x_wconf 87' lang='lat' dir='ltr'>neque</span> <span class='ocrx_word' id='word_1_185' title='bbox 1571 2403 1744 2442; x_wconf 87' lang='lat' dir='ltr'>exercuit</span> <span class='ocrx_word' id='word_1_186' title='bbox 1764 2415 1890 2453; x_wconf 88' lang='lat' dir='ltr'>neque</span> <span class='ocrx_word' id='word_1_187' title='bbox 1919 2414 1991 2439; x_wconf 86' lang='lat' dir='ltr'>na-</span> 
     </span>
     <span class='ocr_line' id='line_1_27' title="bbox 158 2460 1990 2518; baseline -0.004 -13"><span class='ocrx_word' id='word_1_188' title='bbox 158 2477 243 2505; x_wconf 89' lang='lat' dir='ltr'>tura</span> <span class='ocrx_word' id='word_1_189' title='bbox 266 2480 333 2504; x_wconf 90' lang='lat' dir='ltr'>sua</span> <span class='ocrx_word' id='word_1_190' title='bbox 353 2480 531 2504; x_wconf 85' lang='lat' dir='ltr'>exercere</span> <span class='ocrx_word' id='word_1_191' title='bbox 552 2475 676 2518; x_wconf 90' lang='lat' dir='ltr'>potest</span> <span class='ocrx_word' id='word_1_192' title='bbox 695 2465 883 2504; x_wconf 85' lang='lat' dir='ltr'>influxum</span> <span class='ocrx_word' id='word_1_193' title='bbox 905 2466 1110 2503; x_wconf 86' lang='lat' dir='ltr'>salutarem</span> <span class='ocrx_word' id='word_1_194' title='bbox 1130 2465 1169 2501; x_wconf 92' lang='lat' dir='ltr'>in</span> <span class='ocrx_word' id='word_1_195' title='bbox 1186 2463 1248 2516; x_wconf 85' lang='lat' dir='ltr'>jus</span> <span class='ocrx_word' id='word_1_196' title='bbox 1267 2464 1390 2512; x_wconf 77' lang='lat' dir='ltr'>civile,</span> <span class='ocrx_word' id='word_1_197' title='bbox 1427 2465 1466 2501; x_wconf 91' lang='lat' dir='ltr'>in</span> <span class='ocrx_word' id='word_1_198' title='bbox 1488 2465 1548 2511; x_wconf 90' lang='lat' dir='ltr'>jus</span> <span class='ocrx_word' id='word_1_199' title='bbox 1576 2462 1775 2515; x_wconf 91' lang='lat' dir='ltr'>politicum</span> <span class='ocrx_word' id='word_1_200' title='bbox 1794 2473 1919 2511; x_wconf 88' lang='lat' dir='ltr'>neque</span> <span class='ocrx_word' id='word_1_201' title='bbox 1951 2460 1990 2497; x_wconf 91' lang='lat' dir='ltr'>in</span> 
     </span>
     <span class='ocr_line' id='line_1_28' title="bbox 145 2526 408 2579; baseline 0.004 -15"><span class='ocrx_word' id='word_1_202' title='bbox 145 2526 209 2579; x_wconf 86' lang='lat' dir='ltr'>jus</span> <span class='ocrx_word' id='word_1_203' title='bbox 225 2526 408 2577; x_wconf 86' lang='lat' dir='ltr'>gentium.</span> 
     </span>
    </p>

    <p class='ocr_par' dir='ltr' id='par_1_17' title="bbox 231 2595 1991 2679">
     <span class='ocr_line' id='line_1_29' title="bbox 272 2595 1991 2642; baseline -0.003 -12"><span class='ocrx_word' id='word_1_204' title='bbox 272 2603 370 2638; x_wconf 82' lang='lat' dir='ltr'>Falsa,</span> <span class='ocrx_word' id='word_1_205' title='bbox 395 2612 533 2640; x_wconf 80' lang='lat' dir='ltr'>erronea,</span> <span class='ocrx_word' id='word_1_206' title='bbox 549 2603 687 2631; x_wconf 83' lang='lat' dir='ltr'>Ecclesiae</span> <span class='ocrx_word' id='word_1_207' title='bbox 706 2602 868 2641; x_wconf 83' lang='lat' dir='ltr'>injuriosa,</span> <span class='ocrx_word' id='word_1_208' title='bbox 885 2609 914 2632; x_wconf 90' lang='lat' dir='ltr'>et</span> <span class='ocrx_word' id='word_1_209' title='bbox 927 2608 1074 2641; x_wconf 81' lang='lat' dir='ltr'>quatenus</span> <span class='ocrx_word' id='word_1_210' title='bbox 1088 2602 1232 2642; x_wconf 87' lang='lat' dir='ltr'>supponit</span> <span class='ocrx_word' id='word_1_211' title='bbox 1244 2600 1496 2630; x_wconf 81' lang='lat' dir='ltr'>christianismum</span> <span class='ocrx_word' id='word_1_212' title='bbox 1516 2599 1621 2628; x_wconf 85' lang='lat' dir='ltr'>melius</span> <span class='ocrx_word' id='word_1_213' title='bbox 1639 2598 1718 2627; x_wconf 82' lang='lat' dir='ltr'>tradi</span> <span class='ocrx_word' id='word_1_214' title='bbox 1731 2607 1834 2637; x_wconf 83' lang='lat' dir='ltr'>posse,</span> <span class='ocrx_word' id='word_1_215' title='bbox 1853 2605 1945 2636; x_wconf 85' lang='lat' dir='ltr'>quam</span> <span class='ocrx_word' id='word_1_216' title='bbox 1958 2595 1991 2624; x_wconf 87' lang='lat' dir='ltr'>in</span> 
     </span>
     <span class='ocr_line' id='line_1_30' title="bbox 231 2643 705 2679; baseline 0.002 -6"><span class='ocrx_word' id='word_1_217' title='bbox 231 2643 366 2674; x_wconf 83' lang='lat' dir='ltr'>Ecclesia</span> <span class='ocrx_word' id='word_1_218' title='bbox 380 2643 544 2679; x_wconf 80' lang='lat' dir='ltr'>catholica,</span> <span class='ocrx_word' id='word_1_219' title='bbox 557 2644 705 2674; x_wconf 78' lang='lat' dir='ltr'>haeretica.</span> 
     </span>
    </p>

    <p class='ocr_par' dir='ltr' id='par_1_18' title="bbox 157 2707 1989 2883">
     <span class='ocr_line' id='line_1_31' title="bbox 208 2707 1988 2766; baseline -0.005 -14"><span class='ocrx_word' id='word_1_220' title='bbox 208 2718 246 2755; x_wconf 88' lang='grc'>8.</span> <span class='ocrx_word' id='word_1_221' title='bbox 277 2715 462 2752; x_wconf 85' lang='lat' dir='ltr'>Doctrina</span> <span class='ocrx_word' id='word_1_222' title='bbox 481 2715 709 2766; x_wconf 79' lang='lat' dir='ltr'>Evangelica</span> <span class='ocrx_word' id='word_1_223' title='bbox 732 2715 780 2752; x_wconf 86' lang='lat' dir='ltr'>de</span> <span class='ocrx_word' id='word_1_224' title='bbox 799 2723 931 2752; x_wconf 88' lang='lat' dir='ltr'>mutuo</span> <span class='ocrx_word' id='word_1_225' title='bbox 952 2715 1110 2751; x_wconf 83' lang='lat' dir='ltr'>fratrum</span> <span class='ocrx_word' id='word_1_226' title='bbox 1132 2713 1275 2751; x_wconf 79' lang='lat' dir='ltr'>auxilio</span> <span class='ocrx_word' id='word_1_227' title='bbox 1294 2726 1371 2749; x_wconf 93' lang='lat' dir='ltr'>non</span> <span class='ocrx_word' id='word_1_228' title='bbox 1390 2711 1544 2763; x_wconf 84' lang='lat' dir='ltr'>respicit</span> <span class='ocrx_word' id='word_1_229' title='bbox 1563 2709 1635 2747; x_wconf 89' lang='lat' dir='ltr'>nisi</span> <span class='ocrx_word' id='word_1_230' title='bbox 1655 2721 1840 2760; x_wconf 87' lang='lat' dir='ltr'>personas</span> <span class='ocrx_word' id='word_1_231' title='bbox 1859 2707 1988 2760; x_wconf 87' lang='lat' dir='ltr'>priva-</span> 
     </span>
     <span class='ocr_line' id='line_1_32' title="bbox 160 2767 1989 2825; baseline -0.005 -13"><span class='ocrx_word' id='word_1_232' title='bbox 160 2783 213 2812; x_wconf 87' lang='lat' dir='ltr'>tas</span> <span class='ocrx_word' id='word_1_233' title='bbox 244 2789 252 2812; x_wconf 89' lang='lat'>:</span> <span class='ocrx_word' id='word_1_234' title='bbox 276 2787 401 2824; x_wconf 88' lang='lat' dir='ltr'>neque</span> <span class='ocrx_word' id='word_1_235' title='bbox 434 2787 603 2823; x_wconf 82' lang='lat' dir='ltr'>unquam</span> <span class='ocrx_word' id='word_1_236' title='bbox 632 2774 817 2824; x_wconf 81' lang='lat' dir='ltr'>applicari</span> <span class='ocrx_word' id='word_1_237' title='bbox 847 2782 972 2825; x_wconf 82' lang='lat' dir='ltr'>potest</span> <span class='ocrx_word' id='word_1_238' title='bbox 1000 2772 1246 2810; x_wconf 84' lang='lat' dir='ltr'>relationibus</span> <span class='ocrx_word' id='word_1_239' title='bbox 1271 2770 1436 2823; x_wconf 89' lang='lat' dir='ltr'>politicis</span> <span class='ocrx_word' id='word_1_240' title='bbox 1464 2769 1503 2807; x_wconf 91' lang='lat' dir='ltr'>in</span> <span class='ocrx_word' id='word_1_241' title='bbox 1529 2770 1700 2806; x_wconf 76' lang='lat' dir='ltr'>favorem</span> <span class='ocrx_word' id='word_1_242' title='bbox 1730 2767 1989 2818; x_wconf 81' lang='lat' dir='ltr'>legitimorum</span> 
     </span>
     <span class='ocr_line' id='line_1_33' title="bbox 157 2828 1682 2883; baseline -0.003 -14"><span class='ocrx_word' id='word_1_243' title='bbox 157 2832 445 2883; x_wconf 81' lang='lat' dir='ltr'>guberniorum,</span> <span class='ocrx_word' id='word_1_244' title='bbox 469 2846 552 2882; x_wconf 86' lang='lat' dir='ltr'>quae</span> <span class='ocrx_word' id='word_1_245' title='bbox 574 2831 713 2883; x_wconf 84' lang='lat' dir='ltr'>injuste</span> <span class='ocrx_word' id='word_1_246' title='bbox 733 2832 858 2869; x_wconf 82' lang='lat' dir='ltr'>hostes</span> <span class='ocrx_word' id='word_1_247' title='bbox 882 2834 959 2869; x_wconf 71' lang='lat' dir='ltr'>sive</span> <span class='ocrx_word' id='word_1_248' title='bbox 981 2831 1123 2869; x_wconf 87' lang='lat' dir='ltr'>interni</span> <span class='ocrx_word' id='word_1_249' title='bbox 1143 2830 1222 2868; x_wconf 88' lang='lat' dir='ltr'>sive</span> <span class='ocrx_word' id='word_1_250' title='bbox 1238 2830 1386 2868; x_wconf 85' lang='lat' dir='ltr'>externi</span> <span class='ocrx_word' id='word_1_251' title='bbox 1400 2828 1563 2880; x_wconf 81' lang='lat' dir='ltr'>aggressi</span> <span class='ocrx_word' id='word_1_252' title='bbox 1581 2835 1682 2865; x_wconf 82' lang='lat' dir='ltr'>sunt.</span> 
     </span>
    </p>
   </div>
   <div class='ocr_carea' id='block_1_17' title="bbox 281 2905 1580 2948">
    <p class='ocr_par' dir='ltr' id='par_1_19' title="bbox 281 2905 1580 2948">
     <span class='ocr_line' id='line_1_34' title="bbox 281 2905 1580 2948; baseline -0.003 -11"><span class='ocrx_word' id='word_1_253' title='bbox 281 2908 449 2937; x_wconf 85' lang='lat' dir='ltr'>Perniciosa</span> <span class='ocrx_word' id='word_1_254' title='bbox 462 2908 609 2943; x_wconf 79' lang='lat' dir='ltr'>societati,</span> <span class='ocrx_word' id='word_1_255' title='bbox 623 2907 780 2943; x_wconf 86' lang='lat' dir='ltr'>seditiosa,</span> <span class='ocrx_word' id='word_1_256' title='bbox 796 2909 871 2946; x_wconf 87' lang='lat' dir='ltr'>juris</span> <span class='ocrx_word' id='word_1_257' title='bbox 888 2908 1006 2947; x_wconf 86' lang='lat' dir='ltr'>publici</span> <span class='ocrx_word' id='word_1_258' title='bbox 1022 2915 1050 2936; x_wconf 84' lang='lat' dir='ltr'>et</span> <span class='ocrx_word' id='word_1_259' title='bbox 1065 2907 1200 2948; x_wconf 88' lang='lat' dir='ltr'>gentium</span> <span class='ocrx_word' id='word_1_260' title='bbox 1214 2906 1408 2946; x_wconf 80' lang='lat' dir='ltr'>destructiva,</span> <span class='ocrx_word' id='word_1_261' title='bbox 1428 2905 1580 2937; x_wconf 82' lang='lat' dir='ltr'>haeretica.</span> 
     </span>
    </p>
   </div>
   <div class='ocr_carea' id='block_1_18' title="bbox 155 3009 1992 3206">
    <p class='ocr_par' dir='ltr' id='par_1_20' title="bbox 155 3009 1992 3206">
     <span class='ocr_line' id='line_1_35' title="bbox 207 3009 1990 3062; baseline -0.004 -12"><span class='ocrx_word' id='word_1_262' title='bbox 207 3022 238 3053; x_wconf 88' lang='lat' dir='ltr'>l.</span> <span class='ocrx_word' id='word_1_263' title='bbox 260 3018 340 3062; x_wconf 86' lang='lat' dir='ltr'>Mgr</span> <span class='ocrx_word' id='word_1_264' title='bbox 358 3017 522 3061; x_wconf 72' lang='lat' dir='ltr'>Bourget‚</span> <span class='ocrx_word' id='word_1_265' title='bbox 540 3009 681 3061; x_wconf 63' lang='lat' dir='ltr'>Eveque</span> <span class='ocrx_word' id='word_1_266' title='bbox 701 3014 745 3047; x_wconf 80' lang='lat' dir='ltr'>de</span> <span class='ocrx_word' id='word_1_267' title='bbox 760 3016 946 3055; x_wconf 70' lang='lat' dir='ltr'>Montreal,</span> <span class='ocrx_word' id='word_1_268' title='bbox 962 3028 1025 3060; x_wconf 86' lang='lat' dir='ltr'>par</span> <span class='ocrx_word' id='word_1_269' title='bbox 1045 3028 1092 3047; x_wconf 86' lang='lat' dir='ltr'>un</span> <span class='ocrx_word' id='word_1_270' title='bbox 1111 3013 1333 3047; x_wconf 86' lang='lat' dir='ltr'>mandement</span> <span class='ocrx_word' id='word_1_271' title='bbox 1349 3012 1398 3046; x_wconf 91' lang='lat' dir='ltr'>du</span> <span class='ocrx_word' id='word_1_272' title='bbox 1419 3016 1463 3048; x_wconf 79' lang='lat'>25</span> <span class='ocrx_word' id='word_1_273' title='bbox 1480 3012 1665 3046; x_wconf 75' lang='lat' dir='ltr'>decembre</span> <span class='ocrx_word' id='word_1_274' title='bbox 1684 3014 1788 3054; x_wconf 83' lang='lat'>1863,</span> <span class='ocrx_word' id='word_1_275' title='bbox 1807 3023 1826 3044; x_wconf 81' lang='lat' dir='ltr'>a</span> <span class='ocrx_word' id='word_1_276' title='bbox 1846 3011 1947 3056; x_wconf 71' lang='lat' dir='ltr'>porte</span> <span class='ocrx_word' id='word_1_277' title='bbox 1971 3012 1990 3042; x_wconf 74' lang='grc' dir='ltr'>ὲ</span> 
     </span>
     <span class='ocr_line' id='line_1_36' title="bbox 158 3056 1991 3105; baseline -0.005 -7"><span class='ocrx_word' id='word_1_278' title='bbox 158 3067 190 3098; x_wconf 88' lang='lat' dir='ltr'>la</span> <span class='ocrx_word' id='word_1_279' title='bbox 206 3064 448 3098; x_wconf 75' lang='lat' dir='ltr'>connaissance</span> <span class='ocrx_word' id='word_1_280' title='bbox 459 3063 518 3096; x_wconf 80' lang='lat' dir='ltr'>des</span> <span class='ocrx_word' id='word_1_281' title='bbox 536 3062 654 3095; x_wconf 62' lang='lat' dir='ltr'>fideles</span> <span class='ocrx_word' id='word_1_282' title='bbox 674 3063 705 3095; x_wconf 86' lang='lat' dir='ltr'>la</span> <span class='ocrx_word' id='word_1_283' title='bbox 720 3061 990 3094; x_wconf 84' lang='lat' dir='ltr'>condamnation</span> <span class='ocrx_word' id='word_1_284' title='bbox 1007 3062 1200 3094; x_wconf 85' lang='lat' dir='ltr'>doctrinale</span> <span class='ocrx_word' id='word_1_285' title='bbox 1216 3061 1260 3094; x_wconf 81' lang='lat' dir='ltr'>de</span> <span class='ocrx_word' id='word_1_286' title='bbox 1279 3061 1434 3093; x_wconf 84' lang='lat' dir='ltr'>soixante</span> <span class='ocrx_word' id='word_1_287' title='bbox 1451 3069 1482 3093; x_wconf 82' lang='lat' dir='ltr'>et</span> <span class='ocrx_word' id='word_1_288' title='bbox 1493 3073 1562 3093; x_wconf 85' lang='lat' dir='ltr'>une</span> <span class='ocrx_word' id='word_1_289' title='bbox 1576 3059 1815 3105; x_wconf 88' lang='lat' dir='ltr'>propositions</span> <span class='ocrx_word' id='word_1_290' title='bbox 1833 3056 1991 3091; x_wconf 73' lang='lat' dir='ltr'>relatives</span> 
     </span>
     <span class='ocr_line' id='line_1_37' title="bbox 156 3105 1991 3155; baseline -0.005 -10"><span class='ocrx_word' id='word_1_291' title='bbox 156 3125 222 3145; x_wconf 83' lang='lat' dir='ltr'>aux</span> <span class='ocrx_word' id='word_1_292' title='bbox 236 3124 372 3145; x_wconf 86' lang='lat' dir='ltr'>erreurs</span> <span class='ocrx_word' id='word_1_293' title='bbox 390 3110 439 3143; x_wconf 90' lang='lat' dir='ltr'>du</span> <span class='ocrx_word' id='word_1_294' title='bbox 458 3119 569 3153; x_wconf 76' lang='lat' dir='ltr'>temps</span> <span class='ocrx_word' id='word_1_295' title='bbox 588 3111 738 3155; x_wconf 89' lang='lat' dir='ltr'>pre&#39;sent.</span> <span class='ocrx_word' id='word_1_296' title='bbox 759 3110 823 3142; x_wconf 90' lang='lat' dir='ltr'>Ces</span> <span class='ocrx_word' id='word_1_297' title='bbox 842 3109 996 3142; x_wconf 80' lang='lat' dir='ltr'>soixante</span> <span class='ocrx_word' id='word_1_298' title='bbox 1013 3117 1045 3142; x_wconf 87' lang='lat' dir='ltr'>et</span> <span class='ocrx_word' id='word_1_299' title='bbox 1060 3121 1129 3142; x_wconf 84' lang='lat' dir='ltr'>une</span> <span class='ocrx_word' id='word_1_300' title='bbox 1145 3108 1383 3154; x_wconf 83' lang='lat' dir='ltr'>propositions</span> <span class='ocrx_word' id='word_1_301' title='bbox 1403 3116 1464 3141; x_wconf 88' lang='lat' dir='ltr'>ont</span> <span class='ocrx_word' id='word_1_302' title='bbox 1476 3109 1528 3140; x_wconf 79' lang='lat' dir='ltr'>e&#39;te</span> <span class='ocrx_word' id='word_1_303' title='bbox 1547 3108 1664 3140; x_wconf 77' lang='lat' dir='ltr'>notees</span> <span class='ocrx_word' id='word_1_304' title='bbox 1680 3114 1713 3139; x_wconf 84' lang='lat' dir='ltr'>et</span> <span class='ocrx_word' id='word_1_305' title='bbox 1730 3105 1910 3139; x_wconf 69' lang='lat' dir='ltr'>censurces</span> <span class='ocrx_word' id='word_1_306' title='bbox 1928 3114 1991 3148; x_wconf 72' lang='lat' dir='ltr'>par</span> 
     </span>
     <span class='ocr_line' id='line_1_38' title="bbox 155 3154 1992 3206; baseline -0.005 -14"><span class='ocrx_word' id='word_1_307' title='bbox 155 3172 203 3192; x_wconf 92' lang='lat' dir='ltr'>un</span> <span class='ocrx_word' id='word_1_308' title='bbox 222 3158 330 3206; x_wconf 82' lang='lat' dir='ltr'>grand</span> <span class='ocrx_word' id='word_1_309' title='bbox 348 3158 495 3192; x_wconf 87' lang='lat' dir='ltr'>nombre</span> <span class='ocrx_word' id='word_1_310' title='bbox 512 3157 704 3201; x_wconf 71' lang='lat' dir='ltr'>d’Eveques</span> <span class='ocrx_word' id='word_1_311' title='bbox 714 3165 746 3190; x_wconf 87' lang='lat' dir='ltr'>et</span> <span class='ocrx_word' id='word_1_312' title='bbox 767 3156 809 3189; x_wconf 86' lang='lat' dir='ltr'>de</span> <span class='ocrx_word' id='word_1_313' title='bbox 823 3157 1040 3201; x_wconf 79' lang='lat' dir='ltr'>theologiens</span> <span class='ocrx_word' id='word_1_314' title='bbox 1060 3157 1107 3188; x_wconf 89' lang='lat' dir='ltr'>les</span> <span class='ocrx_word' id='word_1_315' title='bbox 1121 3157 1198 3201; x_wconf 87' lang='lat' dir='ltr'>plus</span> <span class='ocrx_word' id='word_1_316' title='bbox 1216 3155 1386 3188; x_wconf 80' lang='lat' dir='ltr'>eminents</span> <span class='ocrx_word' id='word_1_317' title='bbox 1403 3154 1445 3188; x_wconf 88' lang='lat' dir='ltr'>de</span> <span class='ocrx_word' id='word_1_318' title='bbox 1464 3155 1586 3190; x_wconf 87' lang='lat' dir='ltr'>Rome.</span> <span class='ocrx_word' id='word_1_319' title='bbox 1610 3154 1672 3187; x_wconf 91' lang='lat' dir='ltr'>Ces</span> <span class='ocrx_word' id='word_1_320' title='bbox 1689 3164 1848 3187; x_wconf 68' lang='lat' dir='ltr'>censuros</span> <span class='ocrx_word' id='word_1_321' title='bbox 1878 3158 1912 3184; x_wconf 81' lang='lat' dir='ltr'>et</span> <span class='ocrx_word' id='word_1_322' title='bbox 1937 3159 1992 3182; x_wconf 81' lang='lat' dir='ltr'>ces</span> 
     </span>
    </p>
   </div>
  </div>
 </body>
</html>
