2135 3442
171 166 246 202 13ss
629 161 815 197 LETTRE
843 159 1186 205 APOSTOLJQUE
1217 159 1280 193 DE
1309 147 1438 192 [ΕΘΝ
1466 157 1556 192 xit

231 256 251 303 5
277 252 318 290 5.
353 249 527 289 Utinam
544 248 615 305 qui
637 263 778 289 rerum
795 258 896 288 tunc
915 247 1202 304 potiebantur,
1226 244 1333 285 tanti
1348 244 1437 284 haec
1458 241 1627 284 decreta
1644 241 1850 296 fecissent,
1870 245 2016 301 quanti

174 328 263 357 tum
277 313 472 355 Ecclesiae
488 324 579 354 tum
602 312 843 370 reipublicae
864 311 972 353 salus
988 310 1249 368 postulabat!
1267 309 1441 349 Utinam
1461 308 1540 349 sibi
1554 307 1852 365 persuasissent
1869 309 1912 349 in
1930 310 2019 350 Ro-

173 381 309 422 manis
331 378 605 420 Pontificibus
621 379 735 420 beati
752 377 866 418 Petri
888 375 1194 417 successoribus
1216 389 1304 414 non
1324 373 1455 414 modo
1479 372 1676 414 Ecclesiae
1693 373 1896 414 universae
1920 389 2017 431 pas-

174 456 301 495 tores,
329 455 369 486 et
394 444 631 502 magistros,
666 442 740 484 sed
769 441 896 483 etiam
925 451 1118 481 strenuos
1147 454 1297 480 eorum
1323 437 1537 496 dignitatis
1571 436 1827 489 defensores,
1863 449 1905 479 et
1927 438 2023 480 dili-

175 510 438 568 gentissimos
456 508 758 566 periculorum,
786 522 879 562 quae
902 504 1140 554 imminent,
1166 502 1326 545 indices
1348 503 1554 561 suspicere
1578 518 1620 544 se
1641 502 1822 544 debere!
1850 503 2020 544 Utinam

174 585 382 648 potestate
407 573 476 614 illa
499 589 570 614 sua
592 574 654 614 usi
678 582 816 614 essent
842 570 895 610 ad
925 580 1055 610 sectas
1081 568 1396 619 convellendas,
1423 583 1602 625 quarum
1628 566 1826 625 pestifera
1850 567 2023 609 consilia

175 641 224 681 iis
249 656 272 680 a
293 638 399 680 Sede
424 638 651 696 Apostolic
645 654 667 678 ι
697 637 862 677 fuerant
883 634 1116 692 patefacta!
1143 634 1235 674 Jam
1257 633 1309 673 ab
1334 648 1385 674 eo
1407 643 1598 690 tempore
1620 647 1708 673 rem
1732 631 1854 688 plane
1877 632 2027 673 confe-

178 706 342 746 cissent.
372 705 428 744 At
461 719 574 755 cum,
605 703 688 743 sive
711 701 983 743 sectariorum
1017 697 1163 739 fraude
1199 713 1264 739 res
1292 714 1386 739 suas
1409 697 1559 738 callide
1593 697 1915 749 occultantium,
1941 695 2026 738 sive

179 768 518 827 imprudentibus
540 766 769 808 nonnullm
772 780 843 806 um
860 764 1137 813 suasionibus,
1163 778 1331 804 causam
1351 764 1460 803 hanc
1477 762 1774 820 negligendam
1789 761 1856 803 vel
1874 761 2025 803 saltem

180 835 384 876 levissime
420 832 681 875 tractandam
712 828 1010 887 judicaverint,
1047 844 1100 869 ex
1127 828 1338 869 veteribus
1367 827 1446 868 illis
1478 827 1724 868 Massonicis
1758 827 1894 877 sectis,
1934 840 2028 883 quae

182 915 415 957 numquam
437 899 685 956 friguerunt,
710 897 798 937 aliae
815 895 1051 952 complures
1072 904 1228 935 exortae
1249 904 1344 934 sunt
1368 893 1501 933 multo
1527 891 1606 933 illis
1631 891 1860 933 deteriores
1882 902 1924 933 et
1947 906 2028 932 au·-

183 965 387 1006 daciores.
417 964 503 1003 Has
527 978 673 1003 omnes
697 962 825 1003 veluti
850 961 942 1001 sinu
967 975 1043 1000 suo
1068 959 1292 1016 complecti
1317 959 1402 999 visa
1430 969 1491 999 est
1516 958 1874 998 Carbonariorum
1899 968 2027 1010 secta,

183 1045 274 1087 quae
298 1040 543 1070 caeterarum
563 1027 754 1084 princeps
776 1027 821 1066 in
844 1025 980 1078 Italia,
1005 1024 1178 1081 aliisque
1201 1023 1414 1065 nonnullis
1438 1024 1481 1064 in
1508 1024 1753 1081 regionibus
1775 1023 2028 1074 habebatur,

184 1105 225 1135 et
248 1094 291 1134 in
323 1092 458 1134 varios
482 1092 611 1133 veluti
635 1107 775 1132 ramos
799 1090 931 1132 divisa
966 1090 1138 1130 nomine
1170 1100 1291 1130 tenus
1317 1089 1516 1138 diversos,
1551 1089 1751 1130 acerrime
1780 1087 2033 1130 catholicam

184 1159 446 1216 religionem,
474 1167 514 1197 et
542 1171 783 1213 supremam
811 1170 1022 1212 quamque
1046 1153 1209 1195 civilem
1235 1153 1469 1211 legitimam
1493 1164 1746 1211 potestatem
1779 1154 2034 1211 impugnan-

187 1223 285 1264 dam
309 1221 502 1279 suscepit.
529 1221 624 1274 Qua
644 1221 880 1262 calamitate
902 1230 948 1261 ut
962 1219 1143 1270 Italiam,
1168 1219 1350 1276 aliasque
1373 1218 1583 1276 regiones,
1603 1219 1689 1259 imo
1713 1229 1755 1260 et
1768 1219 1902 1276 ipsam
1925 1217 2036 1258 Pon-

185 1288 356 1329 tificiam
381 1286 585 1327 ditionem
613 1287 666 1342 (in
690 1301 832 1343 quam,
868 1283 1073 1342 impedito
1093 1285 1295 1342 tantisper
1315 1282 1538 1324 Pontificio
1557 1283 1779 1341 regimine,
1809 1282 1879 1323 illa
1902 1283 2037 1340 irrep-

186 1363 294 1393 serat
331 1367 415 1392 una
440 1367 537 1391 cum
572 1351 723 1392 exteris
754 1351 999 1392 hominibus
1032 1351 1119 1404 ejus
1145 1349 1420 1404 invasoribus)
1455 1346 1655 1389 liberaret
1679 1347 1812 1388 felicis
1832 1346 2035 1388 recorda-

187 1418 310 1458 tionis
329 1417 426 1457 Pius
444 1417 659 1474 septimus,
679 1417 745 1457 cui
766 1416 854 1456 Nos
878 1414 1042 1456 suffecti
1065 1430 1224 1467 sumus,
1251 1414 1610 1456 Carbonariorum
1629 1424 1800 1463 sectam,
1828 1427 2037 1469 quocum-

188 1497 268 1539 que
311 1481 484 1522 tandem
524 1482 696 1522 nomine
734 1497 812 1539 pro
855 1480 1070 1530 locorum,
1116 1480 1369 1521 idiomatum
1385 1510 1395 1529 ,
1441 1489 1483 1518 et
1528 1478 1754 1518 hominum
1797 1477 2039 1519 diversitate

190 1546 487 1604 appellaretur,
531 1547 781 1619 gravissimis
817 1545 951 1617 poenis
988 1545 1206 1586 damnavit
1243 1543 1357 1585 edita
1394 1542 1536 1583 idibus
1575 1543 1885 1600 septembribus
1929 1555 2042 1582 anno

191 1610 410 1652 millesimo
445 1612 796 1669 octingentesimo
828 1610 1027 1651 vicesimo
1056 1611 1195 1667 primo
1232 1607 1549 1656 constitutione,
1584 1609 1699 1662 cujus
1728 1608 1925 1648 initium:
1951 1606 2040 1646 Ec—

191 1675 364 1716 clesiam
384 1692 408 1716 a
430 1676 530 1716 Jesu
561 1676 747 1717 Christo.
773 1677 907 1730 Hujus
927 1685 1054 1716 etiam
1072 1674 1354 1732 exempluml
1337 1673 1500 1714 Nostris
1524 1673 1638 1713 hisce
1657 1673 1823 1714 Litteris
1850 1672 2041 1712 inseren-

192 1740 293 1781 dum
321 1756 406 1781 esse
425 1741 680 1791 censuimus,
708 1740 823 1797 quod
848 1751 908 1780 est
931 1738 1154 1793 ejusmodi.

804 1928 974 1978 PIUS
1028 1924 1430 1976 EPISCOPUS

877 2057 1024 2083 sflnvrs
1040 2055 1260 2081 smwoaum
1278 2054 1362 2079 Dm.

742 2153 816 2193 Ad
845 2163 1096 2210 perpetuam
1137 2158 1200 2192 rei
1235 2156 1496 2191 memoriam.

257 2272 277 2319 5
301 2271 343 2308 6.
385 2288 402 2302 «
423 2265 651 2307 Ecclesiam
675 2281 698 2306 a
722 2266 742 2306 J
746 2281 816 2306 esu
834 2266 997 2307 Christo
1019 2276 1229 2307 servatore
1251 2264 1405 2305 Nostro
1431 2277 1555 2321 supra
1571 2262 1737 2302 firmam
1754 2272 1919 2319 petram
1944 2261 2041 2303 fun-

213 2332 418 2380 ‹datam,
446 2341 486 2371 et
508 2329 586 2371 adx
590 2346 702 2372 ersus
731 2346 856 2388 quam
883 2330 1061 2388 ipsemet
1079 2329 1266 2371 Christus
1286 2327 1480 2387 promisit
1506 2342 1740 2398 numquam
1756 2342 1832 2383 p01
1838 2337 1897 2367 tas
1920 2325 2043 2369 inferi

206 2419 221 2433 «
257 2413 322 2454 pl
299 2394 560 2444 aevalituras‚
579 2406 642 2435 tot
658 2411 765 2453 saepe
786 2411 833 2436 ac
850 2406 938 2436 tam
955 2394 1222 2437 formidolosi
1242 2395 1385 2435 hostes
1409 2392 1587 2450 aggressi
1608 2403 1720 2444 sunt,
1740 2404 1786 2432 ut
1804 2391 1884 2432 nisi
1902 2391 2042 2434 divina

208 2483 224 2497 ιι
261 2461 346 2510 illa,
376 2471 417 2501 et
437 2475 531 2515 quae
552 2459 727 2500 transile
754 2476 841 2501 non
867 2471 1006 2517 potest
1032 2459 1256 2518 promissio
1283 2457 1595 2509 intercessisset,
1621 2424 1900 2498 metiiendum
1921 2456 2041 2499 vide-

206 2546 222 2561 «
259 2537 375 2566 retur
393 2540 446 2565 ne
470 2525 557 2581 ipsa
578 2523 747 2564 illorum
768 2536 840 2565 aut
861 2525 916 2577 vi,
947 2536 1018 2566 aut
1039 2525 1214 2575 artibus,
1247 2535 1317 2565 aut
1335 2522 1560 2564 calliditate
1577 2521 1861 2563 circumventa
1877 2521 2044 2579 penitus

207 2613 222 2626 «
260 2588 463 2630 interiret.
491 2588 620 2640 Quod
651 2603 750 2629 vero
780 2588 1064 2646 superioribus
1091 2588 1355 2647 temporibus
1383 2586 1536 2636 evenit,
1563 2586 1607 2627 id
1625 2586 1755 2628 etiam
1772 2598 1814 2628 et
1831 2586 2041 2645 praecipue

208 2678 224 2692 «
263 2654 437 2711 quidem
459 2653 651 2694 luctuosa
666 2654 745 2694 hac
770 2665 913 2695 nostra
937 2665 1055 2695 aetate
1073 2654 1232 2695 factum
1251 2665 1328 2703 est,
1351 2669 1443 2710 quae
1464 2651 1739 2692 novissimum
1755 2651 1859 2692 illud
1876 2662 2042 2709 tempus

206 2742 222 2756 «
261 2734 347 2760 esse
373 2718 535 2758 videtur
568 2728 686 2758 tanto
715 2729 810 2758 ante
835 2719 887 2758 ab
914 2718 1113 2775 apostolis
1139 2717 1491 2776 praenunciatum,
1519 2733 1602 2774 quo
1627 2717 1638 2737 ¹
1664 2717 1835 2758 venient
1852 2716 2041 2759 illusores

207 2806 224 2820 «
263 2783 496 2824 secundum
522 2781 728 2823 desideria
756 2798 828 2823 sua
856 2783 1116 2824 ambulantes
1148 2783 1191 2823 in
1212 2782 1511 2840 impietatibus.
1534 2782 1622 2823 Nec
1646 2782 1760 2823 enim
1786 2797 2039 2839 quemquam

207 2869 224 2883 «
260 2848 376 2897 latet,
401 2858 558 2903 quanta
582 2847 851 2887 scelestorum
872 2847 1097 2888 hominum
1120 2847 1348 2888 multitudo
1373 2845 1626 2888 difficillimis
1651 2847 1762 2889 hisce
1781 2845 2041 2904 temporibus

207 2934 223 2949 «
261 2911 507 2953 convenerit
535 2909 578 2951 in
603 2927 736 2952 unum
761 2911 955 2953 adversus
986 2911 1217 2953 Dominum
1246 2924 1286 2953 et
1310 2912 1504 2953 adversus
1533 2913 1742 2953 Christum
1773 2913 1875 2968 ejus,
1901 2912 1971 2968 qui
1995 2911 2040 2952 ld

208 2998 225 3013 ι(
261 2977 469 3035 praecipue
496 2987 657 3026 curant,
684 2987 730 3016 ut
755 2976 939 3034 deceptis
959 2993 1034 3034 per
1053 2977 1366 3034 philosophiam
1389 2989 1430 3018 et
1450 2977 1620 3018 inanem
1646 2976 1853 3018 fallaciam
1873 2975 1887 2997 ²
1906 2975 2041 3018 fideli-

207 3062 225 3077 «
260 3043 339 3083 bus
357 3053 398 3082 et.
421 3041 473 3082 ab
495 3040 690 3082 Ecclesiae
709 3040 901 3082 doctrina
924 3041 1086 3094 avulsis,
1101 3041 1234 3099 ipsam
1254 3041 1484 3083 Ecclesiam
1502 3042 1617 3083 irrito
1635 3041 1731 3083 licet
1753 3051 1907 3083 conatu
1925 3040 2040 3082 labe-

252 3180 285 3211 1.
314 3177 357 3210 In
372 3176 484 3222 Epist.
501 3176 538 3211 h.
557 3175 657 3209 Judae
674 3177 740 3223 Ap.
757 3188 791 3210 v.
813 3179 867 3211 18.

250 3227 282 3259 2.
313 3225 446 3258 Coloss.
465 3236 541 3270 cap.
558 3236 597 3269 11,
613 3236 648 3259 v.
669 3226 704 3260 8.
