2135 3442
214 152 289 187 510
889 151 1076 186 LETTRE
1104 152 1171 186 DE
1198 151 1278 186 PIE
1308 151 1380 187 lX.

214 237 309 279 culo
328 235 608 277 consocietur.
632 237 740 278 Cum
758 235 888 294 igitur
906 236 1132 294 populares
1153 237 1307 278 scholae
1331 236 1383 277 ad
1404 237 1612 294 populum
1639 237 1834 296 religiose
1864 239 2052 283 forman-

213 301 315 343 dum
335 335 344 350 ‚
380 301 554 358 ejusque
583 300 815 359 pietatem,
846 312 888 343 et
915 301 1190 344 christianam
1222 317 1394 343 morum
1428 301 1694 359 disciplinam
1724 303 1952 346 fovendam
1974 305 2057 347 sint

211 366 448 424 praesertim
471 376 652 416 statutae,
678 366 830 407 iccirco
852 382 1025 407 omnem
1045 366 1239 408 Ecclesiae
1262 382 1422 417 curam,
1446 366 1792 419 sollicitudinem,
1816 379 1857 410 et
1878 368 2057 427 vigilan-

214 430 315 472 tiam
336 446 422 488 prae
446 430 607 472 caeteris
628 430 892 472 educationis
912 429 1123 473 Institutis
1144 432 1223 473 sibi
1250 431 1418 483 merim,
1444 444 1570 489 atque
1592 433 1756 491 optimo
1774 436 1869 490 jure
1891 450 2059 493 semper

212 495 497 537 vindicarunt.
520 497 581 536 Ac
601 506 831 552 propterea
854 494 1049 549 consilia,
1073 508 1335 555 conatusque
1360 497 1534 537 arcendi
1557 514 1578 538 a
1604 498 1884 556 popularibus
1904 499 2058 541 scholis

211 559 409 602 Ecclesiae
426 570 685 618 potestatem
705 558 1037 616 proficiscuntur
1058 577 1108 602 cx
1128 562 1271 603 animo
1301 561 1439 603 eidem
1467 563 1664 604 Ecclesia:
1691 579 1960 622 summopere
1981 564 2059 606 ad-

212 640 351 676 verso,
375 636 502 682 atque
526 640 576 666 ex
598 624 737 665 studio
759 624 1038 682 extinguendi
1066 625 1109 667 in
1139 627 1308 685 populis
1333 626 1525 667 divinum
1548 628 1822 670 sanctissimae
1843 628 1942 671 fidei
1961 645 2060 671 nos-

213 700 287 730 trae
322 690 482 731 lumen.
513 688 729 743 Quocirca
762 690 964 741 Ecclesia,
997 707 1090 748 quae
1122 691 1294 733 easdem
1326 691 1520 733 fundavit
1552 693 1736 746 scholas,
1762 709 1927 736 summa
1959 710 2059 736 cura

212 754 439 811 studioque
469 770 538 795 eas
573 769 741 812 semper
776 765 838 795 est
869 765 1113 812 prosecuta,
1144 755 1320 813 illasque
1349 757 1477 798 veluti
1511 759 1726 816 potiorem
1765 758 2059 801 ecclesiasticae

213 834 299 860 suae
321 818 584 860 auctoritatis
608 834 655 860 ac
676 818 897 876 regiminis
922 831 1089 877 partem
1118 821 1418 872 consideravit,
1455 834 1494 862 et
1522 838 1800 880 quaecumque
1834 839 1983 865 earum
2007 824 2060 865 ab

211 883 397 925 Ecclesia
417 883 622 940 sejunctio
644 883 877 925 maximum
898 885 1039 927 eidem
1060 885 1272 937 Ecclesiae,
1293 886 1479 945 ipsisque
1500 888 1655 929 scholis
1677 888 1802 930 affert
1823 887 2061 931 detrimen-

213 959 320 990 tum.
344 947 379 989 Ii
401 960 544 990 autem
566 964 731 1000 omnes,
757 949 828 1007 qui
848 965 1074 1009 perperam
1098 951 1382 1003 contendunt,
1407 953 1639 994 Ecclesiam
1660 953 1815 996 debere
1837 953 2063 995 salutarem

213 1029 333 1054 suam
352 1013 684 1056 moderatricem
704 1014 790 1055 vim
815 1030 916 1072 erga
945 1016 1174 1074 populares
1203 1016 1370 1058 scholas
1405 1017 1634 1075 deponere,
1673 1030 1744 1060 aut
1763 1018 2059 1069 intermittere,

213 1078 343 1120 iidem
364 1079 469 1120 nihil
493 1078 607 1120 aliud
628 1079 823 1138 profecto
843 1080 1019 1132 vellent,
1043 1097 1171 1139 quam
1189 1093 1236 1123 ut
1257 1081 1443 1123 Ecclesia
1465 1094 1614 1124 contra
1635 1082 1766 1124 divini
1786 1083 1848 1124 sui
1867 1081 2063 1124 Auctoris

213 1143 415 1185 mandata
435 1154 594 1202 ageret,
619 1155 660 1186 et
681 1144 930 1203 gravissimo
951 1144 1095 1189 officio
1119 1147 1296 1188 curandi
1324 1147 1518 1189 omnium
1539 1148 1765 1190 hominum
1785 1148 1963 1190 salutem
1985 1147 2063 1189 sibi

213 1207 413 1250 divinitus
433 1208 682 1261 commisso,
711 1209 896 1253 deesset.
921 1211 1046 1254 Certe
1079 1211 1256 1269 quidem
1287 1212 1361 1253 ubi
1386 1213 1430 1253 in
1467 1213 1708 1270 quibusque
1728 1212 1846 1264 locis,
1874 1211 2064 1271 regioni-

214 1274 378 1330 busque
398 1273 807 1331 perniciosissimum
830 1274 1079 1332 hujusmodi
1099 1277 1165 1318 vel
1185 1276 1483 1334 susciperetur,
1509 1278 1577 1318 vel
1605 1277 1656 1319 ad
1679 1277 1839 1319 exitum
1858 1277 2065 1336 perduce-

213 1347 332 1380 retur
356 1338 582 1381 consilium
603 1339 847 1397 expellendi
869 1357 891 1382 a
907 1340 1062 1382 scholis
1081 1341 1279 1384 Ecclesiae
1294 1342 1606 1393 auctoritatem,
1632 1354 1673 1384 et
1693 1343 1894 1398 juventus
1912 1341 2065 1384 misere

213 1413 500 1460 exponeretur
536 1404 695 1445 damno
723 1404 835 1447 circa
871 1405 1017 1457 fidem,
1048 1417 1150 1448 tunc
1171 1407 1360 1449 Ecclesia
1393 1424 1482 1449 non
1515 1408 1653 1449 solum
1674 1408 1850 1449 deberet
1868 1407 2065 1450 intentis-

215 1466 324 1510 simo
345 1469 486 1511 studio
509 1469 655 1511 omnia
677 1470 839 1522 conari,
864 1471 1076 1529 nullisque
1097 1472 1206 1513 curis
1224 1489 1413 1530 unquam
1434 1488 1628 1530 parcere,
1642 1484 1688 1513 ut
1708 1471 1859 1514 eadem
1871 1475 2068 1528 juventus

212 1535 499 1576 necessariam
515 1535 793 1576 christianam
810 1535 1143 1589 institutionem,
1168 1537 1469 1580 educationem
1484 1539 1656 1588 habeat,
1679 1553 1825 1578 verum
1845 1536 1973 1578 etiam
1993 1551 2067 1578 co—

212 1611 396 1658 geretur,
420 1616 569 1641 omnes
590 1600 736 1642 fideles
756 1617 951 1653 monere,
980 1601 1127 1659 eisque
1156 1602 1394 1654 declarare,
1423 1602 1634 1659 ejusmodi
1659 1602 1824 1643 scholas
1850 1600 2067 1644 catholica>

213 1664 410 1706 Ecclesiae
431 1664 629 1706 adversas
652 1665 769 1706 haud
789 1682 914 1723 posse
934 1666 978 1707 in
1000 1666 1260 1708 conscientia
1280 1667 1561 1724 frequentari.

272 1728 369 1770 Tibi
390 1741 547 1780 autem,
574 1729 843 1771 Venerabilis
873 1732 1046 1781 Frater,
1075 1736 1349 1788 summopere
1385 1731 1674 1789 gratulamur,
1712 1730 1827 1789 quod
1849 1729 2067 1772 catholicae

213 1793 412 1836 Ecclesiae
447 1794 668 1844 doctrinae,
694 1794 838 1852 quoad
861 1796 1094 1851 juventutis
1126 1795 1455 1847 institutionem,
1482 1795 1865 1853 educationemque
1891 1794 2069 1836 firmiter

212 1857 441 1908 inhaerens,
464 1869 538 1900 tuo
561 1861 872 1901 commentario
895 1860 1094 1903 omnibus
1111 1860 1404 1919 opinionibus,
1438 1860 1869 1917 ordinationibusque
1899 1859 2067 1918 sapien-

212 1934 280 1965 ter
304 1935 346 1966 et
369 1934 619 1965 constanter
655 1924 877 1976 obstitisti,
903 1940 995 1982 quae
1021 1927 1074 1967 ab
1101 1926 1184 1967 isto
1213 1927 1375 1983 Magno
1409 1926 1622 1967 Badarum
1641 1927 1805 1967 Ducatu
1837 1923 2065 1983 propositae

213 1988 334 2030 fuere
359 1988 469 2030 circa
490 1988 766 2047 popularium
788 1989 1031 2031 scholarum
1057 1990 1433 2042 reformationem,
1466 2006 1644 2048 quzeque
1679 1990 1909 2031 maximam
1928 1989 2062 2030 chris-

212 2053 338 2095 tianae
363 2053 606 2095 educationi
629 2053 866 2112 perniciem
890 2054 1093 2107 afferunt,
1119 2066 1160 2097 et
1191 2056 1435 2098 veneranda
1455 2055 1654 2097 Ecclesiae
1675 2055 1719 2096 in
1749 2066 1870 2097 tanto
1889 2053 2062 2112 negotio

210 2121 307 2175 jura
326 2118 502 2160 omnino
524 2118 766 2162 destruunt.
791 2120 854 2161 Ac
881 2119 1251 2178 persuasissimum
1271 2121 1405 2162 Nobis
1429 2132 1504 2171 est,
1537 2132 1578 2162 te
1607 2119 1713 2161 nihil
1730 2135 1920 2177 unquam
1943 2118 2063 2160 inex-

213 2195 384 2242 pertum
401 2198 488 2225 6556
508 2183 775 2235 relicturum,
799 2195 847 2226 ut
876 2185 1068 2241 ejusdem
1103 2185 1301 2228 Ecclesiae
1322 2187 1418 2241 jura
1448 2185 1660 2243 impavide
1688 2183 1910 2235 defendas,
1933 2194 2065 2240 utque

216 2248 270 2289 ab
291 2248 628 2290 adolescentium
647 2248 937 2300 institutione,
953 2261 994 2291 et
1008 2249 1262 2292 educatione
1279 2250 1602 2309 diligentissime
1623 2264 1842 2291 removeas
1858 2247 2067 2306 quidquid

216 2312 314 2353 fidei
340 2312 585 2355 firmitatem
618 2314 686 2355 vel
719 2312 870 2355 leviter
903 2316 1091 2366 turbare,
1126 2315 1403 2366 labefactare,
1445 2327 1518 2356 aut
1548 2314 1791 2372 religiosam
1816 2312 2065 2356 eorumdem

217 2377 523 2420 conscientiam
561 2395 852 2437 corrumpere,
877 2395 1133 2438 morumque
1166 2382 1436 2422 honestatem
1467 2379 1760 2421 contaminare
1787 2377 1940 2436 possit,
1972 2393 2063 2435 quae

217 2441 342 2484 unice
363 2458 385 2483 a
404 2442 486 2484 fide
507 2454 652 2485 nostra
675 2443 940 2485 sanctissima
959 2444 1227 2502 producitur,
1243 2444 1384 2496 alitur,
1404 2456 1445 2487 et
1462 2456 1656 2502 augetur.
1673 2445 1846 2485 Summa
1859 2457 1959 2484 vero
1977 2441 2065 2483 affi-

217 2506 354 2550 cimur
375 2508 682 2560 consolatione,
707 2525 805 2550 cum
837 2508 956 2550 istius
975 2520 1058 2551 tuae
1078 2509 1281 2552 Dioecesis
1301 2510 1448 2552 Clerus
1482 2526 1567 2551 suae
1595 2508 1830 2551 vocationis
1859 2518 1902 2549 et
1935 2506 2066 2548 officii

217 2572 353 2630 probe
376 2587 543 2613 memor
563 2589 646 2614 una
673 2584 815 2615 tecum
837 2590 957 2615 suam
977 2591 1151 2617 omnem
1177 2575 1220 2617 in
1240 2576 1455 2626 Ecclesiae,
1486 2576 1661 2632 ejusque
1694 2571 1889 2616 catholici
1916 2571 2065 2630 populi

214 2636 380 2693 juribus
404 2637 592 2678 tutandis
618 2655 794 2696 operam
816 2638 1054 2697 impendat.
1077 2641 1166 2682 Nec
1191 2640 1346 2682 minori
1369 2640 1525 2698 gaudio
1548 2638 1849 2697 perfundimur
1869 2647 2066 2695 propter-

219 2716 270 2743 ea
291 2700 408 2758 quod
446 2700 524 2742 iste
544 2701 680 2743 fidelis
712 2704 896 2761 populus
921 2704 1082 2763 optime
1106 2705 1293 2747 sentiens
1315 2705 1367 2746 de
1394 2705 1603 2747 catholica
1631 2720 1712 2746 suae
1745 2701 1878 2762 prolis
1912 2701 2065 2743 educa-

218 2766 352 2817 tione,
374 2765 479 2807 nihil
517 2766 729 2824 antiquius
759 2769 931 2821 habeat,
957 2786 1086 2827 quam
1114 2782 1161 2812 ut
1193 2770 1343 2813 eadem
1368 2770 1513 2828 proles
1541 2769 1719 2810 omnino
1739 2767 1984 2810 instituatur
2021 2766 2065 2807 in

220 2829 390 2881 scholis,
416 2846 509 2887 quae
533 2847 556 2872 a
578 2832 785 2873 catholica
804 2833 1041 2893 dirigantur
1058 2835 1261 2877 Ecclesia.
1288 2837 1308 2877 J
1312 2851 1381 2876 am
1401 2851 1501 2877 vero
1518 2835 1707 2876 levantes
1728 2832 1872 2875 oculos
1886 2831 2065 2875 Nostros

222 2895 279 2937 ad
297 2894 532 2937 Dominum
552 2896 691 2937 Deum
710 2897 932 2953 Nostrum,
957 2901 1010 2942 ab
1032 2901 1130 2958 Ipso
1159 2899 1377 2941 humiliter
1404 2900 1613 2957 enixeque
1643 2897 1926 2957 exposcimuS‚
1955 2906 2003 2937 ut
2020 2896 2064 2937 in

223 2959 487 3003 abundantia
511 2960 663 3003 divinae
696 2977 777 3002 suae
803 2963 950 3019 gratiae
971 2965 1062 3016 tibi,
1089 2964 1355 3007 Venerabilis
1375 2967 1541 3016 Frater,
1570 2976 1612 3006 et
1646 2963 1715 3005 isti
1735 2963 1860 3006 Clero
1878 2960 2062 3019 populo-

224 3041 306 3083 que
328 3025 442 3067 fideli
464 3042 633 3086 semper
652 3026 861 3085 propitius
882 3028 1028 3072 adesse
1047 3030 1163 3082 velit,
1188 3046 1273 3088 quo
1300 3046 1446 3072 omnes
1473 3029 1631 3071 coelesti
1651 3045 1732 3088 ope
1765 3025 1958 3071 roborati
1984 3040 2061 3083 pro

224 3089 419 3133 Ecclesiae
448 3108 530 3134 suae
556 3103 710 3134 sanctae
736 3107 859 3134 causa
886 3093 963 3134 sub
990 3104 1063 3136 tuo
1098 3094 1229 3137 ductu
1256 3107 1427 3137 strenue
1451 3094 1655 3137 dimicare
1689 3103 1886 3152 pergant.
1923 3091 2062 3146 Atque

225 3155 398 3214 superni
426 3157 551 3214 hujus
571 3156 754 3216 praesidii
775 3156 1004 3217 auspicem,
1032 3170 1073 3201 et
1101 3160 1326 3217 peculiaris
1353 3177 1435 3219 qua
1461 3171 1502 3202 te
1528 3159 1573 3201 in
1600 3159 1786 3202 Domino
1816 3153 2062 3215 complecti-
