2135 3442
210 150 284 185 146
666 146 852 182 LETTRE
879 144 1219 190 APOSTOLIQUE
1246 143 1313 179 DE
1340 131 1469 178 LEON
1499 142 1598 177 XII.

269 236 476 289 Quocirca
496 233 693 275 omnibus
717 243 759 273 et
784 231 958 289 singulis
992 229 1334 272 christifidelibus
1371 229 1672 285 cujuscumque
1701 239 1846 283 status,
1872 230 2044 288 gradus,

211 299 490 350 conditionis,
529 297 702 348 ordinis,
744 296 978 355 dignitatis,
1013 312 1060 337 ac
1095 292 1430 353 praeeminentiae
1463 293 1550 333 sive
1582 292 1721 343 laicis,
1757 295 1840 335 sive
1868 295 2043 348 clericis,

209 379 296 410 tam
329 364 612 415 saecularibus,
647 378 773 420 quam
807 361 1066 420 regularibus
1104 359 1234 401 etiam
1258 357 1467 416 specifica,
1491 368 1533 399 et
1563 357 1781 400 individua
1811 363 2044 414 mentione,

210 443 251 474 et
271 428 533 489 expressione
553 427 690 486 dignis
720 426 916 477 districte⁷
941 437 982 467 et
1003 427 1046 466 in
1068 424 1222 465 virtute
1244 434 1396 464 sanctae
1421 423 1674 465 obedientiae
1697 423 1971 481 praecipimus,
1993 443 2047 468 ne

211 496 302 555 quis
322 496 399 536 sub
424 493 570 552 quovis
590 502 806 551 praetextu,
845 501 915 532 aut
941 490 1117 547 quaesito
1138 488 1280 530 colore
1316 487 1472 529 audeat
1491 488 1557 530 vel
1582 498 1807 546 praesumat
1830 489 2048 546 praedictas

211 563 448 611 societates,
480 573 745 616 quocumque
776 557 949 598 nomine
980 555 1261 613 appellentur,
1294 552 1418 605 inire,
1440 555 1506 595 vel
1527 570 1777 612 propagare,
1803 554 2042 606 confovere,

211 644 262 670 ac
292 628 337 668 in
364 625 449 667 suis
475 623 634 666 aedibus
661 638 735 663 seu
762 620 956 663 domibus
977 620 1044 661 vel
1070 618 1170 660 alibi
1198 629 1428 676 receptare,
1467 630 1590 676 atque
1621 618 1848 670 occultare,
1879 619 1975 671 illis,
2006 632 2047 663 et

211 691 460 747 cuicumque
498 687 743 730 earumdem
778 685 924 744 gradui
959 683 1156 734 adscribi,
1194 683 1432 741 aggregari,
1466 695 1537 724 aut
1572 686 1785 734 interesse,
1823 684 1889 726 vel
1923 697 2046 743 pote-

209 769 374 806 statem,
402 771 475 797 seu
495 752 841 795 commoditatem
863 751 1012 798 facere,
1039 760 1085 790 ut
1111 748 1267 790 alicubi
1286 761 1589 798 convocentur,
1617 748 1765 791 iisdem
1784 748 1944 806 aliquid
1963 751 2045 791 mi-

209 825 401 870 nistrare,
429 835 500 861 seu
524 818 623 859 alias
657 815 889 865 consilium,
928 812 1144 863 auxilium,
1170 814 1238 854 vel
1271 813 1461 855 favorem
1491 814 1647 871 palam,
1686 824 1758 855 aut
1791 813 1835 854 in
1859 814 2042 869 occulto,

210 887 382 935 directe,
419 894 490 925 aut
512 881 730 931 indirecte,
764 896 838 937 per
858 894 914 928 se,
941 878 1008 919 vel
1034 893 1110 936 per
1132 878 1235 919 alios
1265 878 1572 935 quoquomodo
1602 889 1815 936 praestare,
1850 893 1930 921 nec
1958 895 2044 921 non

209 952 313 993 alios
333 950 508 999 hortari,
535 947 748 995 inducere,
769 958 1017 1002 provocare,
1045 959 1093 985 ac
1121 943 1312 993 suadere,
1334 955 1381 983 ut
1400 942 1641 998 hujusmodi
1661 944 1944 995 societatibus,
1974 956 2046 986 aut

209 1017 455 1072 cuicumque
479 1011 724 1054 earumdem
743 1008 891 1066 gradui
914 1007 1223 1058 adscribantur,
1260 1019 1606 1058 annumerentur,
1634 1019 1706 1049 aut
1734 1008 1943 1059 intersint,
1978 1009 2045 1051 vel

210 1082 317 1140 ipsas
349 1076 670 1137 quomodolibet
697 1075 844 1129 juvent
879 1089 926 1114 ac
962 1072 1146 1124 foveant,
1187 1072 1259 1114 sed
1288 1073 1464 1114 omnino
1488 1073 1541 1113 ab
1576 1072 1722 1114 iisdem
1757 1073 2040 1124 societatibus,

210 1161 355 1188 earum
390 1142 579 1191 coetibus,
603 1139 894 1189 conventibus,
930 1137 1314 1197 aggregationibus,
1341 1153 1414 1180 seu
1435 1137 1735 1181 conventiculis
1755 1155 1924 1196 prorsus
1947 1140 2044 1181 abs-

210 1213 341 1252 tinere
361 1225 402 1250 se
425 1208 577 1249 debeat
602 1205 678 1247 sub
714 1220 839 1262 poena
865 1202 1313 1246 excommunicationis
1334 1218 1410 1261 per
1438 1219 1586 1245 omnes
1610 1214 1657 1245 nt
1685 1219 1809 1261 supra
1835 1205 2046 1246 contrafa-

209 1276 366 1318 cientes
389 1289 439 1315 eo
468 1274 558 1329 ipso
580 1271 736 1327 absque
767 1269 852 1310 ulla
879 1269 1161 1310 declaratione
1192 1267 1464 1317 incurrenda,
1498 1284 1522 1309 a
1551 1284 1631 1325 qua
1656 1284 1781 1309 nemo
1804 1284 1879 1326 per
1899 1285 2045 1326 quem-

206 1356 346 1398 quam,
366 1337 443 1379 nisi
461 1352 534 1393 per
549 1336 652 1387 Nos,
677 1350 750 1376 seu
764 1335 1005 1374 Romanum
1020 1334 1270 1375 Pontificem
1289 1350 1367 1391 pro
1393 1344 1582 1390 tempore
1601 1332 1862 1383 existentem,
1880 1346 2045 1391 proeter-

206 1420 333 1462 quam
350 1403 394 1443 in
419 1400 595 1441 articulo
612 1401 758 1440 mortis
778 1400 1041 1449 constitutus,
1064 1399 1342 1439 absolutionis
1362 1398 1618 1439 beneficium
1632 1398 1768 1438 valeat
1788 1399 1999 1440 obtinere.

264 1466 534 1524 Proecipimus
562 1476 762 1522 pra=terea
785 1465 980 1505 omnibus
1010 1465 1086 1504 sub
1111 1464 1261 1504 eadem
1289 1462 1739 1504 excommunicationis
1757 1478 1883 1520 poena
1906 1464 2042 1506 Nobis

204 1545 246 1575 et
277 1531 479 1574 Romanis
509 1528 784 1571 Pontificibus
823 1528 1130 1568 successoribus
1162 1528 1327 1568 Nostris
1365 1539 1599 1578 reservata,
1638 1539 1684 1569 ut
1712 1539 1934 1570 teneantur
1964 1528 2041 1570 de-

203 1598 403 1639 nunciare
433 1593 669 1653 EpiscopiS,
703 1593 770 1634 vel
799 1592 969 1642 caeteris,
1011 1592 1065 1633 ad
1096 1608 1201 1650 quos
1223 1604 1396 1649 spectat,
1427 1609 1497 1634 eos
1522 1609 1684 1642 omnes,
1722 1609 1826 1650 quos
1848 1594 2043 1636 noverint

203 1662 265 1704 1115
286 1661 553 1703 societatibus
571 1674 729 1700 nomen
751 1656 929 1708 dedisse,
953 1657 1016 1698 vel
1036 1656 1178 1714 aliquo
1214 1673 1264 1697 cx
1284 1657 1331 1697 iis
1362 1656 1627 1707 criminibus,
1661 1673 1750 1714 quae
1769 1657 1898 1699 modo
1922 1674 2042 1700 com-

204 1737 437 1768 memorata
458 1735 568 1775 sunt,
590 1740 631 1765 se
655 1724 915 1780 inquinasse.

262 1792 475 1849 Praecipue
515 1805 614 1831 vero
649 1787 938 1844 jusjurandum
975 1786 1077 1827 illud
1112 1786 1288 1844 impium
1328 1787 1475 1844 plane,
1521 1801 1568 1827 ac
1602 1786 1821 1828 scelestum
1836 1820 1845 1837 ,
1883 1804 1966 1844 quo
1997 1804 2040 1831 se

203 1857 488 1914 obstringunt,
517 1855 588 1911 qui
614 1855 658 1894 in
690 1853 766 1894 has
797 1864 925 1894 sectas
958 1862 1211 1909 cooptantur
1240 1852 1400 1892 nemini
1427 1850 1728 1909 patefacturos,
1763 1867 1855 1908 quae
1876 1851 1930 1892 ad
1950 1852 2041 1894 illas

203 1933 333 1962 sectas
356 1921 583 1978 pertinent,
609 1930 649 1960 et
671 1929 807 1959 morte
824 1918 1100 1959 mulctaturos
1124 1932 1196 1958 eos
1218 1933 1367 1958 omnes
1389 1915 1570 1967 sodales,
1595 1918 1666 1974 qui
1684 1932 1733 1958 ea
1754 1916 2040 1975 superioribus

202 1988 286 2028 sive
306 1984 605 2033 ecclesiasticis,
627 1985 710 2024 sive
726 1982 840 2024 laicis
860 1983 1130 2040 patefaciunt,
1150 1983 1327 2024 omnino
1355 1981 1623 2034 damnamus,
1651 1992 1693 2023 et
1724 1981 1846 2039 plane
1874 1983 2040 2024 irritum

204 2050 479 2092 declaramus.
511 2048 626 2102 Quid
657 2048 797 2089 enim?
824 2048 976 2088 Nonne
1000 2047 1115 2088 nefas
1141 2057 1203 2088 est
1227 2046 1526 2102 jusjurandum
1553 2045 1671 2102 quod
1691 2045 1735 2086 in
1751 2044 1912 2101 justitia
1935 2063 2038 2104 pro-

202 2113 492 2156 nunciandum
531 2125 612 2168 est,
647 2113 777 2154 veluti
803 2112 1017 2153 vinculum
1040 2112 1216 2163 habere,
1251 2128 1333 2169 quo
1370 2113 1460 2169 quis
1494 2127 1538 2153 se
1568 2111 1622 2152 ad
1653 2112 1851 2167 injustam
1882 2110 2038 2153 caedem

203 2180 377 2237 obliget,
400 2192 442 2221 et
462 2179 516 2220 ad
535 2194 682 2220 eorum
700 2177 1055 2219 contemnendam
1078 2179 1383 2227 auctoritatem,
1407 2176 1477 2234 qui
1500 2193 1595 2218 cum
1614 2176 1679 2218 vel
1699 2174 1944 2226 Ecclesiam,
1971 2177 2038 2218 vel

200 2245 431 2303 legitimam
459 2243 622 2285 civilem
650 2244 890 2284 societatem
916 2243 1192 2284 moderantur
1206 2245 1273 2298 jus
1297 2243 1459 2284 habent
1483 2258 1532 2283 ea
1560 2239 1859 2298 cognoscendi,
1887 2240 2038 2296 quibus

201 2310 369 2351 illarum
386 2310 496 2351 salus
507 2309 767 2350 continetur?
784 2310 937 2350 Nonne
950 2308 1257 2364 iniquissimum
1273 2320 1314 2349 et
1330 2307 1667 2364 indignissimum
1676 2305 1883 2345 estDeum
1898 2306 2036 2362 ipsum

200 2375 330 2415 veluti
365 2375 567 2416 scelerum
591 2386 737 2415 testem
767 2385 808 2414 et
830 2373 1114 2428 fidejussorem
1149 2372 1388 2431 appellare?
1420 2370 1667 2411 Rectissime
1694 2369 1840 2411 Patres
1871 2371 2035 2412 concilii

200 2440 488 2479 Lateranensis
514 2440 575 2480 Ill
595 2439 787 2495 inquiunt
810 2439 920 2495 (can.
948 2438 990 2493 3)
1011 2455 1020 2477 ε
1046 2458 1062 2473 «
1090 2438 1189 2478 Non
1213 2436 1326 2478 enim
1354 2434 1533 2476 dicenda
1562 2444 1659 2475 sunt
1678 2436 1934 2487 juramenta,
1960 2436 2033 2477 sed

206 2524 225 2540 κ
260 2504 397 2560 potius
417 2503 613 2560 perjuria,
630 2519 719 2558 qua·
744 2514 888 2544 contra
906 2502 1130 2543 utilitatem
1150 2501 1487 2551 ecclesiasticam,
1509 2509 1549 2540 et
1574 2499 1934 2540 sanctissimorum
1957 2501 2035 2542 Pa-

203 2588 221 2603 «
258 2579 369 2608 trum
389 2566 563 2608 veniunt
578 2567 777 2608 instituta.
809 2589 824 2601 »
848 2568 901 2607 Et
922 2566 1190 2607 intoleranda
1213 2577 1275 2607 est
1297 2580 1446 2605 eorum
1473 2579 1526 2604 ex
1544 2564 1608 2604 his
1627 2563 1870 2604 hominibus
1889 2565 2031 2622 impu-

199 2632 358 2683 dentia,
380 2633 462 2673 sive
483 2632 679 2682 amentia,
708 2631 778 2687 qui
798 2646 893 2671 cum
913 2647 1000 2671 nou
1020 2630 1149 2671 modo
1173 2631 1217 2671 in
1238 2629 1366 2671 corde
1390 2645 1480 2679 su0‚
1506 2627 1580 2670 sed
1600 2627 1725 2669 etiam
1750 2629 1908 2687 palam,
1931 2641 1973 2672 et
1988 2631 2032 2672 in

195 2697 375 2756 publicis
411 2695 573 2753 scriptis
598 2695 738 2736 dicant
758 2711 767 2734 :
785 2695 883 2736 Non
901 2706 963 2735 est
978 2696 1107 2746 Deus,
1143 2695 1327 2736 audeant
1355 2704 1497 2736 tamen
1515 2694 1825 2750 jusjurandum
1859 2695 2027 2753 exigere

197 2763 251 2803 ab
272 2762 320 2802 iis
341 2760 553 2812 omnibus,
575 2775 680 2816 quos
702 2775 795 2800 suas
814 2759 857 2799 in
881 2769 1011 2799 sectas
1033 2758 1241 2816 deligunt.

256 2827 356 2867 Haec
396 2841 420 2865 a
454 2825 587 2866 Nobis
624 2823 848 2864 constituta
882 2833 979 2863 sunt
1017 2822 1070 2863 ad
1097 2822 1273 2864 furiosas
1304 2834 1344 2864 et
1373 2822 1565 2864 scelestas
1599 2824 1673 2865 has
1709 2838 1856 2865 omnes
1897 2833 2027 2864 sectas

198 2888 536 2948 comprimendas
559 2899 599 2930 et
615 2886 889 2928 damnandas.
908 2887 1031 2927 Nunc
1053 2902 1153 2927 vero
1175 2898 1372 2939 vestram,
1395 2888 1670 2929 Venerabiles
1689 2889 1857 2929 Fratres
1877 2887 2023 2928 catho-

197 2956 266 2997 lici
287 2954 553 3005 Patriarchae,
576 2952 791 2998 Primates,
805 2950 1138 3007 Archiepiscopi,
1160 2962 1200 2991 et
1224 2951 1437 3009 Episcopi,
1462 2968 1635 3009 operam
1656 2969 1742 2994 non
1764 2950 2026 3010 postulamus

197 3021 344 3071 modo,
365 3020 440 3061 sed
465 3019 588 3060 etiam
617 3016 865 3075 flagitamus.
903 3015 1119 3057 Attendite
1146 3016 1282 3066 vobis,
1319 3027 1361 3058 et
1393 3018 1584 3058 universo
1619 3016 1750 3075 gregi,
1783 3016 1826 3056 in
1847 3031 1930 3072 quo
1951 3031 2025 3056 vos

196 3085 370 3143 Spiritus
392 3085 564 3126 Sanctus
585 3082 723 3141 posuit
743 3082 957 3139 episcopos
978 3095 1121 3138 regere
1143 3080 1377 3122 Ecclesiam
1400 3081 1493 3122 Dei.
1515 3081 1722 3122 Invadent
1744 3079 1914 3136 quidem
1934 3078 2023 3136 lupi

195 3165 365 3207 rapaces
398 3150 442 3189 in
467 3164 540 3190 vos
564 3163 650 3188 non
673 3156 890 3204 parcentes
913 3145 1028 3202 gregi
1058 3161 1066 3186 τ
1093 3145 1165 3186 sed
1194 3145 1324 3186 nolite
1349 3157 1553 3199 metuere,
1586 3163 1663 3188 nec
1688 3146 1809 3186 facite
1837 3143 2022 3185 animam

194 3225 373 3255 vestram
392 3213 684 3272 pretiosiorem
705 3227 829 3269 quam
846 3226 935 3252 vos.
958 3209 1067 3252 Illud
1088 3221 1226 3252 tenete
1245 3226 1268 3251 a
1288 3210 1405 3252 vobis
1428 3212 1608 3252 maxima
1633 3226 1682 3251 ex
1697 3219 1816 3267 parte
1832 3207 2021 3266 pendere
