2135 3442
156 159 230 196 522
712 149 1059 195 DECLARATION
1088 160 1180 196 DEs
1208 149 1448 206 nvthUES.

156 245 275 282 minio
295 258 339 282 ac
362 257 484 295 regno
502 245 697 283 sedentem
718 244 857 283 suimet
879 244 978 293 juris
999 259 1095 294 esse,
1119 255 1158 284 et
1176 246 1215 284 in
1238 246 1373 294 nobili,
1397 246 1620 297 tranquilla,
1644 256 1688 285 et
1704 247 1805 286 alma
1825 249 2005 290 libertate

155 303 389 341 Catholicam
422 304 534 340 fidem
571 304 683 352 tueri,
711 317 755 342 ac
785 317 1052 357 propugnare,
1079 314 1244 344 totamve
1273 319 1404 356 regere
1434 319 1478 343 ac
1506 306 1722 356 gubernare
1751 307 2005 347 christianam

159 362 457 414 rempublicam,

208 480 307 528 Quis,
320 490 445 519 autem
464 481 627 519 inficiari
646 481 766 533 possit
782 482 822 518 in
840 481 914 518 hoc
933 495 1062 519 rerum
1080 482 1352 530 humanarum,
1373 483 1619 534 opinionum,
1634 483 2005 536 institutionnmque:

155 538 334 577 conflictu
351 540 608 592 necessarium
629 553 709 577 esse
730 548 771 577 ut
792 548 967 577 servetur
992 548 1164 578 extrema
1192 541 1231 578 in
1259 546 1412 593 Europa
1434 542 1597 590 medius,
1624 551 1701 580 tres
1728 544 1830 581 inter
1860 544 2007 582 veteris

155 598 289 636 mundi
315 599 568 646 continentes,
601 599 756 649 quidam
786 598 903 636 veluti
926 612 1034 636 sacer
1053 599 1174 647 locus,
1203 609 1241 638 et
1269 602 1384 639 Sedes
1409 601 1691 651 augustissima,
1719 604 1822 640 unde
1845 603 2000 654 populis

155 656 470 709 principibusque
488 657 654 695 vicissim
679 658 826 694 oriatur
848 670 924 694 vox
939 659 1115 708 quaedam
1133 672 1271 709 magna
1290 668 1521 711 potensque,
1541 674 1617 697 vox
1636 674 1779 713 nempe*
1791 661 2007 710 justitiae-en

154 716 336 764 veritatis,
366 716 459 754 nulli
495 717 622 754 favens
648 730 727 768 prae
756 717 920 764 caeteris,
953 716 1094 754 nullius
1122 716 1337 768 obsequens
1366 718 1541 766 arbitrio,
1571 733 1687 769 quam
1716 734 1787 758 nec
1819 721 2006 759 terrenda

154 788 413 826 compescere,
436 789 505 813 nec
526 776 612 813 ullis
632 775 778 813 artibus
795 775 997 826 quisquam
1015 775 1139 828 possit
1154 777 1457 816 circumvenire?

209 834 282 881 Qui
303 848 421 886 porro
442 836 501 872 vel
515 836 586 872 hac
609 835 688 872 rice
714 834 797 872 fieri
817 834 1017 886 potuisset,
1042 844 1085 872 ut
1102 836 1280 874 Ecclesiae
1299 837 1496 875 Antistites
1510 836 1636 875 securi
1651 837 1726 875 huc
1741 851 1790 876 ex
1807 837 2001 876 toto‹orbe

156 903 403 931 accurrerent
423 908 508 931 cum
532 893 739 931 Sanctitate
763 897 843 931 Tua
862 895 909 931 de
933 894 1048 932 rebus
1074 895 1304 944 gravissimis
1324 897 1460 944 acturi,
1483 897 1513 934 si
1532 910 1579 934 ex
1606 906 1663 934 tot
1682 906 1719 935 et
1738 906 1816 935 tam
1836 896 1999 935 diversis

155 951 375 1002 regionibus
393 954 647 1004 gentibusque
667 954 915 1001 confluentes,
940 954 1160 1004 Principem
1180 954 1347 1005 aliquem
1366 954 1598 993 invenissent
1616 955 1677 993 his
1697 955 1775 993 oris
1798 954 2008 993 dominan-

157 1019 245 1058 tem,
268 1011 333 1061 qui
350 1013 412 1049 vel
437 1012 630 1063 Principes
650 1013 821 1064 ipsorum
844 1011 884 1049 in
904 1012 1122 1064 suspicione
1143 1013 1315 1061 haberet,
1338 1014 1398 1051 vel
1418 1014 1506 1062 illis,
1529 1023 1726 1066 suspectus
1742 1015 1838 1066 ipse,
1860 1014 2007 1052 adver»

155 1072 327 1107 saretur?
352 1075 427 1110 Sua
448 1080 535 1109 sunt
556 1070 695 1109 etenim
717 1080 753 1108 et
773 1070 1000 1117 christiano,
1018 1081 1055 1108 et
1075 1071 1148 1109 civi
1165 1071 1311 1119 officia3
1334 1073 1438 1110 haud
1457 1072 1612 1122 quidem
1632 1073 1888 1125 repugnantia
1901 1073 2007 1111 inter

156 1142 209 1176 se,
232 1131 299 1167 sed
315 1130 465 1167 diversa
486 1139 637 1178 tamen,
659 1144 743 1180 quae
764 1129 967 1182 adimpleri
999 1130 1046 1166 ab
1067 1131 1269 1182 Episcopis
1298 1131 1493 1182 quomodo
1515 1140 1686 1183 possent,
1710 1131 1782 1169 nisi
1810 1141 2000 1184 perstares

153 1190 286 1226 Romae
303 1188 424 1226 civilis
444 1189 698 1241 principatus,
723 1189 846 1239 qualis
868 1198 924 1227 est
940 1189 1185 1237 Pontificum,
1207 1190 1305 1242 juris
1326 1190 1440 1228 alieni
1459 1190 1618 1228 omnino
1640 1190 1835 1239 immunis,
1857 1199 2008 1229 ercen-

154 1255 255 1284 trum
272 1248 559 1297 quodammodo
581 1248 806 1286 universalis
822 1248 1054 1299 concordiae,
1076 1249 1171 1286 nihil
1192 1249 1412 1288 ambitionis
1431 1250 1607 1287 humanae
1627 1250 1792 1301 spirans,
1811 1249 1906 1287 nihi]
1926 1263 2006 1302 pro·

156 1315 307 1344 terrena
321 1306 584 1345 dominatione
605 1307 788 1346 moliens?

206 1485 263 1520 Ad
281 1484 443 1522 liberum
465 1498 556 1535 ergo
574 1486 799 1523 Pontificem
819 1489 961 1536 Regem
984 1485 1157 1523 venimus
1175 1486 1304 1534 liberi,
1329 1485 1505 1523 Ecclesiae
1523 1485 1640 1523 rebus
1658 1495 1790 1536 utpote
1809 1488 2000 1534 Pastores‚

155 1551 190 1579 et
210 1543 342 1594 patriae
360 1552 493 1595 utpote
511 1544 610 1582 cives
626 1545 724 1583 bene
745 1555 783 1583 et
802 1559 909 1596 aeque
930 1545 1188 1592 consulentes,
1212 1559 1336 1596 neque
1350 1548 1564 1592 Pas-torum,
1578 1557 1704 1595 neque
1723 1544 1864 1582 civium
1879 1544 2010 1583 officia,

155 1602 441 1651 posthabentes.

206 1664 300 1709 Quae
319 1675 405 1698 cum
432 1661 482 1698 ita
514 1661 603 1708 sint,
629 1662 805 1712 quisnam
827 1663 1093 1714 Principatum
1118 1663 1224 1699 illum
1259 1672 1338 1700 tam
1358 1672 1545 1710 veterem,
1570 1671 1673 1699 tanta
1699 1663 1940 1710 auctoritate,
1963 1670 2003 1699 at

155 1728 258 1756 tanta
283 1720 487 1757 necessatis
519 1721 555 1756 vi
586 1721 796 1769 conditum,
821 1723 960 1759 audeat
979 1721 1234 1773 impugnare?
1261 1723 1344 1770 Cui,
1367 1722 1397 1760 si
1417 1723 1478 1760 vel
1503 1723 1563 1769 jus
1586 1721 1683 1758 illud
1710 1721 1934 1769 humanum,
1961 1720 2002 1759 in

155 1792 232 1828 quo
253 1778 376 1829 posita
402 1787 457 1816 est
485 1778 702 1831 principum
731 1779 913 1818 securitas
937 1781 1249 1832 populorumque
1277 1780 1437 1818 libertas·
1461 1780 1694 1829 attendatur,
1724 1793 1900 1830 quaenam
1929 1780 2004 1817 alia

154 1845 321 1888 potestas
338 1838 459 1888 possit
472 1839 712 1889 comparari?
730 1841 820 1887 Quae
841 1849 917 1876 tam
937 1839 1165 1876 venerabilis
1189 1848 1226 1877 et
1248 1842 1403 1877 sancta?
1421 1842 1514 1887 Quae
1532 1839 1609 1877 sive
1631 1839 1818 1890 pristini5‚
1838 1840 1926 1876 sive*
1943 1852 2009 1876 re-

154 1895 388 1933 centioribus
411 1896 555 1933 saeculis
579 1897 800 1934 monarchia
824 1897 882 1935 vel
903 1898 1120 1949 respublica
1138 1898 1289 1945 juribus
1310 1907 1386 1935 tam
1407 1898 1591 1948 augustis,
1617 1907 1697 1935 tam
1718 1897 1899 1948 antiquis,
1926 1906 2001 1935 tam

155 1954 437 1992 inviolabilibus
469 1955 589 2007 possit
614 1956 795 2006 gloriari?
816 1959 908 2005 Quae
937 1956 1066 1994 omnia
1097 1956 1126 1994 si
1155 1957 1272 1994 semel
1299 1966 1336 1994 et
1363 1956 1403 1993 in
1434 1957 1506 1994 hac
1532 1959 1674 1994 Sancta
1699 1957 1797 1996 Sede
1823 1958 2004 2008 despecta

155 2021 269 2063 atque
289 2014 512 2065 proculcata
534 2014 688 2062 fuerint,
712 2015 887 2066 quisnam
907 2016 966 2053 vel
988 2015 1169 2067 princeps
1189 2018 1237 2053 de
1255 2029 1390 2066 regno,
1413 2016 1472 2053 vel
1494 2015 1714 2067 respubl-ica
1736 2016 1783 2053 de
1807 2015 2002 2053 territorio

153 2072 299 2124 possint
331 2086 412 2110 esse
451 2073 598 2111 securi?
636 2076 752 2124 Ergo,
789 2075 1028 2113 Sanctissime
1066 2078 1193 2122 Pater,
1231 2089 1303 2126 pro
1337 2075 1523 2125 religione
1556 2075 1729 2125 quidem,
1756 2076 1824 2113 sed
1855 2083 1894 2112 et
1928 2088 2002 2127 pro

150 2130 296 2178 justitia
311 2162 321 2179 ,
335 2131 580 2183 juribusque,
603 2147 689 2184 quae
707 2143 794 2172 sunt
813 2134 914 2172 inter
938 2143 1070 2185 gentes
1089 2147 1220 2172 rerum
1242 2135 1499 2172 humanarum
1517 2134 1780 2182 fundamenta,
1803 2133 2003 2172 contendit

155 2199 268 2241 atque
289 2191 475 2230 decertas.

208 2309 283 2345 Sed
300 2309 431 2346 dehac
457 2318 532 2346 tam
552 2310 658 2360 gravi
681 2325 793 2348 causa
814 2311 880 2347 vix
910 2325 978 2348 nos
1003 2312 1112 2349 decet
1136 2311 1299 2364 amplius
1318 2312 1434 2349 verba
1461 2312 1650 2363 proferre,
1675 2310 1742 2361 qui
1771 2314 1822 2348 Te
1849 2312 1897 2348 de
1918 2312 2000 2362 ipsa

157 2380 236 2404 non
257 2375 333 2403 tam
347 2367 595 2406 disserentem
616 2383 730 2419 quam
750 2372 952 2408 docentem
974 2384 1072 2422 saepe
1094 2370 1237 2423 saepius
1249 2370 1477 2408 audivimus.
1502 2374 1585 2408 Vox
1607 2370 1747 2408 etenim
1772 2374 1871 2418 Tua,
1894 2370 2002 2421 quasi

158 2425 247 2462 tuba
266 2427 525 2475 sacerdotalis,
547 2428 616 2465 toti
630 2428 716 2465 orbi
733 2428 913 2479 clangens
934 2430 1201 2481 proclamavit,
1223 2431 1328 2480 quod
1354 2448 1367 2463 «
1390 2429 1570 2480 singulari
1582 2443 1740 2481 prorsus
1755 2428 1892 2466 divi·nae
1910 2432 2003 2467 Pro·

159 2484 334 2521 videntiae
356 2485 514 2522 consilio
536 2487 674 2524 factum
697 2487 757 2535 sit,
783 2496 822 2524 ut
841 2491 1035 2525 Romanus
1055 2489 1246 2536 Pontifex,
1270 2502 1383 2539 quem
1401 2489 1571 2526 Christus
1592 2488 1707 2525 totius
1726 2487 1905 2525 Ecclesiae
1925 2502 2010 2526 suae·

160 2552 275 2595 caput
302 2552 555 2595 centrumque
574 2545 784 2594 constituit,
809 2546 959 2585 civilem
976 2556 1244 2598 assequeretur
1254 2547 1530 2599 principatum¹
1549 2564 1557 2593 ;
1585 2563 1599 2581 »
1626 2547 1674 2584 ab
1694 2546 1872 2584 omnibus
1885 2546 2002 2597 igitur

165 2601 276 2640 nobis
295 2616 373 2640 esse
392 2617 463 2654 pro
490 2604 700 2643 certissimo
721 2606 929 2644 tenendum
950 2620 1028 2643 non
1053 2606 1210 2644 fortuito
1233 2607 1307 2644 hoc
1325 2607 1496 2657 regimen
1514 2606 1723 2657 temporale
1749 2608 1894 2644 Sanctae
1914 2604 2007 2644 Sedi=

161 2661 375 2708 accessisse,
393 2663 458 2699 sed
477 2676 524 2699 ex
542 2664 697 2713 speciali
718 2665 846 2702 divina
864 2665 1116 2718 dispositione
1130 2665 1185 2702 illi
1199 2679 1280 2703 esse
1292 2666 1491 2711 tributum,
1508 2666 1668 2716 longave
1686 2679 1874 2703 annorum
1888 2664 2000 2712 serie,

166 2719 335 2756 unanimi
354 2720 524 2758 omnium
544 2735 749 2771 regnorum
761 2733 798 2761 et
812 2725 1064 2776 imperiorum
1078 2738 1278 2772 consensu,
1299 2738 1342 2761 ac
1365 2738 1477 2775 poene
1495 2725 1681 2762 miraculo
1702 2724 2002 2762 corroboratum

162 2787 197 2814 et
218 2788 502 2818 conservatum.

213 2891 301 2928 Alto
319 2891 463 2942 pariter
479 2900 516 2929 et
536 2892 696 2929 solemni
721 2893 872 2944 eloquio
893 2895 1093 2932 declarasti
1117 2913 1132 2929 ‹<
1155 2899 1206 2934 Te
1230 2896 1379 2934 civilem
1401 2900 1584 2934 Romanae
1605 2896 1782 2934 Ecclesiae
1802 2896 2000 2948 Principa-

160 2958 240 2986 tum
267 2950 422 3001 ejusque
443 2951 673 3002 temporales
694 2952 952 3003 possessiones
979 2969 1022 2992 ac
1045 2954 1148 3006 jura,
1178 2970 1262 3006 quae
1288 2956 1337 2994 ad
1357 2956 1575 2994 universum
1596 2956 1837 2994 Catholicum
1864 2955 1999 2994 orbem

161 3007 368 3058 pertinent,
391 3009 540 3060 integra
565 3019 602 3048 et
619 3010 801 3048 inviolata
823 3020 1041 3053 constanter
1062 3014 1174 3062 tueri,
1199 3024 1235 3052 et
1261 3029 1413 3052 servare
1430 3015 1546 3063 velle3
1576 3015 1692 3052 immo
1716 3016 1866 3052 Sanctae
1893 3013 2000 3053 Sedis

161 3067 402 3119 Principatus
424 3069 607 3120 Beatique
628 3069 732 3107 Petri
752 3069 972 3121 patrimonii
994 3076 1148 3112 tutelam
1170 3075 1218 3111 ad
1238 3088 1370 3112 omnes
1396 3073 1612 3112 Catholicos
1634 3074 1855 3124 pertinere,
1870 3075 1999 3122 Teque

210 3171 241 3201 1.
269 3167 337 3202 Lit.
358 3170 424 3214 Ap.
443 3181 528 3202 xxxi
549 3182 633 3204 mar.
659 3172 762 3211 1860,
780 3183 816 3216 p.
841 3174 876 3212 3,
902 3174 934 3205 5.
955 3173 1145 3214 Allocutio,
1165 3187 1209 3206 xx
1227 3176 1303 3220 jun,
1322 3177 1426 3216 1859,
1442 3187 1478 3220 p.
1492 3177 1526 3210 6.
1548 3174 1692 3220 Encycl.
1716 3185 1775 3206 xrx
1789 3172 1867 3218 jun.
1885 3171 1989 3217 1860,

167 3226 202 3258 p.
223 3215 457 3258 trAuoeutio,
478 3229 554 3250 xvn
574 3216 650 3252 dec.
676 3219 777 3252 1860.
