2135 3442
223 107 298 143 480
728 102 917 137 LETTRE
946 102 1259 147 ENCYCLIQUE
1289 103 1353 137 DE
1381 103 1460 137 PIE
1487 102 1558 137 IX.

281 194 421 248 Atque
457 191 538 238 hic,
575 188 715 230 dilecti
754 188 849 230 filii
882 188 1027 229 Nostri
1063 199 1104 229 et
1136 187 1409 230 Venerabiles
1439 189 1628 238 Fratres,
1676 188 1829 230 iterum
1874 207 2062 234 comme-

223 271 390 298 morare
429 266 469 296 et
509 252 823 312 reprehendere
863 264 1032 310 oportet
1069 253 1362 310 gravissimum
1406 267 1619 301 errorem,
1663 251 1707 292 in
1744 268 1828 309 quo
1868 257 2064 298 nonnulli

222 319 418 363 catholici
453 318 605 360 misere
639 329 874 366 versantur,
909 317 980 374 qui
1019 316 1214 358 homines
1246 317 1289 357 in
1332 316 1545 357 erroribus
1579 315 1783 367 viventes,
1825 329 1868 360 et
1905 335 1927 360 a
1968 336 2064 362 vera

221 385 321 435 fide,
352 396 476 442 atque
509 400 531 425 a
571 383 776 425 catholica
802 381 962 423 unitate
998 380 1155 422 alienos
1187 381 1240 422 ad
1283 393 1484 422 aeternam
1518 382 1647 421 vitam
1690 382 1912 439 pervenire
1941 399 2066 440 posse

222 449 470 507 opinantur.
524 448 651 501 Quod
697 447 870 504 quidem
915 445 1131 486 catholicae
1182 445 1385 487 doctrinae
1431 446 1496 486 vel
1541 447 1724 487 maxime
1770 447 2064 491 adversantur.

221 514 382 556 Notum
417 512 577 562 Nobis,
612 512 816 568 vobisque
857 521 942 560 est,
982 526 1080 560 eos,
1119 512 1189 568 qui
1220 510 1453 552 invincibili
1495 510 1602 552 circa
1640 511 1947 554 sanctissimam
1989 530 2069 555 no-

222 589 352 620 stram
396 577 645 635 religionem
690 574 927 632 ignorantia
974 575 1196 626 laborant,
1236 575 1393 633 quique
1429 575 1664 616 naturalem
1690 576 1854 634 legem,
1893 579 2068 635 ejusque

221 655 428 703 praecepta
470 645 514 684 in
556 642 747 683 omnium
789 640 988 682 cordibus
1020 656 1041 681 a
1074 641 1164 682 Deo
1199 641 1407 698 insculpta
1447 641 1595 682 sedulo
1638 655 1865 692 servantes,
1892 658 1940 684 ac
1978 644 2068 684 Deo

223 709 402 751 obedire
435 709 595 766 parati,
641 708 863 748 honestam
898 717 1140 763 rectamque
1175 706 1306 748 vitam
1340 718 1485 764 agunt,
1529 722 1671 763 posse,
1701 706 1851 748 divinae
1887 707 1991 749 lucis
2027 717 2071 750 et

222 775 365 833 gratia·
399 783 602 831 operante
631 773 800 820 virtute,
835 782 1038 812 {eternam
1075 773 1276 828 consequi
1304 773 1456 821 vitam,
1489 787 1585 812 cum
1614 772 1746 821 Deus,
1774 771 1846 828 qui
1877 771 2069 814 omnium

220 850 402 888 mentes,
425 836 607 886 animos,
631 835 922 893 cogitationes,
952 835 1208 892 habitusque
1232 835 1356 892 plane
1377 835 1583 885 intuetur,
1610 846 1822 877 scrutatur
1849 847 1891 878 et
1913 836 2066 888 noscit,

220 919 300 961 pro
330 918 493 944 summa
523 918 595 943 sua
626 901 830 950 bonitate,
869 911 910 940 et
940 900 1161 941 clementia
1203 900 1378 941 minime
1406 901 1591 957 patiatur
1623 900 1866 959 quempiam
1898 902 2065 943 {eternis

220 967 363 1027 puniri
393 965 623 1025 suppliciis,
658 965 729 1021 qui
762 964 1012 1006 voluntariae
1034 964 1164 1021 culpae
1196 976 1359 1005 reatum
1382 981 1469 1006 non
1497 965 1666 1007 habeat.
1694 966 1775 1007 Sed
1798 965 2071 1007 notissimum

221 1048 392 1090 quoque
412 1043 489 1080 est,
517 1030 772 1071 catholicum
796 1029 969 1087 dogma,
994 1028 1208 1070 neminem
1241 1028 1401 1070 scilicet
1424 1041 1538 1070 extra
1567 1030 1818 1071 catholicam
1839 1030 2071 1072 Ecclesiam

219 1113 347 1155 posse
369 1094 534 1145 salvari,
570 1106 611 1135 et
637 1105 907 1135 contumaces
928 1093 1128 1135 adversus
1148 1093 1335 1149 ejusdem
1365 1094 1559 1135 Ecclesiae
1580 1095 1895 1147 auctoritatem,
1918 1095 2070 1137 defini-

221 1161 370 1211 tiones,
403 1172 443 1202 et
472 1161 524 1201 ab
556 1159 685 1217 ipsius
707 1159 904 1200 Ecclesiae
935 1158 1115 1209 unitate,
1140 1170 1263 1216 atque
1284 1175 1305 1200 a
1333 1159 1445 1200 Petri
1466 1159 1717 1201 Successore
1737 1162 1935 1202 Romano
1955 1162 2071 1202 Pon-

219 1225 344 1276 tifice,
370 1226 436 1266 cui
459 1232 584 1267 vineae
605 1225 797 1265 custodia
824 1241 848 1264 a
883 1224 1110 1264 Salvator-e
1129 1233 1192 1265 est
1209 1231 1430 1265 commissa
1456 1224 1730 1282 pertinaciter
1753 1224 1924 1276 divisos,
1951 1237 2071 1267 aeter-

219 1308 318 1333 nam
337 1306 425 1332 non
445 1305 570 1347 posse
588 1290 780 1330 obtinere
799 1289 993 1330 salutern.
1016 1287 1257 1330 Clarissima
1281 1289 1393 1330 enim
1425 1300 1523 1330 sunt
1549 1288 1707 1330 Christi
1724 1289 1897 1331 Domini
1914 1292 2067 1332 verba:

225 1378 242 1393 «
279 1356 321 1398 Si
355 1355 587 1396 Ecclesiam
625 1370 715 1394 non
742 1353 943 1403 audierit,
972 1352 1023 1394 sit
1051 1352 1128 1394 tibi
1160 1355 1266 1394 sicut
1298 1354 1490 1395 ethnicus
1522 1365 1564 1395 et
1586 1353 1855 1411 publicanus.
1884 1354 1967 1407 Qui
1995 1370 2072 1396 vos

226 1443 244 1458 «
279 1420 419 1470 audit,
456 1434 525 1461 me
557 1419 697 1468 audit,
725 1430 767 1460 et
788 1419 860 1475 qui
889 1434 964 1459 vos
987 1418 1176 1476 spernit,
1205 1435 1274 1460 me
1306 1421 1492 1476 spernit3
1526 1419 1598 1476 qui
1622 1430 1766 1460 autem
1785 1435 1853 1460 me
1883 1419 2068 1477 spernit,

226 1507 243 1523 «ι
281 1484 443 1544 spernit
476 1500 573 1525 eum
608 1483 678 1540 qui
703 1483 817 1524 misit
836 1499 919 1524 me.
940 1509 998 1514 ——
1016 1483 1098 1536 Qui
1123 1500 1210 1525 non
1230 1483 1457 1525 crediderit
1477 1483 1847 1526 condemnabitur.
1876 1485 1958 1537 Qui
1983 1500 2071 1526 non

225 1571 242 1587 «
280 1550 427 1599 credit,
447 1551 535 1603 jam
561 1547 773 1604 judicatus
794 1559 871 1589 est.
895 1573 949 1579 ———
964 1548 1045 1600 Qui
1069 1564 1157 1589 11011
1175 1559 1239 1589 est
1259 1563 1441 1597 mecum,
1471 1559 1618 1589 contra
1637 1564 1706 1590 me
1727 1560 1803 1599 est,
1830 1559 1872 1590 et
1891 1548 1963 1605 qui
1982 1564 2072 1590 non

227 1637 244 1651 «
280 1613 439 1671 colligit
475 1628 643 1654 mecum
680 1612 900 1669 dispergit.
941 1633 958 1648 »
996 1612 1107 1654 Hinc
1140 1612 1374 1670 Apostolus
1411 1613 1565 1653 Paulus
1597 1612 1843 1668 hujusmodi
1876 1612 2070 1654 homines

223 1679 323 1721 dicit
351 1678 585 1728 subversos,
625 1686 664 1717 et
691 1683 871 1732 proprio
901 1677 1071 1732 jndicio
1105 1678 1416 1728 condemnatos,
1447 1687 1487 1717 et
1522 1676 1832 1733 Apostolorum
1866 1676 2070 1734 Princeps

222 1744 317 1785 illos
339 1742 524 1800 appellat
545 1762 561 1777 ιι
588 1743 812 1797 magistros
830 1741 1072 1791 mendaces,
1094 1742 1165 1798 qui
1185 1741 1464 1782 introducunt
1482 1751 1618 1782 sectas
1635 1741 1905 1799 perditionis,
1927 1743 2071 1783 Domi-

229 1830 244 1845 «
281 1824 386 1850 num
406 1818 580 1864 negant,
604 1805 934 1862 superducentes
958 1805 1038 1846 sibi
1059 1806 1239 1847 celerem
1266 1805 1570 1863 perditionem.
1603 1827 1619 1841 2»

282 1872 407 1915 Absit
434 1888 551 1924 vero,
574 1882 621 1912 ut
647 1870 862 1911 catholicae
882 1869 1076 1911 Ecclesia>
1105 1870 1179 1911 filii
1207 1871 1293 1911 ullo
1313 1886 1504 1926 unquam
1540 1869 1671 1911 modo
1694 1869 1855 1911 inimici
1886 1869 1969 1911 sint
1999 1869 2066 1921 iis,

224 1938 295 1996 qui
316 1938 477 1979 eisdem
497 1937 595 1977 fidei
625 1935 874 1993 caritatique
902 1935 1096 1986 vinculis,
1119 1935 1355 1977 Nobiscum
1372 1935 1548 1976 minime
1577 1946 1676 1976 sunt
1707 1935 1938 1990 conjuncti,
1966 1935 2069 1993 quin

220 2004 352 2045 immo
371 2003 467 2043 illos
491 2002 574 2043 sive
596 2016 820 2059 pauperes,
844 1999 926 2041 sive
946 2011 1216 2058 aeg1·otantes,
1239 2000 1324 2041 sive
1349 2000 1440 2041 aliis
1471 1999 1707 2058 quibusque
1735 1999 1932 2041 aerumnis
1959 1999 2069 2041 affli-

218 2080 307 2111 ctos
335 2068 532 2110 omnibus
553 2066 793 2108 christianae
823 2066 1010 2107 caritatis
1037 2066 1187 2107 officiis
1206 2066 1408 2125 prosequi
1431 2066 1629 2121 adjuvare
1660 2080 1829 2122 semper
1852 2064 2064 2115 studeant,

219 2145 261 2175 et
279 2134 322 2174 in
343 2132 493 2190 primis
515 2132 568 2172 ab
589 2147 785 2172 errorum
804 2131 1009 2181 tenebris,
1035 2131 1080 2172 in
1101 2131 1257 2188 quibus
1279 2131 1449 2181 misere,
1477 2132 1638 2186 jacent,
1664 2130 1840 2187 eripere,
1866 2140 1990 2187 atque
2012 2129 2066 2171 ad

220 2197 471 2239 catholicam
498 2196 732 2247 veritatem,
760 2207 800 2236 et
824 2196 876 2236 ad
905 2195 1240 2237 amantissimam
1260 2196 1443 2237 Matrem
1469 2195 1699 2236 Ecclesiam
1726 2193 1928 2235 reducere
1960 2209 2066 2234 con-

220 2262 421 2312 tendant,
454 2277 544 2318 quae
579 2272 790 2302 maternas
825 2277 921 2302 suas
957 2277 1108 2302 manus
1145 2261 1199 2302 ad
1237 2261 1331 2302 illos
1364 2270 1556 2301 amanter
1588 2259 1788 2312 tendere,
1821 2273 1979 2315 eosque
2012 2258 2067 2300 ad

218 2342 339 2367 suum
360 2325 499 2367 sinum
520 2342 718 2366 revocare
744 2341 962 2382 nunquam
984 2325 1155 2374 desinit,
1176 2337 1222 2366 ut
1243 2326 1286 2366 in
1307 2325 1404 2375 fide,
1430 2340 1518 2382 spe,
1549 2335 1590 2364 et
1610 2323 1786 2365 caritate
1814 2322 1995 2374 fundati,
2017 2339 2066 2365 ac

218 2391 405 2440 stabiles,
432 2402 474 2432 et
496 2390 540 2430 in
563 2390 677 2430 omni
700 2406 828 2446 opere
848 2391 965 2430 bono
995 2390 1313 2441 fructificantes,
1342 2401 1543 2430 {eternam
1569 2398 1848 2445 assequantur
1866 2387 2061 2429 salutem.

275 2457 399 2498 Nunc
441 2467 597 2506 autem,
628 2454 768 2497 dilecti
813 2454 906 2495 Filii
934 2455 1077 2496 Nostri
1108 2472 1155 2497 ac
1175 2455 1449 2497 Venerabiles
1469 2454 1663 2503 Fratres,
1692 2451 1861 2494 silentio
1891 2462 2064 2509 praeter-

218 2521 278 2562 ire
303 2537 389 2561 non
411 2536 632 2577 possumus
663 2520 793 2561 alium
821 2519 1224 2577 perniciosissimum
1252 2535 1445 2561 errorum
1473 2530 1514 2560 et
1534 2518 1710 2568 malum,
1736 2533 1820 2574 quo
1853 2532 1900 2557 ac
1919 2527 2064 2558 nostra

219 2585 507 2626 infelicissima
530 2596 650 2625 aetate
670 2585 895 2626 hominum
915 2596 1079 2626 mentes
1101 2586 1318 2643 animique
1338 2585 1489 2626 misere
1517 2582 1806 2640 abripiuntur,
1830 2598 1877 2623 ac
1895 2592 2063 2639 pertur-

217 2650 391 2691 bantur.
426 2649 661 2706 Loquimur
693 2666 846 2720 nempe
876 2650 927 2692 de
957 2650 1166 2692 effrenato
1202 2668 1249 2692 ac
1279 2651 1486 2692 damnoso
1524 2649 1597 2689 illo
1636 2647 1813 2705 proprio
1845 2661 1989 2687 amore
2023 2657 2063 2688 et

218 2714 373 2764 studio,
401 2730 487 2771 quo
506 2730 593 2754 non
620 2715 740 2771 pauci
767 2715 979 2757 homines.
1004 2716 1119 2757 nulla
1147 2716 1272 2773 plane
1294 2713 1478 2772 proximi
1498 2713 1561 2754 5111
1587 2712 1753 2753 latione
1772 2709 1936 2760 habita,
1958 2726 2062 2767 pro-

217 2779 333 2838 prias
351 2779 570 2828 utilitates,
595 2789 636 2818 et
657 2779 879 2820 commoda
902 2779 1024 2820 unice
1045 2791 1237 2837 spectant
1254 2791 1295 2820 et
1311 2788 1521 2836 quaelunt',
1537 2776 1758 2847 loquimur
1767 2775 1819 2816 de
1834 2773 2062 2815 insatiabili

219 2845 290 2886 illa
320 2843 569 2885 dominandi
601 2854 642 2883 et
676 2844 921 2899 acquirendi
954 2845 1202 2902 cupiditate,
1237 2861 1334 2902 qua,
1366 2842 1601 2884 honestatis
1624 2840 1881 2897 justitiaeque
1908 2837 2062 2896 regulis

219 2910 394 2951 omnino
416 2907 686 2966 posthabitis,
713 2908 880 2949 dixitias
903 2909 1052 2965 (1110115
1074 2910 1202 2951 modo
1222 2908 1493 2966 cupidissime
1516 2920 1765 2964 congerere,
1787 2914 1829 2946 et
1846 2902 2061 2944 cumulare

218 2990 305 3015 non
344 2973 543 3016 desinunt
577 2989 622 3013 ac·
654 2972 831 3013 ter'wnis
863 2983 1026 3015 tantum
1063 2977 1188 3017 rebus
1223 2975 1389 3016 assidue
1426 2972 1594 3022 intenti,
1627 2982 1669 3013 et
1701 2969 1796 3015 Dei
1822 2966 2056 3025 religionis,

220 3039 347 3079 anim
337 3055 453 3096 eque
483 3054 564 3080 sua)
590 3037 806 3078 immemoi
807 3053 859 3078 es
887 3053 1005 3079 suam
1031 3056 1169 3080 omne
1162 3056 1202 3080 11
1232 3039 1476 3080 felicitatem
1507 3037 1549 3078 in
1576 3032 1874 3093 comparandis
1903 3029 2058 3071 divitiis

218 3115 259 3145 et
281 3104 469 3162 pecuniae
499 3102 709 3144 thesauris
738 3118 906 3159 peipel
896 3118 962 3142 ’1111
989 3103 1517 3146 collocant.Memine1int
1537 3098 1779 3157 hujusmodi
1799 3094 1990 3138 homines
2009 3108 2057 3134 ac

219 3173 326 3210 seiio
344 3168 605 3210 meditentui
621 3166 865 3225 graxissima
888 3166 957 3207 illa
981 3167 1134 3208 Cluisti
1156 3168 1329 3208 Domini
1350 3169 1473 3208 xeiba
1498 3184 1507 3206 τ
1531 3164 1686 3217 «Quid
1705 3161 1878 3220 prodest
1895 3155 2054 3198 homlssl
