2135 3442
136 143 212 179 366
815 138 1004 174 LETTRE
1031 138 1098 172 DE
1127 137 1203 172 PIE
1231 137 1302 174 IX.

137 225 385 274 deformior,
421 240 549 282 quam
589 224 788 265 adversus
818 223 1034 264 Christum
1069 221 1249 271 stetisse,
1293 236 1421 278 quam
1453 221 1687 262 Ecclesiam
1722 222 1864 264 divino
1888 226 1978 280 ejus

137 290 340 348 sanguine
359 300 539 346 partam,
580 300 621 330 et
648 288 897 346 acquisitam
919 287 1158 345 dissipasse,
1193 302 1321 343 quam
1342 285 1592 343 evangelicae
1615 285 1851 328 dilectionis
1871 287 1980 329 obli-

135 367 226 397 tum
247 365 396 397 contra
422 354 686 406 unanimem,
711 364 752 394 et
784 351 1042 394 concordem
1074 351 1153 394 Dei
1182 350 1390 409 populum
1406 349 1572 392 hostilis
1593 349 1814 392 discordiae
1835 350 1979 393 furore

136 434 347 478 pugnasse
361 418 373 438 ¹
385 451 393 459 .

195 487 303 526 Cum
323 495 464 524 autem
484 482 592 523 ratio
611 481 742 523 divini
767 481 904 522 cultus
924 496 975 522 ex
996 479 1112 522 hisce
1133 481 1301 522 duobus
1320 490 1503 531 constet,
1522 480 1604 538 piis
1629 480 1917 538 dogmatibus,
1940 491 1981 521 et

138 549 377 592 actionibus
396 548 538 600 bonis,
565 563 702 604 neque
727 546 921 588 doctrina
942 546 1033 587 sine
1057 546 1258 604 operibus
1284 545 1408 587 bonis
1431 556 1604 603 accepta
1626 545 1679 586 sit
1700 546 1808 596 Deo,
1839 559 1982 602 neque

138 631 267 673 opera
294 614 471 671 recipiat
506 614 620 653 Deus
657 628 679 652 a
715 611 925 668 religiosis
962 611 1233 669 dogmatibus
1263 613 1468 666 sejuncta,
1492 626 1631 668 neque
1654 610 1698 652 111
1725 610 1815 651 solo
1852 624 1981 667 opere

137 683 357 729 virtutum,
385 689 455 719 aut
490 677 533 718 in
571 677 659 718 sola
698 675 967 717 observantia
996 675 1314 726 mandatorum,
1350 675 1424 717 sed
1460 675 1586 716 etiam
1619 675 1662 716 in
1694 674 1863 717 tramite
1883 673 1983 715 fidei

140 756 316 803 angusta
345 754 387 784 et
421 742 553 784 ardua
584 742 636 783 sit
662 741 745 794 via,
770 757 861 798 quae
880 740 997 782 ducit
1018 741 1073 782 ad
1090 741 1260 792 vitam2,
1300 752 1392 782 tum
1428 757 1482 782 ne
1519 739 1807 782 intermittatis
1837 739 1982 781 fideles

140 821 300 851 vestros
329 808 512 866 populos
536 806 804 848 continenter
824 821 1016 858 monere,
1056 816 1099 847 et
1124 805 1323 856 excitare,
1358 817 1405 847 ut
1432 821 1519 846 non
1540 806 1678 846 solum
1698 805 1742 845 in
1763 803 1979 846 catholicae

138 873 357 932 religionis
375 871 641 931 professione
661 870 794 928 magis
813 870 856 910 in
873 869 964 911 dies
988 869 1162 911 stabiles
1183 881 1224 910 et
1240 869 1406 911 immoti
1427 870 1672 928 persistant,
1692 885 1841 910 verum
1858 868 1986 910 etiam

140 955 217 997 per
234 940 349 979 bona
370 953 501 995 opera
520 947 680 978 certam
705 951 824 976 suam
845 934 1130 985 vocationem,
1157 946 1198 975 et
1223 934 1473 976 electionem
1492 935 1628 976 facere
1647 945 1856 992 satagant.
1873 935 1986 975 Dum

142 1014 286 1045 autem
303 1003 346 1043 in
364 1002 492 1042 vestri
514 1000 652 1058 gregis
676 1000 855 1041 salutem
880 999 1196 1057 procurandam
1219 999 1479 1050 incumbitis,
1503 1016 1556 1041 ne
1577 999 1781 1041 omittatis
1804 999 1848 1039 in
1869 997 1987 1040 omni

141 1068 350 1117 bonitate,
364 1066 581 1123 patientia,
600 1075 641 1106 et
662 1064 858 1106 doctrina
872 1064 1051 1105 miseros
1070 1074 1260 1106 errantes
1282 1064 1335 1105 ad
1351 1065 1524 1106 unicum
1541 1064 1698 1105 Christi
1716 1064 1839 1114 ovile,
1862 1074 1988 1120 atque

143 1133 195 1174 ad
217 1131 470 1174 catholicam
491 1130 699 1171 unitatem
721 1145 921 1171 revocare
952 1129 1033 1170 illis
1055 1128 1292 1188 praesertim
1314 1129 1539 1188 Augustini
1569 1129 1711 1170 verbis
1730 1148 1738 1171 :
1773 1150 1787 1164 «
1815 1127 1984 1178 Venite,

148 1219 166 1235 «
191 1197 356 1246 fratreS‚
388 1196 420 1237 si
445 1195 587 1246 vultis,
612 1205 660 1236 ut
685 1194 931 1236 inseramini
958 1194 1002 1235 in
1021 1194 1106 1235 vite
1135 1209 1142 1234 :
1172 1193 1295 1235 dolor
1323 1204 1400 1246 est,
1425 1210 1523 1235 cum
1546 1209 1621 1235 vos
1641 1194 1859 1235 videamus
1877 1208 1987 1251 prae—

149 1284 166 1299 α
193 1263 301 1304 cisos
320 1261 379 1303 ita
398 1263 558 1316 jacere,
578 1272 802 1302 numerate
819 1259 1062 1302 sacerdotes
1082 1258 1148 1301 vel
1169 1260 1222 1300 ab
1238 1258 1329 1316 ipsa
1343 1259 1458 1300 Petri
1475 1258 1597 1309 Sede,
1623 1269 1664 1300 et
1688 1258 1732 1299 in
1750 1258 1899 1300 ordine
1914 1257 1987 1298 illo

148 1348 166 1364 (ι
194 1340 365 1385 patrum
388 1327 483 1383 quis
505 1325 571 1367 cui
593 1325 805 1375 successit,
832 1325 995 1378 videte,
1014 1324 1103 1382 ipsa
1119 1334 1182 1364 est
1196 1335 1335 1381 petra,
1354 1339 1482 1380 quam
1502 1340 1589 1365 non
1604 1323 1780 1365 vincunt
1797 1323 1989 1381 superbae

149 1414 166 1429 «
195 1392 431 1435 inferorum
452 1391 608 1449 portae³
632 1390 901 1447 Quicumque
919 1400 1039 1430 extra
1063 1390 1176 1430 hanc
1194 1387 1373 1429 domum
1389 1404 1546 1446 agnum
1566 1387 1815 1440 comederit,
1842 1385 1988 1445 profa-

152 1479 169 1494 «
193 1474 272 1499 nus
295 1468 377 1510 est,
402 1456 435 1498 si
450 1455 543 1514 quis
567 1455 610 1496 in
625 1470 722 1496 arca
741 1456 835 1496 Noe
855 1470 944 1496 non
961 1453 1088 1495 fuerit
1106 1452 1265 1511 peribit
1280 1464 1486 1511 regnante
1504 1452 1703 1495 diluvio&
1731 1473 1749 1490 »ι

207 1662 369 1702 Verum
388 1676 475 1701 non
496 1659 654 1700 minori
679 1675 778 1701 sane
798 1659 987 1717 pernicie
1008 1660 1114 1701 alter
1134 1675 1247 1701 nunc
1264 1670 1480 1717 grassatur
1507 1659 1700 1709 morbus,
1731 1657 1797 1699 cui
1829 1658 1883 1699 ab
1905 1657 1991 1700 ela-

149 1726 283 1776 tione,
306 1737 346 1767 et
367 1725 551 1782 quodam
576 1724 705 1766 veluti
732 1724 906 1765 rationis
926 1723 1048 1774 fastu,
1082 1725 1373 1765 rationalismi
1399 1739 1557 1765 nomen
1585 1734 1649 1765 est
1672 1722 1869 1765 inditum.
1892 1723 1989 1764 Non

148 1791 365 1849 improbat
388 1800 500 1831 certe
525 1789 740 1831 Ecclesia-³
759 1805 910 1830 eorum
933 1789 1136 1838 studium,
1162 1788 1233 1846 qui
1261 1788 1483 1829 veritatem
1504 1788 1608 1829 scire
1628 1788 1869 1838 voluerunt,
1895 1786 1991 1844 quia

150 1859 265 1899 Deus
282 1855 467 1897 hominis
486 1865 684 1896 naturam
705 1853 793 1895 veri
814 1854 1077 1913 adipiscendi
1096 1853 1456 1911 cupientissimam
1476 1853 1591 1904 fecit,
1614 1867 1753 1908 neque
1778 1851 1996 1910 improbat

153 1933 277 1964 rectae
297 1936 495 1977 sanaeque
519 1919 694 1960 rationis
723 1919 875 1970 studia,
902 1919 1058 1977 quibus
1079 1917 1246 1960 animus
1275 1917 1497 1969 excolitur,
1522 1927 1675 1958 natura
1700 1915 1991 1974 investigatur,

154 1998 197 2030 et
218 1985 480 2028 abditissima
500 1999 677 2042 quaeque
705 1984 894 2040 ejusdem
917 2000 1072 2026 arcana
1098 1983 1141 2024 in
1164 1995 1357 2041 apertam
1375 1981 1652 2040 proferuntur
1670 1982 1822 2023 lucem.
1852 1979 1993 2038 Siqui-

155 2051 253 2093 dem
275 2052 407 2103 novit,
433 2066 481 2092 ac
509 2050 643 2107 probe
664 2059 782 2090 tenet
806 2048 1067 2107 pientissima
1094 2058 1246 2099 mater,
1279 2047 1392 2090 inter
1421 2047 1574 2089 collata
1599 2046 1762 2089 coelitus
1785 2060 1965 2088 munera
1984 2045 1996 2066 ⁶

155 2115 371 2157 illud‘esse
389 2115 654 2173 praeclarum,
685 2113 799 2171 quod
825 2113 992 2156 ratione
1019 2113 1277 2165 continetur,
1309 2125 1351 2155 et
1374 2129 1460 2171 quo
1489 2129 1536 2154 ea
1559 2111 1715 2166 omnia,
1743 2127 1834 2169 quae
1859 2109 1994 2152 sensi-

156 2181 237 2221 bus
257 2179 443 2221 obnoxia
468 2189 580 2230 sunt,
612 2180 918 2237 praetergressi,
950 2178 1162 2237 insignem
1187 2178 1418 2236 quamdam
1444 2179 1521 2219 Dei
1543 2176 1772 2234 imaginem
1798 2175 1843 2217 in
1867 2174 1995 2217 nobis

157 2243 257 2302 ipsis
276 2244 555 2314 praeferimus.
579 2243 711 2285 Novit
731 2243 1006 2301 quaerendum
1025 2259 1115 2285 esse
1136 2243 1312 2286 donec
1302 2260 1372 2285 1111Υ
1376 2243 1507 2294 enias,
1531 2253 1571 2283 et
1594 2240 1857 2283 credendum
1878 2239 1995 2297 quod

157 2308 369 2358 invenisti,
408 2308 508 2349 dum
540 2308 661 2350 hoc
651 2324 826 2366 insuper
855 2308 1002 2350 credas
1034 2308 1148 2350 aliud
1174 2325 1264 2350 non
1296 2325 1386 2350 esse
1414 2305 1689 2356 credendum,
1713 2305 1898 2377 ideoque
1916 2319 1997 2346 nec

159 2372 480 2430 requirendum,
503 2389 599 2414 cum
624 2373 698 2414 id
687 2373 914 2424 inveneris,
938 2385 981 2415 et
1010 2373 1241 2415 cledideris
1265 2373 1379 2431 quod
1407 2389 1429 2414 a
1456 2371 1624 2413 Christo
1648 2371 1888 2412 institutum
1915 2380 1994 2420 est,

162 2438 235 2494 qui
255 2453 343 2478 non
370 2437 483 2478 aliud
504 2437 580 2479 tibi
598 2438 771 2479 mandat
798 2437 1119 2495 inquirendum,
1140 2455 1268 2496 quam
1291 2438 1407 2496 quod
1433 2435 1656 2478 instituit⁷.
1682 2435 1847 2493 Ecquid
1866 2435 1994 2493 igitur

162 2513 241 2552 est,
266 2501 382 2558 quod
407 2501 495 2559 ipsa
524 2518 612 2543 non
632 2502 807 2561 patitur,
830 2518 919 2544 non
941 2503 1056 2554 sinit,
1083 2515 1125 2544 et
1144 2503 1262 2560 quod
1282 2519 1360 2561 pro
1380 2501 1569 2557 injuncto
1590 2501 1669 2542 sibi
1688 2500 1830 2543 officio
1850 2499 1997 2542 tuendi

162 2566 346 2624 depositi
366 2566 540 2607 omnino
559 2567 848 2625 reprehendit,
874 2583 921 2609 ac
941 2567 1148 2610 damnat?
1170 2567 1349 2608 Illorum
1368 2566 1572 2607 nimirum
1591 2582 1757 2608 morem
1775 2566 1999 2607 vehemen-

160 2641 227 2674 ter
249 2630 543 2689 reprehendit,
568 2647 615 2674 ac
637 2646 803 2690 semper
819 2632 1051 2683 damnavit,
1071 2643 1113 2673 et
1133 2632 1309 2674 damnat
1323 2630 1525 2681 Ecclesia,
1551 2631 1623 2688 qui
1641 2630 1807 2673 ratione
1821 2631 1999 2672 abuten-

161 2708 240 2747 tes,
264 2712 358 2738 eam
378 2695 457 2737 Dei
476 2695 608 2753 ipsius
631 2696 846 2754 loquentis
863 2697 1105 2741 auctoritati
1133 2695 1260 2755 impie
1279 2707 1321 2738 et
1344 2695 1469 2738 stulte
1488 2712 1708 2754 opponere
1727 2711 1776 2738 ac
1797 2694 1998 2754 praeferre

213 2853 246 2885 1.
275 2849 312 2885 S.
334 2850 384 2895 (Σ)
388 2849 503 2895 prian.
522 2849 634 2895 Epist.
657 2854 714 2886 72

211 2900 246 2933 2.
274 2897 310 2932 S.
332 2862 454 2943 Cyrpill.
476 2897 649 2931 Hierosol.
674 2898 773 2932 Cath.
794 2898 861 2934 IV
880 2895 1113 2931 Illuminand.
1129 2908 1168 2930 n.
1181 2898 1215 2931 2.
1236 2896 1272 2932 S.
1282 2896 1355 2930 Leo
1378 2897 1491 2932 Serm.
1511 2900 1547 2933 5.
1564 2895 1608 2930 de
1624 2896 1769 2933 Nativit.
1794 2897 1901 2931 Dom.

211 2948 246 2981 3.
275 2945 416 2990 Inpsal.
434 2953 549 2979 contr.
569 2953 661 2989 part.
681 2946 810 2978 Donat.

213 2994 246 3026 4.
275 2991 311 3025 S.
332 2992 539 3035 Hieronymi
560 2992 658 3036 epist
676 2994 732 3026 14.
748 2992 794 3025 al.
818 2994 876 3026 57.
894 2990 940 3024 ad
958 2992 1097 3024 Damas.

213 3041 248 3074 5.
275 3039 434 3075 Laetam.
455 3038 565 3073 divin.
577 3038 723 3074 institut.
741 3039 808 3072 lib.
830 3041 864 3073 2.
882 3050 959 3083 cap.
975 3041 1007 3072 1

213 3088 246 3121 6.
274 3086 434 3119 Clemens
452 3087 551 3120 Alex.
572 3085 735 3122 Stromat.
754 3085 818 3118 lib.
833 3089 865 3120 1.
882 3097 960 3132 cap.
980 3088 1014 3121 3.
1033 3084 1096 3119 lib.
1117 3086 1153 3119 2.
1172 3095 1251 3131 cap.
1269 3087 1302 3121 2.
1324 3093 1356 3121 et
1372 3085 1521 3132 Gregor.
1542 3085 1776 3130 thaumaturg.
1808 3090 1895 3117 orat.
1929 3092 1998 3127 pa-

260 3146 288 3167 r.
311 3146 348 3166 ca
410 3136 442 3168 ¹7.
468 3137 523 3169 13.

166 3144 257 3215 neg7y
279 3146 442 3215 Tertptill.
450 3179 495 3214 de
513 3180 705 3228 praescript.
727 3191 803 3226 cap.
832 3181 865 3214 9.
