2135 3442
157 155 232 192 134
618 151 800 186 LETTRE
830 148 1171 195 APOSTOLIQUE
1199 148 1265 183 DE
1293 138 1420 182 LEON
1449 145 1539 181 XII.

162 266 179 279 «
202 240 405 283 mandata
425 238 605 281 vetitum
622 238 766 290 fuisse,
792 252 847 280 ne
866 235 1052 278 haeteriae
1074 246 1228 285 essent,
1248 233 1291 274 id
1311 243 1374 275 est
1393 247 1448 274 ne
1463 230 1686 272 societates
1705 241 1748 271 et
1769 242 2004 273 conventus

161 330 179 345 «
204 309 294 349 sine
326 304 529 364 principis
563 303 811 345 auctoritate
838 301 935 343 iniri
965 311 1008 342 et
1044 302 1191 341 haberi
1216 308 1405 356 possent.
1438 296 1596 350 Quinta
1630 306 1694 336 est
1715 296 1831 352 quod
1847 297 1936 352 jam
1960 296 2004 338 in

160 394 176 408 «
201 372 394 430 pluribus
420 368 670 427 regionibus
692 378 939 409 memoratae
960 365 1197 415 societates,
1211 374 1253 404 et
1266 361 1588 420 aggregationes
1605 360 1870 402 saecularium
1886 361 2007 419 prin-

161 459 175 473 «
204 436 348 494 cipum
375 435 543 492 legibus
572 432 839 492 proscriptae,
863 443 990 488 atque
1025 429 1249 470 eliminatae
1278 428 1462 469 fuerunt.
1494 425 1655 467 Ultima
1677 425 1865 477 demum,
1889 426 2006 485 quod

162 523 179 538 «
208 499 318 559 apud
348 499 586 558 prudentes
621 509 661 539 et
690 498 850 556 probos
884 495 996 536 viros
1032 494 1191 535 eaedem
1224 493 1445 534 societates
1475 502 1516 533 et
1546 491 1867 550 aggregationes
1896 491 2007 533 male

161 586 178 601 «
205 565 417 615 audirent,
445 579 678 621 eorumque
702 561 862 617 judicio
885 559 1139 617 quicumque
1158 558 1317 600 eisdem
1338 558 1515 599 nomina
1542 556 1709 605 darent,
1729 554 1947 614 pravitatis
1966 567 2008 597 et

162 652 178 667 «
203 629 488 688 perversionis
508 639 655 669 notam
675 629 955 669 incurrerent.

221 740 237 754 «ι
264 717 458 774 Denique
480 717 595 758 idem
611 716 898 774 praedecessor
918 713 962 754 in
985 711 1230 771 praeinserta
1247 709 1548 752 constitutione
1569 709 1803 767 Episcopos
1822 719 1865 750 et
1883 724 2008 766 supe-

161 804 177 819 «
207 783 340 824 riores
359 782 582 834 Praelatos,
608 781 798 838 aliosque
820 780 1016 820 locorum
1035 775 1287 818 Ordinarios
1322 775 1490 825 excitat,
1516 786 1563 816 ut
1592 791 1672 833 pro
1705 775 1817 816 illius
1848 789 2005 816 execu-

161 869 177 883 «
201 849 336 898 tione,
382 848 415 888 si
450 862 557 904 opus
593 846 743 898 fuerit,
785 843 949 885 brachii
983 842 1194 884 saecularis
1230 840 1434 882 auxilium
1470 840 1669 881 invocare
1707 855 1796 881 non
1832 849 2008 897 praeter-

162 935 177 948 a
204 911 390 953 mittant.

220 997 238 1012 ι(
270 977 374 1029 Quae
393 975 537 1017 omnia
557 986 599 1016 et
616 974 778 1032 singula
800 990 887 1014 non
910 973 1049 1013 solum
1071 988 1094 1013 a
1125 971 1262 1013 Nobis
1290 971 1599 1030 approbantur,
1620 981 1661 1011 et
1678 969 2003 1021 confirmantur,

162 1064 178 1077 «
205 1041 446 1099 eisdemque
468 1040 756 1082 ecclesiasticis
774 1037 1071 1096 Superioribus
1087 1037 1320 1094 respective
1335 1035 1692 1078 commendantur
1711 1046 1751 1076 et
1769 1035 2005 1093 injungun-

161 1129 178 1143 «
210 1118 292 1157 tur,
317 1122 466 1147 verum
483 1106 611 1146 etiam
634 1105 723 1146 Nos
746 1103 842 1161 ipsi,
867 1119 945 1160 pro
969 1102 1212 1161 apostolicae
1233 1100 1528 1143 sollicitudinis
1551 1099 1707 1150 officio,
1729 1099 2010 1158 praesentibus

163 1192 179 1206 «
211 1171 375 1213 Nostris
388 1171 554 1211 Litteris
575 1168 886 1210 catholicorum
900 1168 1156 1226 principum,
1171 1168 1448 1224 omniumque
1467 1165 1732 1207 saecularium
1751 1175 2010 1222 potestatum

164 1259 180 1273 «
204 1252 334 1294 opem
354 1247 395 1276 et
417 1235 619 1276 auxilium
643 1234 787 1291 quoad
808 1233 1124 1291 praemi-ssorum
1144 1231 1346 1274 effectum
1371 1232 1633 1280 invocamus,
1656 1242 1697 1272 et
1719 1231 1843 1271 enixo
1869 1230 2009 1272 studio

163 1324 179 1337 ι(
208 1300 477 1358 requirimus,
505 1315 637 1357 quum
659 1298 736 1357 ipsi
760 1298 943 1357 supremi
962 1297 1177 1356 principes
1205 1307 1246 1337 et
1266 1306 1499 1355 potestates
1519 1295 1641 1338 electi
1670 1296 1752 1336 sint
1775 1311 1798 1336 a
1819 1296 1910 1336 Deo
1931 1293 2008 1337 de—

167 1387 183 1401 «
206 1366 394 1407 fensores
413 1364 511 1406 fidei
540 1364 820 1421 Ecclesiaeque
857 1374 1137 1421 protectores,
1174 1361 1358 1419 ideoque
1395 1377 1545 1403 eorum
1575 1375 1731 1401 munus
1763 1359 1815 1401 sit
1844 1359 2012 1401 idoneis

162 1452 178 1466 «
209 1430 447 1487 quibusque
467 1429 706 1471 rationibus
727 1428 911 1482 efficere,
934 1440 982 1470 ut
1011 1427 1249 1487 apostolicis
1279 1425 1653 1469 constitutionibus
1672 1425 1864 1466 debitum
1882 1424 1997 1467 obse-

163 1516 179 1530 «
204 1496 367 1552 quium,
393 1506 436 1536 et
456 1494 704 1536 omnimoda
736 1494 1005 1536 observantia
1024 1503 1261 1552 praestetur,
1284 1492 1400 1549 quod
1426 1493 1475 1533 iis
1495 1491 1539 1532 in
1562 1490 1817 1532 memoriam
1836 1505 2012 1532 revoca*

166 1581 182 1596 «
206 1571 308 1600 runt
326 1559 585 1601 Tridentinae
605 1558 766 1617 Synodi
780 1560 925 1601 Patres
948 1575 1048 1600 sess.
1065 1561 1119 1601 25
1145 1574 1236 1616 cap.
1262 1563 1333 1608 20,
1354 1557 1575 1614 multoque
1593 1566 1717 1597 antea
1737 1556 1906 1613 egregie
1931 1554 2009 1596 de-

166 1646 182 1660 «
210 1625 441 1666 claraverat
464 1624 697 1682 imperator
716 1624 892 1665 Carolus
919 1625 1104 1682 Magnus
1136 1638 1310 1664 suorum
1338 1620 1645 1680 Capitularium
1674 1619 1739 1660 tit.
1775 1621 1809 1671 I,
1840 1635 1935 1678 cap.
1967 1625 2008 1670 2,

166 1711 180 1725 «
206 1688 277 1730 ubi
296 1701 394 1747 post
417 1689 720 1731 demandatam
741 1690 939 1731 omnibus
957 1688 1039 1730 sibi
1056 1687 1234 1730 subditis
1253 1687 1631 1741 ecclesiasticarum
1648 1685 1917 1727 sanctionum
1938 1684 2014 1726 ob-

165 1775 181 1790 «
207 1754 459 1794 servantiam
482 1754 572 1794 haec
591 1754 778 1795 addidit:
806 1778 865 1786 ·-—
886 1755 999 1794 Nam
1024 1753 1142 1795 nullo
1177 1763 1302 1809 pacto
1336 1767 1566 1810 agnoscere
1588 1766 1811 1808 possumus
1832 1749 2015 1807 qualiter

166 1839 182 1854 «
211 1819 336 1859 nobis
356 1818 498 1859 fideles
522 1817 701 1859 existere
723 1827 916 1875 possunt,
947 1816 1019 1873 qui
1043 1818 1133 1857 Deo
1155 1815 1350 1856 infideles
1374 1826 1416 1854 et
1436 1817 1520 1855 suis
1547 1813 1839 1854 sacerdotibus
1858 1813 2016 1855 inobe-

166 1904 183 1918 «
211 1882 372 1923 dientes
406 1882 693 1941 apparuerint.
707 1907 767 1913 —
781 1884 1052 1939 Quapropter
1067 1881 1232 1922 cunctis
1255 1879 1468 1921 ditionum
1489 1892 1660 1919 suarum
1682 1876 1949 1934 praesidibus,
1973 1889 2016 1920 et

168 1968 183 1982 κ
213 1946 412 1988 ministris
432 1948 673 2005 injungens,
697 1959 742 1988 ut
762 1963 922 1998 omnes,
950 1957 992 1987 et
1011 1945 1198 2003 singulos
1213 1944 1268 1986 ad
1291 1944 1482 1985 debitam
1506 1941 1798 1983 obedientiam
1818 1942 2017 1985 Ecclesiae

168 2034 184 2047 «
216 2012 379 2069 legibus
403 2012 688 2053 exhibendam
730 2011 905 2053 omnino
930 2011 1247 2069 compellerent,
1269 2008 1533 2068 gravissimas
1556 2022 1728 2065 quoque
1758 2023 1908 2064 poenas
1936 2007 2014 2049 ad-

171 2097 186 2111 =‹
212 2091 354 2117 versus
374 2092 446 2118 eos
466 2077 636 2127 indixit,
657 2078 729 2133 qui
750 2079 833 2118 hoc
852 2087 1050 2135 praestare
1079 2076 1359 2134 negligerent,
1379 2073 1566 2115 subdens
1578 2074 1691 2114 inter
1714 2071 1794 2113 alia
1818 2090 1826 2113 :
1856 2098 1910 2104 --
1932 2074 2017 2126 Qui

171 2162 187 2176 «
218 2152 358 2182 autem
378 2143 422 2182 in
446 2141 511 2182 his
536 2141 666 2198 (quod
690 2143 800 2183 absit
818 2143 846 2197 !)
880 2153 951 2183 aut
976 2141 1251 2199 negligentes,
1277 2140 1420 2197 eisque
1444 2137 1740 2180 inobedientes
1766 2136 1924 2178 fuerint
1947 2137 2015 2178 in-

174 2225 189 2240 «
219 2207 351 2256 venti,
377 2206 509 2247 sciant
529 2222 573 2248 se
591 2222 670 2247 nec
694 2207 738 2247 in
756 2217 908 2249 nostro
927 2208 1108 2264 imperio
1127 2207 1316 2247 honores
1338 2204 1537 2255 retinere,
1561 2203 1661 2244 licet
1680 2201 1808 2244 etiam
1827 2201 1900 2243 filii
1923 2219 2019 2245 nos-

173 2288 190 2304 «
213 2270 268 2309 tri
301 2270 469 2321 fuerint,
502 2287 582 2313 nec
603 2271 648 2311 in
683 2272 840 2329 palatio
859 2271 1019 2324 locum,
1053 2287 1194 2329 neque
1217 2270 1462 2320 nobiscum,
1488 2280 1559 2310 aut
1588 2283 1685 2309 cum
1706 2266 1860 2308 nostris
1882 2268 2016 2310 socie-

174 2344 371 2384 «tatem,
413 2346 484 2375 aut
521 2336 874 2378 communitatem
907 2336 1040 2377 ullam
1077 2337 1256 2386 habere,
1300 2334 1374 2376 sed
1402 2334 1537 2392 magis
1568 2333 1644 2373 sub
1681 2331 1946 2375 districtione
1977 2346 2019 2376 et

175 2418 191 2433 «
222 2399 414 2440 ariditate
439 2415 584 2457 poenas
605 2401 737 2441 luent.

238 2484 255 2498 «
278 2464 486 2506 Volumus
511 2476 668 2516 autem,
691 2477 736 2506 ut
756 2465 1003 2507 earumdem
1022 2465 1293 2523 praesentium
1314 2461 1613 2520 transsumptis
1637 2462 1764 2504 etiam
1789 2464 2014 2522 impressis,

179 2550 195 2564 «ι
223 2543 353 2569 manu
374 2529 546 2584 alicujus
570 2529 722 2570 notarii
745 2531 906 2588 publici
927 2529 1186 2587 subscriptis,
1210 2541 1251 2570 et
1271 2529 1408 2586 sigillo
1437 2543 1627 2586 personae
1649 2528 1692 2568 in
1716 2527 1921 2586 dignitate
1946 2545 2018 2572 ec-

179 2615 196 2629 «
221 2593 449 2635 clesiastica
467 2594 702 2636 constitutae
723 2595 912 2645 munitis,
928 2595 1078 2635 eadem
1102 2593 1205 2635 fides
1224 2609 1395 2652 prorsus
1417 2592 1684 2645 adhibeatur,
1708 2609 1799 2650 quae
1815 2593 1916 2652 ipsis
1929 2595 2018 2636 ori.-

179 2678 197 2694 «
222 2658 432 2717 ginalibus
451 2660 616 2700 Litteris
637 2660 924 2710 adhiberetur,
945 2661 980 2700 -si
998 2659 1138 2700 forent
1159 2659 1356 2700 exhibitae
1370 2658 1435 2699 vel
1456 2669 1648 2699 ostensae.

240 2745 257 2759 «
287 2724 403 2765 Nulli
415 2739 515 2781 ergo
536 2724 759 2765 hominum
778 2724 901 2765 liceat
919 2725 1030 2764 hanc
1047 2722 1245 2781 paginam
1273 2724 1438 2764 Nostrae
1458 2720 1810 2775 confirmationis,
1836 2723 2018 2765 innova-

181 2808 199 2823 «
223 2787 365 2841 tionis,
387 2788 722 2846 approbationis,
740 2789 1063 2838 commissionis,
1090 2788 1389 2836 invocationis,
1412 2786 1699 2844 requisitionis
1716 2787 1873 2829 decreti
1891 2799 1934 2829 et
1950 2804 2020 2830 vo-

183 2873 200 2888 «
225 2852 403 2895 luntatis
419 2853 648 2912 infringere
667 2853 732 2895 vel
755 2854 793 2893 ei
818 2869 919 2894 ausu
941 2852 1166 2893 temerario
1187 2852 1414 2893 contraire.
1442 2852 1484 2892 Si
1501 2851 1592 2909 quis
1614 2862 1755 2893 autem
1773 2854 1856 2894 hoc
1881 2863 2018 2894 atten-

184 2940 201 2955 «
225 2928 315 2959 tare
338 2918 666 2977 praesumpserit,
702 2917 1041 2976 indignationem
1073 2917 1379 2975 omnipotentis
1402 2917 1494 2967 Dei,
1524 2932 1570 2958 ac
1599 2917 1823 2958 beatorum
1842 2918 1956 2958 Petri
1979 2928 2020 2958 et

183 3004 200 3019 «
224 2983 345 3025 Pauli
365 2983 658 3042 apostolorum
682 2985 770 3040 ejus
790 2998 833 3025 se
851 2983 1014 3024 noverit
1033 2982 1314 3023 incursurum.

240 3101 257 3116 «
281 3080 436 3121 Datum
459 3082 605 3121 Romae
630 3079 743 3136 apud
762 3079 957 3120 Sanctam
968 3077 1147 3118 Mariam
1167 3076 1390 3132 Majorem,
1414 3091 1526 3117 anno
1545 3075 1850 3117 Incarnationis
1872 3075 2021 3116 Domi-

183 3164 200 3180 «
238 3146 341 3187 nicae
360 3146 582 3187 millesimo
603 3144 974 3202 septingentesimo
997 3142 1342 3199 quinquagesimo
1360 3140 1512 3199 primo,
1534 3141 1700 3183 decimo
1715 3140 1861 3197 quinto
1877 3138 2020 3180 kalen-

186 3237 202 3253 «
239 3209 312 3251 das
342 3211 496 3268 aprilis,
527 3210 799 3252 Pontificatus
820 3209 962 3250 Nostri
991 3223 1103 3248 anno
1125 3206 1369 3248 undecimo.
1399 3226 1416 3241 »
