2135 3442
130 102 205 140 388
738 100 1051 137 ALLOCUTION
1085 103 1151 137 DE
1181 104 1260 138 PIE
1288 103 1359 138 IX.

132 191 510 235 ecclesiasticorum
542 190 777 249 proesertim
809 191 1033 233 hominum
1059 194 1247 248 jactura,
1287 208 1335 234 ac
1369 191 1626 234 detrimento
1659 194 1816 236 sancita
1855 209 1966 244 sunt,

131 259 398 307 damnamus,
422 257 718 314 reprobamus,
746 267 787 297 et
812 256 930 298 irrita
959 273 1134 315 prorsus
1169 273 1216 299 ac
1246 258 1359 299 nulla
1389 256 1667 299 declaramus.
1696 260 1874 317 Insuper
1899 276 1971 302 eos

131 338 295 372 omnes,
321 337 504 379 quorum
525 337 670 380 opera,
692 321 885 372 consilio,
905 323 1024 377 jussu
1043 321 1109 364 illa
1134 333 1299 380 patrata
1321 333 1434 372 sunt,
1459 321 1705 380 gravissime
1727 339 1969 376 monemus,

131 399 177 431 ut
206 387 316 430 serio
345 398 544 445 reputent
576 402 720 445 poenas
756 398 797 427 et
824 402 1037 437 censuras,
1059 403 1150 444 quse
1180 387 1378 428 adversus
1401 402 1614 428 sacrarum
1631 403 1913 445 personarum
1932 400 1973 430 et

130 469 288 503 rerum,
310 464 436 509 atque
459 451 748 494 ecclesiasticae
770 451 976 492 libertatis
1006 463 1049 493 et
1074 452 1296 510 potestatis
1324 452 1565 503 violatores,
1596 453 1905 510 profanatores,
1932 465 1969 495 et

132 519 254 573 hujus
277 518 439 559 Sanctae
465 517 585 559 Sedis
614 517 774 573 jurium
805 527 1077 574 usurpatores
1105 519 1159 558 ab
1190 517 1447 576 Apostolicis
1474 517 1878 569 Constitutionibus,
1903 534 1971 560 sa-

131 583 298 640 crisque
317 582 607 624 Conciliorum
629 581 873 623 Canonibus
894 592 992 623 sunt
1016 584 1269 624 constitutae.

188 726 311 768 Nunc
334 736 474 766 autem
496 724 610 765 haud
633 738 873 781 possumus,
903 722 1006 779 quin
1032 739 1083 764 ex
1110 724 1253 765 animo
1278 724 1554 782 gratulemur,
1578 734 1620 764 et
1641 723 1860 775 maximas,
1882 739 1975 765 me-

130 789 316 846 ritasque
337 789 484 831 laudes
504 788 739 830 tribuamus
755 787 1086 829 Venerabilibus
1106 788 1324 830 Fratribus
1345 788 1456 830 illius
1473 787 1730 846 Reipublicae
1749 788 1972 830 Sacrorum

130 853 418 905 Antistitibus,
444 853 516 911 qui
538 852 697 911 proprii
719 852 968 910 episcopalis
985 853 1172 895 muneris
1192 853 1350 912 optime
1369 869 1595 904 memores,
1620 852 1820 911 singulari
1839 852 1975 894 firmi-

130 930 216 960 tate
237 930 278 960 et
294 917 550 968 constantia,
575 915 770 959 Ecclesiae
799 933 965 958 causam
994 917 1205 976 impavide
1233 930 1572 977 propugnarunt,
1594 930 1635 960 et
1651 918 1810 960 invicto
1831 920 1973 960 animo

129 984 236 1025 dura
255 1000 430 1041 quaeque
451 995 492 1025 et
514 998 662 1040 aspera
687 997 765 1040 pro
788 981 919 1039 ipsius
949 983 1144 1025 Ecclesiae
1174 983 1421 1025 defensione
1457 983 1623 1042 perpeti
1656 995 1754 1025 suut
1786 983 1970 1041 gloriati.

129 1049 286 1091 Debito
315 1065 482 1106 quoque
502 1047 675 1089 laudum
698 1047 910 1105 praeconio
942 1047 1036 1089 illos
1069 1064 1218 1089 omnes
1250 1059 1340 1089 tum
1369 1048 1689 1099 ecclesiasticos,
1724 1060 1813 1089 tum
1845 1048 1974 1089 laicos

128 1113 241 1155 viros
261 1113 574 1172 prosequimur,
601 1111 671 1169 qui
695 1111 915 1153 catholicis
948 1112 1140 1154 sensibus
1172 1128 1267 1154 vere
1301 1112 1489 1163 animati,
1523 1124 1564 1154 et
1595 1113 1768 1154 illustria
1800 1128 1972 1154 suorum

127 1179 380 1220 Antistitum
403 1177 593 1235 exempla
612 1187 824 1219 sectantes
847 1177 889 1217 in
912 1177 954 1218 id
976 1177 1116 1236 ipsum
1134 1194 1231 1219 suos
1255 1178 1383 1220 etiam
1403 1179 1572 1220 labores
1589 1194 1668 1236 pro
1688 1178 1848 1219 viribus
1866 1193 1973 1219 con-

129 1242 239 1285 ferre
268 1243 381 1284 haud
410 1242 661 1292 omiserunt,
693 1241 938 1300 gravissima
973 1243 1116 1284 omnia
1151 1244 1379 1285 subeuntes
1410 1243 1593 1301 pericula
1628 1254 1669 1284 et
1706 1242 1966 1284 discrimina.

126 1309 268 1365 Atque
291 1307 418 1349 etiam
437 1323 706 1365 summopere
723 1306 1013 1349 collaudamus
1030 1308 1197 1350 fidelem
1217 1308 1448 1350 Mexicauae
1470 1307 1727 1366 Reipublicae
1745 1308 1966 1366 populum,

127 1372 198 1430 qui
225 1388 275 1413 ex
295 1383 414 1430 parte
441 1372 567 1430 longe
595 1371 777 1413 maxima
807 1372 1081 1414 vehementer
1115 1373 1280 1423 dolens,
1316 1384 1357 1414 et
1388 1372 1622 1431 indignans
1652 1384 1741 1414 tam
1768 1372 1903 1414 tristia
1930 1383 1968 1413 et

127 1437 271 1494 iniqua
292 1448 441 1479 contra
459 1452 579 1478 suam
601 1436 870 1495 religionem,
894 1453 1078 1496 suosque
1098 1440 1295 1480 Pastores
1320 1438 1445 1490 facta,
1469 1438 1574 1480 nihil
1595 1438 1806 1496 antiquius
1823 1438 1966 1487 habet,

128 1519 255 1560 quam
274 1514 315 1544 et
328 1502 582 1544 catholicam
598 1501 790 1559 profiteri
807 1501 951 1553 fidem,
976 1514 1017 1545 et
1038 1519 1136 1545 suos
1153 1503 1386 1561 Episcopos
1404 1503 1521 1544 omni
1542 1519 1688 1545 amore
1702 1514 1744 1545 et
1764 1501 1970 1560 obsequio

124 1567 340 1626 prosequi,
363 1583 410 1608 ac
426 1566 577 1617 Nobis,
600 1578 643 1607 et
665 1566 762 1608 huic
781 1567 898 1609 Petri
927 1568 1148 1609 Cathedrae
1179 1567 1355 1610 firmiter
1382 1579 1708 1625 constanterque
1734 1568 1966 1610 adhaerere.

125 1632 335 1684 Quocirca
366 1631 410 1671 in
443 1647 538 1672 eam
571 1647 688 1689 spem
719 1631 920 1689 erigimur
951 1633 1056 1682 fore,
1086 1644 1132 1673 ut
1162 1633 1277 1674 dives
1307 1633 1349 1673 iu
1382 1632 1671 1674 misericordia
1701 1634 1814 1674 Deus
1845 1647 1971 1690 super

124 1696 240 1737 illam
257 1696 422 1738 vineam
441 1711 559 1736 suam
576 1696 832 1754 propitiatus
857 1697 1064 1755 respiciat,
1085 1708 1126 1738 et
1148 1713 1240 1738 eam
1261 1698 1314 1738 ab
1334 1697 1548 1749 omnibus,
1573 1697 1727 1754 quibus
1747 1708 1970 1754 tantopere

126 1761 340 1819 affligitur,
367 1760 488 1802 malis
509 1760 674 1818 eripiat.

182 1909 275 1949 Jam
301 1923 403 1949 vero
422 1923 510 1948 non
530 1906 688 1948 minori
709 1923 891 1949 moerore
913 1907 1180 1959 conficimur,
1207 1907 1480 1949 Venerabiles
1507 1909 1691 1959 Fratres,
1727 1908 1784 1950 ob
1814 1910 1970 1967 gravis-

122 1973 227 2015 sima
252 1988 351 2014 saue
381 1973 553 2026 damna,
583 1971 737 2029 quibus
765 1972 951 2014 Ecclesia
982 1971 1026 2013 in
1054 1973 1264 2031 plerisque
1288 1972 1580 2014 meridionalis
1610 1972 1738 2015 etiam
1763 1973 1967 2015 America‘

123 2037 368 2096 regionibus
388 2037 692 2096 Hispaniarum
713 2040 864 2097 Regno
895 2038 997 2079 olim
1026 2039 1224 2094 subjectis
1255 2055 1278 2080 a
1309 2038 1419 2080 civili
1448 2049 1658 2096 potestate
1677 2038 1966 2080 miserandum

122 2103 166 2145 in
196 2102 373 2144 modum
406 2102 615 2160 premitur
646 2119 694 2145 ac
729 2103 963 2145 divexatur.
996 2105 1046 2144 In
1081 2102 1163 2145 illis
1198 2103 1314 2145 enim
1348 2103 1598 2162 regionibus
1630 2103 1732 2145 laica
1760 2114 1962 2160 potestas,

123 2167 233 2209 inter
253 2166 347 2216 alia,
377 2166 455 2208 sibi
479 2178 638 2209 temere
665 2179 837 2227 arrogat
858 2169 927 2224 jus
946 2168 1232 2226 praesentandi
1255 2168 1505 2226 Episcopos‚
1532 2180 1574 2210 et
1595 2169 1649 2209 ab
1670 2168 1750 2209 illis
1773 2167 1900 2226 exigit
1920 2179 1965 2210 ut

122 2232 268 2273 ineant
295 2231 551 2273 Dioecesium
582 2233 947 2291 procurationem,
981 2245 1209 2291 antequam
1239 2233 1318 2292 ipsi
1348 2233 1596 2275 canonicam
1625 2233 1678 2273 ab
1708 2232 1787 2274 hac
1815 2233 1963 2274 Sancta

124 2296 231 2339 Sede
249 2295 574 2347 institutionem,
596 2309 638 2339 et
666 2297 935 2356 Apostolicas
953 2298 1133 2340 Litteras
1154 2298 1381 2356 accipiant.
1408 2300 1549 2355 Atque
1575 2297 1618 2338 in
1642 2296 1793 2338 iisdem
1820 2297 1964 2355 regio-

121 2362 245 2403 nibus
265 2360 548 2418 prohibcntur
564 2361 762 2421 Episcopi
786 2363 918 2404 libere
941 2362 1145 2405 damnare
1167 2363 1402 2405 acatholica
1423 2364 1593 2421 scripta,
1615 2378 1693 2403 nec
1725 2361 1787 2404 fas
1821 2373 1883 2404 est
1903 2361 1964 2404 eis

121 2426 211 2469 sine
234 2425 440 2467 Gubernii
458 2426 577 2468 venia
595 2427 659 2468 vel
683 2428 798 2485 ipsas
814 2427 1083 2485 Apostolicas
1107 2428 1283 2469 Litteras
1307 2427 1593 2486 promulgare.
1626 2429 1806 2485 Insuper
1816 2442 1962 2468 coarc—

120 2500 236 2532 tatur
258 2489 451 2531 Ecclesiae
471 2491 645 2533 libertas
675 2492 719 2533 in
752 2492 1021 2550 acquirendis
1053 2492 1399 2551 proprietatibus,
1429 2503 1470 2533 et
1506 2491 1740 2550 impeditur
1772 2492 1961 2533 executio

120 2555 352 2615 gratiarum
387 2555 510 2611 hujus
543 2557 799 2614 Apostolicae
836 2556 970 2608 Sedis,
1010 2569 1050 2599 et
1087 2557 1329 2600 studiorum
1363 2556 1591 2598 methodus
1626 2556 1669 2598 in
1703 2555 1962 2598 Clericoruni

119 2619 364 2662 Seminariis
393 2619 636 2662 adhibenda
669 2622 779 2664 civili
810 2622 1046 2664 auctoritati
1077 2622 1314 2679 subjicitur,
1339 2633 1380 2663 et
1412 2623 1464 2663 ab
1496 2621 1586 2679 ipsa
1615 2621 1721 2664 laica
1751 2632 1961 2680 potestate

121 2684 408 2727 ecclesiasticae
431 2684 605 2726 decimae
628 2687 691 2727 vel
711 2687 880 2745 penitus
897 2688 1088 2739 sublatae,
1108 2688 1171 2729 vel
1193 2687 1365 2745 publico
1387 2686 1535 2728 aerario
1554 2686 1804 2743 adjudicatae
1824 2686 1956 2735 fuere,

121 2760 164 2792 et
182 2750 371 2805 injuncta
398 2760 460 2789 est
490 2749 724 2807 Episcopis,
751 2750 1128 2808 ecclesiasticisque
1161 2750 1260 2792 viris
1287 2750 1491 2808 obligatio
1520 2749 1692 2806 jurandi
1720 2749 1861 2808 plures
1894 2764 1960 2790 res

119 2813 315 2856 Ecclesiae
338 2813 505 2870 juribus
539 2814 749 2867 adversas,
783 2832 875 2874 quae
906 2816 949 2858 in
981 2816 1088 2859 civili
1121 2816 1434 2858 Constitutione
1471 2815 1760 2858 eontinentur.
1796 2817 1845 2856 In
1874 2829 1958 2854 una

122 2890 264 2920 autem
284 2895 335 2920 ex
359 2878 460 2936 ipsis
486 2879 733 2937 regionibus
756 2897 845 2922 non
867 2882 1006 2923 solum
1034 2883 1122 2924 haec
1142 2881 1286 2923 omnia
1310 2892 1458 2923 contra
1478 2880 1676 2923 Ecclesiae
1702 2889 1957 2938 potestatem

120 2955 161 2985 et
178 2945 273 3000 jura
293 2956 510 3003 geruntur,
533 2960 677 2986 verum
699 2945 827 2987 etiam
844 2946 963 2988 civile
980 2948 1246 2990 Gubernium
1268 2963 1421 2988 novam
1439 2946 1490 2988 de
1512 2944 1731 3003 Episcopis
1751 2943 1957 3001 eligendis

118 3025 314 3051 normam
337 3009 608 3069 praescripsit,
631 3025 713 3067 qua
734 3010 955 3069 disciplina
974 3014 1026 3053 ah
1044 3012 1231 3054 Ecclesia
1253 3023 1405 3054 statuta
1439 3009 1732 3060 labefactatur,
1758 3019 1801 3050 et
1819 3008 1954 3064 legem

117 3074 307 3124 sancivit,
332 3091 413 3132 qua
446 3074 711 3117 ecclesiastici
744 3075 826 3117 fori
860 3076 1139 3134 privilegium,
1167 3077 1355 3126 decimae,
1388 3088 1430 3118 et
1464 3075 1754 3135 parochorum
1786 3070 1951 3114 emolu-

119 3151 259 3181 menta
281 3140 333 3181 de
354 3140 497 3182 medio
530 3140 694 3182 sublata
725 3152 834 3183 sunt.
872 3141 1080 3183 Praeterea
1113 3141 1155 3183 in
1189 3142 1268 3183 hac
1304 3141 1454 3184 eadem
1487 3140 1661 3197 regione
1694 3148 1734 3180 et
1765 3135 1951 3178 nativum
