2135 3442
172 157 247 194 153
565 150 753 185 LETTRE
780 148 1087 196 ENcYcLIQUE
1118 149 1184 184 DE
1213 137 1467 185 GRcGomE
1496 149 1602 187 xxi.

171 239 438 298 compellere,
475 251 567 294 quae
593 235 792 278 salutaria
826 235 975 277 iisdem
1002 234 1096 286 sint,
1124 251 1202 278 nec
1227 235 1290 277 vel
1320 236 1436 277 tenui
1472 235 1708 293 suspicione
1749 238 2000 294 perniciosa.

168 306 305 355 Absit,
328 301 584 352 Charissimi,
608 302 729 351 absit,
755 311 816 351 ut,
840 300 1009 358 quando
1035 311 1150 341 tanta
1198 312 1392 358 premant
1423 299 1532 341 mala
1548 332 1557 350 ,
1589 310 1705 341 tanta
1734 301 2006 360 impendeant

171 369 423 420 discrimina,
449 383 524 408 suo
551 366 687 408 desint
714 367 877 407 muneri
907 376 1107 422 pastores,
1129 376 1170 406 et
1190 365 1369 423 perculsi
1405 376 1523 407 metu
1550 363 1763 406 dimittant
1784 381 1895 420 oves,
1918 367 2001 418 vel,

171 435 332 491 abjecta
348 448 446 474 cura
469 430 618 490 gregis,
643 431 729 472 otio
754 441 949 488 torpeant
978 445 1024 470 ac
1057 428 1231 470 desidia.
1266 431 1458 487 Agamus
1485 428 1641 470 idcirco
1664 430 1708 470 in
1734 431 1892 472 unitate
1916 433 2003 490 spi-

169 499 271 541 ritus
293 512 561 540 communem
578 506 779 546 nostram,
803 511 876 536 seu
891 492 1026 535 verius
1045 493 1122 535 Dei
1148 510 1332 545 causam,
1352 505 1405 551 *et
1427 505 1570 535 contra
1598 510 1843 537 communes
1863 496 2005 538 hostes

169 580 247 622 pro
264 564 393 605 totius
414 561 561 620 populi
580 560 712 602 salute
732 575 816 601 una
834 557 1025 600 omnium
1047 559 1098 600 sit
1120 559 1351 617 vigilantia,
1380 575 1464 600 una
1482 558 1716 601 contentio.

228 651 278 693 Id
313 665 441 708 porro
481 649 668 707 apprime
695 646 944 705 praestabitis
960 679 969 697 ,
1011 648 1062 697 si,
1100 647 1216 704 quod
1253 646 1379 688 vestri
1423 648 1612 688 muneris
1666 647 1773 688 ratio
1805 647 2002 705 postulat,

170 716 411 767 attendatis,
434 714 569 767 vobis,
595 724 635 754 et
659 712 858 754 doctrinae
881 710 984 752 illud
1011 712 1175 753 assidue
1197 712 1460 753 revolventes
1494 713 1649 762 animo,
1673 734 1690 748 «
1726 712 2007 755 universalem

173 801 191 816 «
215 780 442 821 Ecclesiam
475 793 738 835 quacumque
762 776 945 818 novitate
977 776 1173 833 pulsa1·i¹‚
1210 787 1337 833 atque
1369 792 1418 818 ex
1446 777 1488 817 S.
1520 777 1757 835 Agathonis
1790 777 2006 819 Pontificis

168 842 358 886 monitu2
382 863 398 879 «
420 842 524 883 nihil
549 842 600 884 de
617 842 680 896 iis,
708 858 798 899 quae
820 852 915 883 sunt
934 841 1179 899 regulariter
1197 841 1387 892 definita,
1421 841 1554 883 minui
1583 842 1754 893 debere,
1789 842 1893 883 nihil
1911 859 2007 885 mu-

174 931 192 945 «
211 909 302 958 tari,
334 906 435 948 nihil
455 906 592 961 adjici,
622 906 694 948 sed
713 923 760 947 ea
789 918 830 947 et
855 906 1008 958 verbis,
1045 917 1086 947 et
1121 906 1308 947 sensibus
1343 906 1506 947 illibata
1535 923 1621 949 esse
1658 907 1948 950 custodienda.
1971 911 2003 944 ¹»

168 975 349 1015 Immota
370 971 469 1012 inde
486 970 681 1012 consistet
700 968 877 1010 firmitas
897 970 1083 1020 unitatis,
1112 986 1202 1027 quae
1225 970 1305 1011 hac
1331 972 1379 1012 Β.
1412 971 1527 1012 Petri
1550 972 1760 1013 cathedra
1778 987 1853 1013 suo
1880 972 2008 1014 veluti

168 1037 448 1079 fundamento
479 1036 734 1084 continetur,
754 1046 800 1075 ut
820 1034 934 1075 unde
957 1036 1001 1075 in
1025 1035 1230 1076 Ecclesias
1255 1050 1404 1076 omnes
1425 1037 1675 1078 venerandae
1699 1037 2008 1080 communionis

166 1104 262 1158 jura
281 1102 515 1154 dimanant,
538 1099 595 1140 ibi
624 1120 640 1135 «
663 1098 865 1140 universis
885 1110 926 1140 et
949 1114 1091 1140 murus
1113 1100 1178 1149 sit,
1205 1110 1246 1139 et
1271 1101 1484 1150 securitas,
1516 1112 1556 1141 et
1579 1113 1726 1158 portus
1752 1118 1898 1160 expers
1930 1101 2008 1143 ssu-

177 1188 195 1204 «
214 1177 376 1216 ctuum,
405 1176 446 1206 et
473 1166 687 1205 bonorum
707 1164 926 1204 thesaurus
944 1163 1356 1204 innumerabilium³.
1382 1184 1399 1200 »
1432 1164 1502 1205 Ad
1523 1181 1672 1207 eorum
1697 1165 1839 1224 itaque
1860 1178 2005 1208 retun-

169 1231 357 1273 dendam
377 1228 613 1279 audaciam,
648 1228 719 1285 qui
741 1227 808 1269 vel
825 1231 917 1283 jura
942 1239 1094 1269 sanctae
1118 1228 1242 1283 hujus
1271 1227 1391 1269 Sedis
1418 1227 1646 1288 infringere
1675 1242 1907 1287 conantur,
1942 1231 2008 1272 vel

170 1295 364 1336 dirimere
387 1294 668 1334 Ecclesiarum
691 1309 787 1334 cum
815 1294 902 1351 ipsa
932 1294 1297 1349 conjunctionem,
1333 1309 1414 1350 qua
1443 1309 1526 1335 una
1560 1295 1720 1337 eaedem
1747 1297 1938 1337 nituntur
1967 1306 2008 1337 et

168 1361 323 1418 vigent,
351 1359 585 1399 maximum
603 1358 700 1399 fidei
715 1359 757 1398 in
773 1373 867 1398 eam
887 1374 934 1399 ac
951 1359 1228 1399 venerationis
1243 1359 1414 1399 sincerae
1433 1359 1620 1401 studium
1639 1361 1864 1415 inculcate,
1884 1359 1993 1401 incla

169 1435 331 1465 mantes
353 1439 448 1464 cum
472 1423 515 1465 S.
542 1422 792 1481 Cypriano⁶,
819 1444 836 1458 «
853 1422 958 1463 falso
980 1422 1192 1464 confidere
1210 1438 1251 1464 se
1268 1438 1355 1464 esse
1378 1424 1422 1464 in
1442 1424 1643 1476 Ecclesia,
1669 1426 1739 1483 qui
1755 1425 2008 1467 Cathedram

176 1511 192 1526 «
210 1489 325 1530 Petri
343 1489 522 1538 deserat,
545 1503 668 1545 super
686 1503 812 1545 quam
832 1487 1008 1529 fundata
1031 1499 1092 1529 est
1109 1487 1311 1529 Ecclesia.
1340 1508 1357 1524 »

230 1591 280 1630 In
301 1590 384 1630 hoc
405 1588 503 1630 ideo
526 1587 837 1629 elaborandum
855 1587 976 1629 vobis
1003 1599 1079 1640 est,
1105 1587 1353 1645 assidueque
1377 1588 1655 1646 vigilandum,
1680 1600 1728 1630 ut
1749 1589 1849 1631 fidei
1873 1589 2008 1647 depo-

172 1655 297 1696 situm
314 1653 576 1695 custodiatur
598 1652 642 1693 in
664 1664 781 1693 tanta
802 1653 1025 1694 hominum
1048 1653 1275 1710 impiorum
1299 1653 1636 1710 conspiratione,
1667 1670 1794 1712 quam
1822 1654 1876 1695 ad
1905 1653 2009 1696 illud

174 1719 458 1777 diripiendum
474 1718 822 1776 perdendumque
839 1717 992 1759 factam
1011 1718 1309 1760 lamentamur.
1330 1718 1604 1760 Meminerint
1628 1735 1789 1772 omnes,
1802 1719 2007 1775 judicium

175 1784 228 1826 de
250 1800 349 1825 sana
370 1783 577 1835 doctrina,
597 1799 678 1840 qua
692 1782 837 1841 populi
860 1782 1082 1825 imbuendi
1102 1794 1213 1833 sunt,
1232 1794 1358 1840 atque
1381 1783 1578 1824 Ecclesiae
1598 1785 1800 1825 universae
1820 1785 2008 1842 regimen

174 1860 216 1890 et
236 1848 644 1890 administrationem
666 1863 797 1904 penes
817 1849 1059 1889 Romanum
1078 1846 1327 1889 Pontificem
1354 1864 1440 1889 esse
1456 1881 1466 1896 ,
1492 1849 1559 1889 cui
1592 1869 1609 1884 «
1637 1848 1762 1906 plena
1788 1847 2006 1906 pascendi,

179 1936 196 1951 «
217 1913 411 1971 regendi,
445 1923 486 1954 et
511 1911 776 1971 gubernandi
812 1913 1090 1954 universalem
1122 1911 1353 1954 Ecclesiam
1380 1924 1563 1970 potestas
1591 1930 1614 1954 a
1640 1913 1804 1955 Christo
1824 1913 2008 1955 Domino

178 2000 195 2014 ιι
214 1978 369 2019 tradita
385 1978 479 2027 fuit,
508 1998 524 2013 n
550 1978 610 2018 uti
629 1978 771 2018 Patres
791 1976 1022 2018 Florentini
1042 1976 1219 2018 Concilii
1240 1976 1390 2018 diserte
1416 1977 1704 2019 declararunt⁵
1717 2011 1726 2020 .
1761 1979 1836 2020 Est
1868 1988 2008 2019 autem

172 2042 432 2100 singulorum
454 2041 760 2098 Episcoporum
795 2041 1016 2082 Cathedrae
1053 2040 1165 2082 Petri
1197 2040 1439 2082 fidelissime
1488 2043 1704 2084 adhaerere
1719 2076 1728 2094 ‚
1770 2041 2009 2101 depositum

173 2118 312 2148 sancte
335 2106 612 2163 religioseque
641 2105 864 2156 custodire,
893 2117 935 2147 et
955 2121 1147 2163 pascere,
1178 2107 1247 2163 qui
1282 2107 1326 2146 in
1358 2107 1416 2147 eis
1448 2118 1527 2159 est,
1561 2124 1730 2166 gregem
1763 2108 1857 2149 Dei.
1882 2107 2006 2147 Pres-

172 2171 309 2228 byteri
330 2186 429 2212 vero
447 2170 620 2225 subjecti
639 2171 722 2211 sint
749 2182 918 2228 oportet
944 2170 1183 2228 Episcopis,
1215 2187 1322 2228 quos
1349 2191 1365 2207 «
1392 2173 1453 2212 uti
1487 2172 1635 2213 anima:
1663 2183 1854 2231 parentes
1880 2171 2007 2213 susci-

182 2258 199 2272 «
215 2235 391 2294 piendos
413 2236 465 2275 ab
479 2235 576 2293 ipsis
600 2250 704 2287 esse,
731 2257 748 2272 »
768 2247 914 2276 monet
931 2234 1239 2293 Hieronymus⁶
1268 2251 1276 2276 z
1304 2251 1381 2276 nec
1410 2252 1600 2293 unquam
1625 2237 1936 2286 obliviscantur,
1965 2250 2006 2276 se

175 2300 345 2341 vetustis
377 2299 503 2340 etiam
539 2300 771 2340 canonibus
795 2301 954 2352 vetari,
988 2299 1207 2356 quidpiam
1236 2298 1280 2339 in
1309 2311 1499 2357 suscepto
1524 2302 1756 2342 ministerio
1791 2316 1926 2358 agere,
1960 2315 2006 2340 ac

178 2363 359 2406 docendi
383 2375 425 2405 et
439 2363 718 2405 concionandi
737 2380 888 2405 munus
906 2364 984 2405 sibi
1003 2380 1167 2405 sumere
1185 2384 1202 2399 «
1223 2365 1312 2405 sine
1324 2366 1529 2405 sententia
1539 2366 1747 2423 Episcopi,
1770 2367 1887 2421 cujus
1910 2365 2007 2407 fidei

184 2451 201 2465 «
223 2428 402 2487 populus
415 2439 475 2469 est
490 2427 683 2479 creditus,
702 2439 744 2469 et
759 2444 781 2469 a
799 2445 882 2485 quo
900 2445 977 2486 pro
993 2429 1211 2469 animabus
1227 2429 1334 2469 ratio
1350 2428 1582 2487 exigetuffl.
1605 2451 1621 2465 »
1642 2431 1815 2471 Certum
1827 2430 2007 2488 denique

176 2493 426 2549 firmumque
449 2493 513 2542 sit,
542 2508 612 2533 eos
646 2508 808 2544 omnes,
844 2495 915 2550 qui
952 2493 1150 2535 adversns·
1174 2491 1454 2550 praestitutum
1480 2495 1593 2534 hunc
1627 2494 1820 2536 ordinem
1851 2494 2007 2552 aliquid

177 2557 416 2609 moliantur,
438 2567 590 2597 statum
612 2556 818 2607 Ecclesia),
844 2568 1048 2614 quantum
1070 2558 1114 2598 in
1130 2558 1230 2614 ipsis
1256 2568 1332 2607 est,
1359 2557 1624 2614 perturbare.

234 2621 362 2663 Nefas
384 2636 514 2679 porro
543 2631 667 2673 esset,
694 2632 818 2678 atque
841 2622 893 2662 ab
920 2637 970 2662 eo
998 2621 1288 2663 venerationis
1319 2621 1459 2663 studio
1488 2638 1660 2679 prorsus
1694 2624 1894 2675 alienum,
1927 2640 2009 2682 qua

176 2686 370 2728 Ecclesia—:-
387 2686 499 2743 leges
523 2696 620 2726 sunt
639 2685 908 2742 excipiendae,
930 2686 1133 2727 sancitam
1152 2687 1204 2727 ab
1223 2686 1311 2743 ipsa
1333 2685 1613 2744 disciplinam,
1632 2705 1713 2745 qna
1735 2700 1777 2732 et
1794 2703 2010 2731 sacrorum

179 2751 436 2809 procuratio,
459 2761 499 2791 et
517 2765 686 2791 morum
708 2766 876 2797 norma,
899 2761 941 2791 et
960 2750 1119 2805 jurium
1141 2748 1352 2803 Ecclesiae,
1386 2752 1764 2810 ministrorumque
1790 2756 1880 2810 ejus
1904 2753 2009 2795 ratio

231 2925 264 2957 1.
286 2922 322 2956 S.
343 2921 477 2955 Coelest.
497 2921 565 2954 ΡΡ.
586 2921 652 2966 Ep.
672 2933 749 2960 xx1,
770 2919 815 2953 ad
833 2921 950 2966 Episc.
972 2920 1117 2955 Galliar.

231 2971 264 3003 2.
293 2968 329 3003 S.
349 2968 473 3014 Agath.
495 2968 562 3002 ΡΡ.
584 2968 651 3013 Ep.
673 2966 717 3000 ad
732 2967 823 3012 Imp.
842 2966 935 3012 apud
955 2967 1065 3000 Labb.
1086 2975 1172 3002 tom.
1191 2968 1257 3014 XI,
1276 2980 1359 3013 pag.
1382 2971 1463 3010 235,
1485 2968 1568 3003 edit.
1587 2970 1713 3006 Mansi,

232 3019 266 3051 3.
294 3016 329 3051 S.
347 3016 530 3050 Innocent.
552 3015 618 3048 ΡΡ.
640 3014 708 3059 Ep.
731 3026 778 3056 xx,
800 3013 895 3060 apud
910 3014 1088 3049 Constant.

234 3066 268 3097 [ι.
296 3063 332 3098 5.
352 3064 441 3109 Cyp,
459 3062 500 3094 de
516 3063 645 3094 Unitate
667 3062 789 3094 Eccles.

235 3113 269 3145 5.
298 3111 407 3143 Conc-
427 3110 518 3143 Flor.
537 3121 617 3144 sess.
639 3122 724 3149 xxv,
742 3110 773 3140 in
789 3107 914 3152 definit.
930 3107 1028 3153 apud
1041 3108 1153 3143 Lahb.
1173 3117 1259 3142 tom.
1278 3108 1417 3152 XVIII,
1435 3111 1502 3146 col.
1524 3113 1606 3151 528,
1623 3110 1708 3145 edit.
1727 3111 1845 3144 Venet

235 3159 269 3191 6.
296 3157 333 3191 S.
350 3157 494 3191 Hieron.
509 3157 574 3202 Ep.
593 3168 622 3188 11
636 3155 680 3188 ad
699 3156 823 3201 Nepot.
845 3168 875 3189 a.
900 3167 925 3195 1,
949 3158 1006 3190 24.

234 3206 267 3238 7.
296 3204 347 3237 Ex
364 3216 439 3238 can.
461 3205 529 3250 Ap.
553 3215 707 3244 xxxvnt,
726 3201 821 3249 apud
838 3203 948 3237 Labb.
971 3212 1055 3236 tom.
1076 3203 1107 3243 I,
1126 3215 1203 3248 pag.
1234 3204 1291 3244 38,
1314 3202 1383 3237 edit
1403 3205 1527 3238 Mausi,
