2135 3442
121 137 196 173 332
735 130 1047 168 ALLOCUTION
1075 129 1142 165 DE
1169 127 1247 164 PIE
1276 127 1343 162 IX.

119 220 299 280 experiri
322 219 466 272 velint,
490 234 618 277 quam
640 219 772 260 iratus
791 218 924 274 judex
948 218 1061 260 Deus
1080 217 1124 258 in
1152 215 1247 258 illos
1274 224 1481 272 exsurgat,
1509 211 1718 270 quisnam
1737 213 1966 256 Ecclesiam

118 286 325 346 polluere,
353 284 529 336 violare,
555 295 596 327 et
625 282 811 343 affligere
837 283 1012 324 audent⁴
1041 282 1130 326 Nos
1166 291 1322 330 autem,
1354 276 1628 320 venerabiles
1655 277 1836 329 Fratres,
1861 294 1967 321 nun-

120 367 247 409 quam
268 350 598 392 intermittamus
624 349 714 391 dies
733 359 967 404 noctesque
991 345 1366 389 clementissimum
1389 341 1774 384 misericordiarum
1799 342 1968 385 Patrem

120 428 162 458 et
178 418 317 457 Deum
335 414 464 457 totius
481 413 784 457 consolationis
808 411 986 454 assiduis
1005 410 1258 467 fervidisque
1280 409 1480 467 precibus
1501 423 1638 458 orare,
1665 417 1707 449 et
1729 407 1965 461 obsecrare,

120 491 166 522 ut
197 480 340 522 divina
370 496 442 522 sua
473 479 607 538 gratia
629 493 775 520 omnes
807 486 992 518 errantes
1017 475 1073 517 ad
1096 473 1298 524 veritatis,
1331 472 1515 529 justitiae‚
1552 483 1594 514 et
1627 472 1769 513 salutis
1803 471 1970 514 semitas

120 545 322 588 reducere
340 545 455 595 velit,
477 561 524 586 ac
540 543 663 586 simul
684 541 969 599 omnipotenti
989 556 1062 582 sua
1090 540 1244 581 virtute
1265 538 1435 589 efficiat,
1457 548 1504 579 ut
1526 536 1712 579 Ecclesia
1737 552 1811 578 sua
1829 546 1969 578 sancta

120 622 210 652 tuni
235 610 310 661 ibi,
332 621 422 651 tum
449 610 548 651 alibi
578 607 748 650 nefariis
773 605 1005 664 impiorum
1031 604 1256 646 hominum
1286 602 1471 645 consiliis
1490 613 1578 643 tam
1599 602 1876 643 vehementer
1903 599 1967 642 af-

122 675 232 717 flicta
257 691 305 717 ac
332 675 524 717 divexata
562 684 694 732 ponat
716 672 894 722 luctum,
924 669 1166 727 squalorem
1191 669 1377 725 abjiciat,
1409 679 1450 709 et
1487 667 1637 709 induat
1667 676 1801 708 vestes
1823 667 1972 721 jucun-

123 740 265 782 ditatis
299 755 397 792 suae,
434 750 559 796 atque
589 755 610 780 a
644 737 743 780 solis
779 746 877 777 ortu
927 750 1061 791 usque
1091 733 1147 775 ad
1192 749 1387 776 occasum
1427 732 1784 791 splendidioribus
1811 730 1856 772 in
1885 730 1972 772 dies

123 815 327 863 augeatur
344 816 386 846 et
410 815 638 846 exornetur
661 799 903 859 triumphis.
