2135 3442
178 175 252 210 184
679 169 863 204 ῙΕΤΤΡιΕ
892 167 1204 213 ENCYCLIQUE
1231 168 1296 202 DE
1325 167 1403 202 PIE
1432 167 1502 204 IX

177 256 402 328 episcopali
442 256 595 296 robore
634 256 756 305 tueri,
785 255 1040 306 defendere,
1063 271 1110 295 ac
1138 269 1301 295 summa
1337 269 1435 294 cura
1477 252 1664 310 vigilare,
1683 263 1730 293 ut
1761 268 1860 310 grex
1898 252 2014 293 vobis

177 322 423 366 commissus
447 320 491 362 in
512 336 560 362 ea
585 319 743 361 stabilis
767 331 808 361 et
832 320 1032 361 immotus
1051 318 1294 377 Ρθῑείεῐῑιῑμ
1296 333 1460 374 <quam
1484 317 1562 358 nisi
1583 318 1759 374 quisque
1784 315 2006 375 integram,

182 414 198 427 «
229 388 555 443 inviolatamque
594 386 832 435 servaverit,
864 386 1020 442 absque
1054 384 1184 425 dubio
1220 385 1263 424 in
1300 394 1396 424 rtet
1399 397 1501 423 num
1535 380 1732 439 pe1ibit¹.
1761 401 1779 417 »
1817 381 1866 421 In
1901 381 2010 422 hanc

177 453 304 512 igitur
326 452 453 493 fidem
475 449 694 499 tuendam,
717 461 841 507 atque
866 465 953 490 serx
959 448 1111 489 andam
1132 464 1209 505 pro
1231 447 1429 520 pastorali
1451 457 1585 488 vestia
1611 443 1889 486 sollicitudine
1912 443 2008 485 dili-

179 492 326 576 gnenter
347 515 592 565 incumbite,
614 530 751 571 neque
774 529 975 570 umquam
996 512 1172 554 desinite
1197 528 1343 554 omnes
1375 513 1416 552 in
1441 527 1489 552 ea
1516 512 1734 559 instluere,
1763 507 2009 551 confirmare

177 593 390 653 nutantes,
412 579 746 622 contradicentes
771 594 962 636 argueie,
987 577 1205 619 infirmos
1196 594 1235 617 ιιι
1257 577 1338 618 fide
1365 577 1655 624 corroborare,
1688 573 1791 614 nihil
1814 589 2014 630 umquam

179 646 355 688 omnino
373 644 680 686 dissimulantes
703 660 749 684 ac
770 644 965 692 ferentes,
995 643 1110 699 quod
1133 643 1320 697 ejusdem
1345 641 1441 683 fidei
1458 642 1684 699 puritatem
1703 638 1769 680 vel
1791 637 2013 679 minimum

178 712 336 754 violare
360 726 481 768 posse
504 709 711 750 vidcatur.
732 709 879 766 Neque
899 708 1054 749 minori
1076 707 1204 748 animi
1228 707 1421 748 firmitate
1443 708 1486 747 in
1510 706 1708 747 omnibus
1728 703 1866 745 fovete
1888 705 2014 744 unio-

178 793 278 819 nem
301 791 396 816 cum
421 775 636 815 Catholica
652 773 851 826 Ecclesia,
878 786 994 814 extra
1015 788 1140 829 quam
1163 772 1278 813 nulla
1304 782 1366 813 est
1393 771 1517 820 salus,
1545 782 1587 812 et
1614 768 1901 811 obedientiam
1919 784 2016 827 erga

179 841 290 882 lianc
314 839 427 881 Petri
447 839 718 889 Cathedram,
745 840 811 879 cui
846 850 1062 895 tamquam
1084 837 1321 878 firmissimo
1342 837 1620 878 fundamento
1643 845 1732 875 tota
1753 833 2017 875 sanctissimae

181 916 332 947 nostrse
354 904 566 962 religionis
600 903 731 944 moles
759 902 966 943 innititur.
998 902 1092 943 Pari
1122 917 1222 942 vero
1260 903 1491 942 constantia
1523 898 1800 941 sanctissimas
1821 898 2016 940 Ecclesiae

179 971 291 1028 leges
320 969 619 1011 custodiendas
644 979 802 1018 curate,
830 967 983 1024 quibus
1008 966 1201 1025 profecto
1224 967 1368 1018 virtus,
1402 966 1565 1024 religio,
1593 965 1724 1022 pietas
1749 978 2016 1021 summopere

178 1036 321 1094 vigent
344 1046 386 1076 et
408 1034 571 1076 florent.
602 1035 707 1074 Cum
734 1044 877 1073 autem
910 1053 927 1068 «
950 1047 1104 1089 magna
1127 1032 1178 1072 sit
1206 1032 1339 1089 pietas
1361 1030 1544 1088 prodere
1578 1030 1761 1070 latebras
1789 1029 2017 1086 impiorum

183 1120 200 1136 «
236 1112 278 1141 et
300 1101 438 1158 ipsum
464 1101 506 1139 in
526 1099 597 1149 eis,
626 1099 692 1139 cui
712 1098 910 1147 serviunt,
936 1096 1153 1137 diabolum
1176 1096 1387 1137 debellare
1402 1096 1433 1151 ²,
1461 1117 1476 1132 1>
1509 1095 1612 1136 illud
1631 1095 1901 1136 obsecrantes
1918 1110 2016 1135 mo-

177 1180 343 1219 nemus,
379 1176 425 1205 ut
466 1163 581 1205 omni
611 1179 691 1221 ope
722 1174 763 1204 et
786 1178 915 1220 opera
953 1161 1231 1202 multiformes
1267 1162 1533 1202 inimicorum
1570 1161 1794 1202 hominum
1825 1159 2013 1211 insidias,

178 1229 377 1283 fallacias,
405 1244 581 1279 errores,
614 1227 800 1281 fraudes,
831 1226 1170 1268 machinationes
1204 1225 1317 1267 fideli
1348 1225 1506 1283 populo
1539 1225 1752 1282 detegere,
1782 1240 1963 1281 eumque
1994 1240 2017 1265 a

178 1294 380 1352 pestiferis
399 1294 514 1335 libris
540 1293 762 1351 diligenter
787 1303 991 1342 avertere,
1019 1303 1144 1349 atque
1167 1291 1332 1332 assidue
1359 1291 1572 1332 exhortari
1600 1290 1751 1340 velitis,
1779 1301 1826 1330 ut
1857 1289 2015 1347 impio-

177 1375 273 1400 rum
293 1370 440 1409 sectas,
475 1370 515 1401 et
535 1360 754 1400 societates
780 1358 961 1416 fugiens,
995 1368 1215 1414 tamqnam
1236 1372 1260 1397 a
1280 1356 1382 1397 facie
1402 1355 1579 1406 colubri,
1604 1371 1653 1397 ea
1686 1354 1829 1396 omnia
1854 1354 2016 1396 studio-

177 1424 335 1466 sissime
356 1424 528 1477 devitet,
552 1440 643 1481 quae
664 1423 776 1476 fidei,
803 1422 1035 1481 religionis,
1067 1437 1319 1478 morumque
1346 1420 1575 1479 integritati
1599 1420 1887 1461 adversantur.
1922 1419 2017 1471 Qua

177 1489 230 1530 de
253 1505 298 1530 re
319 1504 554 1546 numquam
573 1490 749 1530 omnino
771 1489 838 1537 sit,
862 1499 908 1528 ut
931 1488 1098 1529 cessetis
1117 1486 1344 1545 praedicare
1369 1485 1661 1543 Evangelium,
1688 1501 1772 1542 qno
1793 1485 2018 1526 christiana

175 1553 297 1626 plebs
318 1555 451 1625 magis
468 1555 511 1594 in
531 1554 618 1595 dies
638 1552 905 1595 sanctissimis
930 1554 1161 1594 christianae
1182 1553 1283 1610 legis
1302 1551 1656 1610 praeceptionibus
1679 1550 1842 1591 erudita
1862 1559 2018 1590 crescat

176 1618 217 1658 in
237 1618 408 1660 scientia
426 1620 520 1669 Dei,
542 1619 723 1660 declinet
744 1634 767 1658 a
785 1618 897 1658 malo
920 1628 959 1658 et
979 1617 1102 1658 faciat
1114 1617 1292 1667 bonum,
1317 1628 1442 1673 atque
1462 1615 1680 1656 ambulet
1671 1631 1715 1655 ιιι
1735 1615 1810 1655 viis
1825 1614 2012 1655 Domini.

175 1683 230 1723 Et
254 1685 456 1739 quoniam
478 1684 608 1724 nostis
627 1684 713 1724 Vos
732 1698 811 1740 pro
832 1681 997 1723 Christo
1026 1682 1237 1740 legatione
1261 1650 1377 1740 fungi
1365 1681 1485 1738 1,qui
1507 1696 1549 1721 se
1577 1680 1725 1720 mitem
1749 1689 1790 1719 et
1814 1678 2016 1719 humilem

176 1763 248 1788 coi
253 1747 304 1788 de
329 1760 388 1788 est
407 1747 634 1806 professus,
656 1748 812 1805 quique
834 1763 919 1787 non
937 1746 1052 1788 xenit
1070 1716 1379 1802 vocarejustos,
1406 1745 1478 1786 sed
1494 1756 1749 1802 peccatores,
1773 1743 2015 1800 relinquens

175 1813 300 1854 nobis
318 1813 574 1871 exemplum,
602 1824 648 1853 ut
671 1828 896 1869 sequamur
918 1812 1090 1869 vestigia
1114 1813 1201 1868 ejus
1219 1826 1229 1865 3
1264 1827 1368 1868 quos
1389 1812 1433 1851 in
1456 1809 1664 1851 mandatis
1683 1809 1854 1850 Domini
1873 1808 2013 1849 delin-

178 1888 368 1934 quentes,
392 1889 515 1935 atque
536 1894 559 1919 a
579 1879 764 1919 veritatis
782 1889 822 1918 et
844 1876 1011 1932 justitias
1032 1878 1176 1918 semita
1200 1877 1440 1918 aberrantes
1462 1875 1714 1923 inveneritis,
1746 1872 1861 1914 haud
1883 1873 2012 1914 omit-

177 1943 251 1983 tite
283 1959 354 1984 eos
386 1944 429 1984 in
469 1943 617 2001 spiritu
658 1942 838 1983 lenitatis
868 1953 911 1983 et
937 1942 1272 1984 mansuetudinis
1311 1941 1493 1999 paternis
1527 1940 1713 1994 monitis,
1756 1949 1798 1980 et
1833 1938 2014 1980 consiliis

178 2007 389 2065 corripere
411 2019 534 2065 atque
558 2024 750 2063 arguere,
778 2008 1015 2058 obsecrare,
1043 2009 1259 2065 increpare
1290 2008 1334 2047 in
1359 2007 1475 2047 omni
1504 2005 1709 2055 bonitate,
1741 2004 1943 2061 patientia
1974 2014 2016 2045 et

179 2072 386 2123 doctrina,
406 2088 503 2113 cum
517 2094 534 2109 «
553 2088 659 2130 saepe
677 2073 770 2130 plus
788 2089 884 2130 erga
900 2072 1172 2130 corrigendos
1189 2083 1283 2130 agat
1300 2069 1613 2119 benevolentia,
1634 2085 1760 2126 quam
1777 2067 2010 2118 austeritas,

184 2157 199 2173 «
236 2136 330 2193 plus
355 2137 609 2188 exhortatio,
645 2154 772 2195 quam
802 2137 1094 2188 comminatio,
1122 2138 1216 2195 plns
1238 2136 1402 2189 caritas,
1438 2151 1564 2193 quam
1597 2134 1825 2193 potestas³.
1849 2154 1866 2168 »
1904 2132 2015 2174 Illud

180 2201 306 2241 etiam
328 2201 425 2242 totis
448 2201 606 2243 viribus
630 2214 826 2259 praestare
846 2201 1105 2254 contendite,
1129 2200 1401 2243 Venerabiles
1427 2201 1608 2250 Fratres,
1634 2210 1682 2240 ut
1701 2198 1843 2239 fideles
1859 2196 2013 2238 carita-

178 2275 266 2306 tem
288 2277 511 2317 sectentur,
535 2283 683 2324 pacem
707 2266 937 2323 inquirant,
956 2278 998 2308 et
1017 2283 1106 2324 qua·
1127 2266 1309 2308 caritatis
1329 2276 1370 2307 et
1388 2264 1499 2323 pacis
1519 2275 1617 2306 sunt
1638 2262 1783 2304 sedulo
1806 2278 2015 2319 exequan-

182 2340 265 2381 tur,
307 2347 390 2388 quo
432 2331 593 2373 cunctis
637 2331 962 2373 dissensionibus
978 2364 988 2384 ,
1026 2331 1278 2381 inimicitiis,
1322 2328 1660 2371 aemulati011ibus
1676 2360 1685 2378 ,
1732 2326 2014 2368 simultatibus

181 2394 350 2451 penitus
370 2395 578 2448 extinctis,
602 2411 749 2437 omnes
771 2412 812 2437 se
840 2407 986 2437 mutua
1008 2395 1181 2437 caritate
1203 2395 1396 2452 diligant,
1423 2405 1547 2449 atque
1571 2392 1613 2432 in
1635 2391 1786 2433 eodem
1808 2407 1946 2443 sensu,
1969 2391 2013 2432 in

183 2459 331 2500 eadem
357 2460 566 2502 sententia
588 2461 761 2518 perfecti
790 2462 885 2511 sint,
917 2473 958 2502 et
982 2460 1097 2502 idem
1116 2460 1337 2501 unanimes
1357 2458 1553 2508 sentiant,
1579 2456 1693 2498 idem
1722 2456 1878 2508 dicant,
1898 2456 2014 2498 idem

180 2525 342 2582 sapiant
361 2526 404 2565 in
429 2524 593 2566 Christo
618 2526 713 2566 Jesn
731 2525 921 2567 Domino
939 2527 1114 2567 Nostro.
1136 2524 1333 2566 Debitam
1361 2539 1454 2581 erga
1482 2521 1705 2580 principes,
1727 2533 1769 2563 et
1784 2532 2014 2580 potestates

181 2588 468 2630 obedientiam
491 2605 539 2630 ac
565 2590 873 2645 subjectionem
899 2589 1127 2631 christiano
1149 2588 1310 2647 populo
1338 2588 1544 2629 inculcare
1577 2586 1764 2645 satagite,
1789 2587 2013 2628 edocentes

175 2655 295 2708 juxta
313 2653 504 2711 Apostoli
527 2655 734 2695 monitum
753 2653 766 2675 ‘⁸
791 2671 880 2695 non
906 2670 994 2695 esse
1014 2664 1265 2711 potestatem
1286 2652 1362 2692 nisi
1383 2668 1406 2692 a
1427 2653 1535 2701 Deo,
1562 2667 1719 2708 eosque
1740 2651 1819 2693 Dei
1837 2650 2012 2692 ordina-

179 2716 284 2758 tioni
301 2717 506 2768 resistere,
547 2717 736 2774 adeoque
758 2719 837 2758 sibi
869 2717 1186 2759 damnationem
1207 2716 1439 2772 acquirere,
1472 2715 1543 2772 qui
1572 2715 1769 2772 potestati
1798 2717 2010 2769 resistunt,

182 2793 306 2839 atque
328 2783 478 2823 iccirco
512 2793 768 2840 p1¹a¹ceptum
811 2784 1013 2840 potestati
1043 2783 1120 2839 ipsi
1153 2780 1381 2822 obediendi
1414 2797 1437 2821 a
1473 2780 1640 2822 nemine
1675 2797 1878 2839 umquam
1911 2781 2013 2821 citra

181 2846 393 2904 piaculum
424 2862 544 2904 posse
568 2846 731 2897 violari,
768 2847 847 2887 nisi
877 2847 987 2888 forte
1024 2846 1184 2903 aliquid
1215 2847 1461 2903 imperetur,
1498 2845 1611 2902 quod
1647 2846 1725 2886 Dei
1747 2856 1788 2887 et
1821 2844 2011 2887 Ecclesiae

180 2911 342 2970 legibus
366 2911 622 2952 adversetur.

230 3075 258 3106 I
290 3072 343 3104 Ex
359 3071 525 3117 Symbolo
546 3072 751 3117 Quicumque.

229 3121 263 3153 2.
292 3118 327 3152 S.
350 3119 438 3159 Leo,
459 3118 568 3152 Serm.
589 3118 690 3159 VIII,
709 3131 784 3163 cap.
806 3129 854 3151 lv.

230 3169 263 3200 3.
291 3164 707 3200 C011cil.Triden.Sess.
734 3165 838 3207 XIII,
857 3176 932 3210 cap.
957 3165 970 3197 'l
995 3162 1038 3197 de
1055 3163 1243 3197 Refornzat.

227 3214 260 3246 4.
288 3212 342 3245 Ad
361 3214 508 3248 Roman.
530 3224 608 3248 xm.
631 3216 664 3254 1,
683 3215 714 3247 2.
