2135 3442
199 180 249 214 12ss
908 176 1032 210 BREF
1059 173 1123 209 DE
1152 174 1231 208 PIE
1259 173 1323 207 VI.

199 265 335 315 ritate,
357 263 449 320 qui’
482 264 651 303 Dzscr
654 272 729 312 ete,
752 262 903 319 inquit,
930 260 1265 303 vicissitudinum
1278 255 1503 313 pensanda
1522 265 1621 296 sunt
1633 265 1837 312 tempora,
1863 273 1914 297 ne
1940 273 2033 298 cum

199 335 403 386 restringi
424 284 573 385 lin‘gna
591 328 819 384 debet,pe1
836 327 958 368 verba
978 324 1187 366 inutiliter
1209 322 1432 378 defluat»
1425 321 1627 360 Τ»ιιιιιειι
1651 321 1778 361 verba
1806 331 1953 362 nostra
1979 321 2034 362 ad

200 396 336 435 Deum
353 394 648 442 convertimus,
672 408 719 432 ac
740 390 927 449 publicas
955 389 1096 430 statim
1120 386 1348 427 indiximus
1372 384 1632 441 peragendas
1654 399 1814 441 pteees,
1838 396 1885 426 ut
1912 386 2034 427 novis

200 457 290 499 istis
308 457 448 513 levum
464 457 489 497 l
482 457 670 497 .·1t‹›1ibus
696 471 791 496 cum
820 456 1139 511 impetiaremus
1159 452 1362 498 animum,
1386 464 1470 505 quo
1487 448 1645 490 vellent
1671 449 1725 489 ab
1746 448 1870 502 hujus
1891 450 2034 491 saeculi

200 522 452 579 philosophi
445 537 477 561 .e
494 520 744 578 praescriptis
766 518 978 567 recedere,
1004 527 1126 572 atque
1150 514 1203 556 ad
1226 513 1440 571 religionis
1463 524 1616 554 nostrae
1637 511 1811 555 consilia
1840 513 2028 570 regredi,

200 587 334 644 iisque
358 586 563 628 insistere.
599 586 644 626 In
677 600 761 640 quo
783 585 982 625 Susannae
1002 580 1242 637 exemplum
1268 577 1398 619 secuti
1432 594 1588 629 sumus,
1628 593 1738 635 quae,
1776 587 1823 618 ut
1858 578 2035 634 exponit

201 652 243 692 S.
271 649 559 698 Aml)1osius²‚
584 650 684 705 plus
713 654 801 705 egit
819 646 1005 695 tacendo,
1029 660 1153 702 quam
1182 649 1221 684 si
1247 652 1355 683 esset
1388 642 1560 683 locuta.-
1588 642 1762 683 tacendo
1783 646 1894 682 enim
1921 642 2040 698 apud

201 715 403 764 homines,
432 715 570 754 locuta
601 722 663 753 est
697 682 813 762 l){0;
837 715 1092 751 cons-scientia
1135 707 1379 766 1⁷·0quebat111
1393 739 1402 757 ,
1431 708 1500 748 nbi
1527 723 1606 747 vox
1635 723 1715 747 non
1754 706 2007 746 audiebatur
2022 738 2034 759 ,

201 796 275 819 nee
292 778 501 836 (sucerebat
514 794 593 834 pro
616 794 660 817 se
677 777 886 816 hominum
897 774 1128 831 judicium,
1155 788 1244 830 quae
1263 772 1439 812 habebat
1463 772 1634 812 Domini
1659 776 1956 812 testimonium.

258 1024 406 1080 Neque
422 1038 552 1080 porro
572 1022 912 1079 praetermisimus
927 1020 1200 1062 venerabiles
1214 1020 1383 1059 Fratres
1402 1028 1567 1059 nostros
1587 1018 1628 1059 S.
1650 1019 1704 1058 R.
1722 1017 1773 1057 E.
1793 1015 2038 1057 Cardinales

201 1089 243 1129 in
263 1088 564 1129 Consistmium
587 1101 693 1126 conv
697 1101 820 1126 ocare
847 1084 914 1125 die
945 1089 1000 1126 29
1019 1083 1158 1124 martii
1179 1082 1371 1139 proxime
1391 1082 1522 1139 elapsi
1551 1081 1665 1133 anni,
1689 1096 1847 1153 eosque
1864 1079 2037 1139 partici-

203 1169 272 1210 pes
296 1167 440 1193 ectum
464 1151 597 1192 facele
616 1165 708 1206 quae
729 1148 850 1190 isthic
873 1150 962 1206 geri
986 1159 1132 1190 contra
1154 1146 1406 1189 catholicam
1430 1146 1709 1204 religionem
1696 1161 1786 1201 Jam
1806 1156 2034 1203 coeperant,

201 1215 593 1270 communicataque
608 1229 703 1253 cum
723 1213 821 1270 ipsis
841 1213 972 1253 nostri
991 1212 1147 1253 doloris
1166 1212 1412 1265 acerbitate,
1437 1210 1530 1252 illos
1552 1211 1701 1253 itidem
1722 1210 1777 1251 ad
1800 1221 2038 1252 nostrarum

200 1283 497 1338 lacrymarum,
526 1294 573 1319 ac
597 1277 938 1319 obsecrationum
957 1278 1201 1318 societatem
1226 1275 1426 1317 excitare.

257 1377 369 1416 Dum
391 1374 433 1414 in
450 1375 532 1415 hoc
554 1387 735 1414 essemus
752 1372 918 1421 intenti,
944 1382 1119 1428 repente
1141 1369 1329 1411 adfertur
1349 1369 1402 1410 ad
1415 1369 1519 1419 Nos,
1538 1367 1762 1425 prodiisse,
1785 1369 1896 1409 circa
1919 1383 2041 1409 men-

199 1440 252 1480 sis
273 1439 365 1495 julii
397 1437 635 1487 dimidium,
679 1453 702 1477 a
725 1435 880 1493 gallicae
900 1434 1084 1476 nationis
1117 1445 1329 1476 conventu
1365 1434 1497 1490 (cujus
1517 1432 1691 1474 nomine
1721 1432 1855 1474 solam
1875 1443 2041 1490 partem

201 1518 374 1544 numero
405 1502 701 1559 praevalentem
733 1515 898 1557 semper
919 1499 1226 1556 intelligemus)
1256 1498 1482 1556 prodiisse,
1523 1497 1758 1554 inquimus,
1803 1497 2038 1547 decretum,

200 1566 314 1624 quod
334 1567 378 1607 in
408 1566 530 1606 titulo
559 1564 905 1605 constitutionem
943 1564 1042 1604 cleri
1070 1563 1234 1603 civilem
1273 1574 1520 1620 prsetexens,
1556 1578 1701 1603 revera
1732 1561 1785 1602 ad
1815 1562 2041 1602 sacratiora

200 1631 414 1688 dogmata,
440 1641 563 1686 atque
584 1628 637 1669 ad
657 1627 934 1669 certissimam
954 1627 1150 1668 Ecclesiae
1172 1627 1439 1685 disciplinam
1467 1625 1817 1683 perturbandam,
1845 1636 2040 1667 everten-

201 1695 384 1750 damque
396 1692 660 1741 deveniebat,
672 1692 795 1747 hujus
812 1693 959 1749 primae
969 1691 1102 1741 Sedis,
1116 1692 1441 1749 Episcoporum,
1459 1690 1748 1741 Sacerdotum,
1763 1690 2040 1749 Regularium

201 1760 417 1815 utriusque
441 1774 579 1806 sexus,
610 1756 822 1813 totiusque
850 1756 1064 1797 catholicae
1085 1757 1394 1797 communionis
1413 1759 1508 1811 jura
1532 1755 1743 1802 abolebat,
1773 1770 1914 1796 sacros
1943 1771 2039 1813 sup-

199 1823 409 1881 primebat
442 1824 560 1872 ritus,
601 1820 900 1863 ecclesiasticos
933 1820 1108 1870 reditus,
1134 1832 1175 1861 et
1199 1821 1354 1862 fundos
1388 1820 1631 1877 arripiebat,
1669 1836 1739 1860 eas
1772 1820 1945 1861 demum
1967 1821 2036 1862 in—

201 1888 361 1928 ferebat
398 1902 630 1940 aerumnas,
670 1901 762 1943 quae
801 1884 916 1926 credi
948 1900 1036 1925 non
1069 1896 1257 1942 possent,
1308 1886 1389 1926 nisi
1422 1886 1510 1942 ipsa
1543 1885 1924 1941 comprobarentur
1966 1901 2039 1926 ex-

200 1952 418 2010 perientia,
446 1951 536 1993 Istis
561 1951 614 1991 ad
641 1951 731 1991 Nos
755 1950 912 1999 relatis,
936 1966 1023 1990 non
1046 1951 1259 2007 potuimus
1290 1961 1401 1991 certe
1431 1966 1517 1990 non
1549 1950 1847 1991 abhorrescere
1868 1949 1923 1991 ad
1950 1951 2038 2005 ejus

203 2018 442 2065 lectionem,
464 2016 660 2071 idemque
684 2013 837 2055 accidit
859 2012 998 2063 nobis,
1031 2014 1147 2070 quod
1181 2014 1283 2054 olim
1305 2015 1463 2071 Magno
1497 2013 1704 2070 Gregorio
1734 2013 2036 2056 Praedecessori

203 2092 345 2122 nostro
374 2079 525 2135 evenit,
548 2079 619 2136 qui
648 2095 744 2119 cum
768 2078 959 2120 codicem
986 2078 1214 2135 quemdam
1244 2080 1296 2119 ab
1321 2078 1530 2136 Episcopo
1564 2079 2036 2136 Constantinopolitano

200 2144 592 2204 recognoscendum
617 2144 913 2200 accepisset,ac
929 2144 1091 2200 priores
1116 2154 1252 2200 partes
1268 2142 1553 2200 percurrisset,
1583 2143 1803 2184 manifesta
1822 2144 2038 2201 pravitatis

200 2225 362 2251 venena
379 2219 550 2250 testatus
573 2218 637 2249 est
659 2207 703 2248 in
724 2223 773 2248 eo
793 2224 835 2249 se
859 2207 1087 2265 reperisse'
1110 2225 1118 2247 ε
1144 2209 1243 2249 hinc
1264 2208 1405 2249 animo
1436 2219 1582 2250 nostro
1603 2210 1644 2249 in
1667 2224 1849 2249 summas
1874 2209 2038 2267 aegritu-

202 2275 319 2315 dines
343 2274 549 2327 conjecto,
584 2287 679 2313 eece
711 2272 788 2312 sub
820 2272 948 2313 finem
978 2272 1142 2330 augusti
1168 2272 1336 2322 mensis,
1359 2274 1578 2314 nuntiatur
1606 2272 1741 2313 Nobis
1772 2273 1970 2314 carissimi
1991 2274 2035 2314 in

201 2337 366 2379 Christo
390 2336 463 2377 filii
487 2336 619 2376 nostri
641 2336 843 2377 Ludoviei
866 2337 1197 2378 christianissimi
1218 2336 1328 2395 regis
1356 2338 1602 2394 postulatio,
1631 2354 1711 2394 qua
1734 2353 1901 2380 summo
1922 2338 2036 2396 apud

199 2404 286 2444 Nos
302 2401 486 2442 instabat
502 2399 655 2449 studio,
679 2411 725 2440 ut
748 2400 995 2442 auctoritate
1016 2412 1159 2442 nostra
1185 2402 1534 2459 approbaremus,
1563 2402 1709 2443 saltem
1730 2418 1809 2458 per
1820 2409 2035 2459 provisio-

202 2473 268 2508 nis
292 2466 473 2517 modum,
507 2464 691 2521 quinque
715 2465 768 2505 ab
800 2465 874 2506 illo
905 2476 1113 2507 conventu
1140 2465 1331 2507 decretos
1362 2466 1574 2517 articulos,
1612 2482 1771 2523 suaque
1798 2468 1912 2526 regia
1937 2483 2038 2509 san-

201 2531 341 2573 ctione
356 2532 444 2586 jvam
458 2528 745 2570 confirmatos.
763 2531 869 2571 Cum
884 2541 1025 2571 autem
1044 2529 1139 2570 illos
1155 2529 1306 2587 regulis
1320 2532 1531 2572 canonicis
1552 2531 1760 2572 adversari
1777 2531 2032 2583 videremus,

200 2596 336 2636 lenius
358 2605 498 2635 tamen
523 2594 600 2650 ipsi
616 2593 706 2651 regi
726 2594 1074 2652 respondendum
1088 2594 1380 2649 judicavimus,
1406 2595 1493 2636 Nos
1512 2595 1712 2637 articulos
1738 2596 1832 2638 illos
1849 2596 2039 2639 examini

201 2660 462 2714 subjecturos
477 2657 624 2715 viginti
644 2657 928 2699 Cardinalium
949 2659 1287 2716 congregationi,
1314 2674 1493 2716 quorum
1517 2661 1783 2719 singulorum
1804 2659 2036 2704 sententias

201 2724 329 2764 etiam
355 2723 509 2780 scripto
541 2736 755 2779 expressas
781 2722 979 2780 deinceps
1007 2738 1260 2780 cognoscere
1282 2723 1370 2765 Nos
1400 2724 1497 2781 ipsi,
1525 2736 1651 2783 atque
1688 2726 1928 2784 expendere
1954 2741 2037 2785 pro

200 2787 261 2829 rei
279 2786 479 2845 gravitate
497 2787 806 2844 satagebamus.
834 2788 1008 2828 Interim
1042 2803 1119 2845 per
1146 2798 1309 2829 nostras
1339 2787 1567 2831 familiares
1590 2790 1753 2833 litteras
1772 2791 2035 2849 ipsumhoc-

200 2851 275 2893 tati
295 2866 437 2893 sumus
456 2866 614 2909 regem,
640 2862 687 2893 ut
703 2852 920 2892 universos
938 2853 1057 2909 regni
1070 2852 1302 2910 Episcopos
1321 2852 1537 2896 induceret
1557 2854 1611 2896 ad
1632 2855 1714 2896 sibi
1730 2854 1915 2898 candide
1937 2870 2038 2912 ape·-

201 2915 373 2957 riendos
398 2930 544 2957 sensus
568 2931 679 2966 suos,
705 2915 922 2972 Nobisque
943 2927 1156 2957 accuratas
1184 2932 1334 2958 eorum
1365 2919 1637 2961 consiliorum
1666 2920 1855 2963 rationes
1871 2935 2035 2978 propo-

201 2980 380 3033 nendas,
406 2979 450 3020 in
467 2995 569 3037 quas
589 2981 667 3037 ipsi
691 2979 978 3031 convenirent,
1006 2995 1138 3037 eaque
1149 2982 1280 3023 Nobis
1300 2984 1606 3039 patefacienda,
1635 3001 1727 3043 quae
1758 2985 1801 3026 in
1825 2995 1944 3026 tanta
1963 2984 2034 3025 lo-

252 3132 286 3163 1.
311 3133 433 3177 Regul.
455 3133 495 3165 Pe
491 3140 585 3166 stor.
600 3141 685 3165 tom
704 3132 736 3165 ΙΙ
753 3144 851 3178 oper.
871 3131 1236 3180 edit.1t1au1in.,pag.
1256 3136 1314 3169 ¹54.

249 3178 287 3212 2.
314 3179 392 3214 Lib.
411 3179 486 3213 Ide
503 3179 620 3215 Offic..
639 3190 713 3224 cap.
732 3191 792 3220 111,
807 3192 906 3214 num.
929 3182 962 3220 9,
984 3188 1070 3216 tom,
1091 3181 1235 3215 Honer.
1255 3181 1336 3215 edit.
1357 3182 1509 3216 Maurin.
1518 3196 1626 3228 ,paru
1648 3186 1677 3217 ίι.

251 3230 285 3262 3.
312 3226 422 3272 Epist.
444 3229 502 3268 66,
522 3226 584 3261 lib.
604 3226 672 3267 Π,
689 3235 776 3260 tom.
797 3227 847 3272 II,
865 3238 945 3272 pag.
970 3229 1050 3262 242.
