2135 3442
162 174 209 209 80
870 169 996 203 BREF
1026 169 1090 202 DE
1119 168 1198 202 PIE
1228 168 1293 202 VI.

164 258 271 308 terit,
309 271 407 298 cum
437 255 661 297 necessitas
692 254 849 313 adiget,
883 255 961 295 sibi
994 252 1307 311 suffraganeum
1330 265 1403 291 seu
1433 247 1726 303 coadjutorem
1759 249 2008 301 adsciscere,

162 322 371 381 siquidem
405 321 456 375 ei,
496 319 611 378 quod
641 319 696 362 ad
725 320 855 360 vitam
887 318 1219 377 dignitatemque
1246 314 1447 356 tuendam
1481 314 1722 364 conveniat,
1748 329 1800 355 ex
1815 313 2011 356 Ecclesiae

164 386 367 429 fructibus
385 384 653 443 suppeditare
668 400 754 425 non
773 384 941 425 valebit.
964 386 1102 436 Quam
1120 392 1233 423 certe
1248 378 1542 421 necessitatem
1557 394 1645 419 non
1660 394 1756 419 raro
1767 379 2011 436 contingere

163 453 205 493 in
249 450 498 493 dioecesibus
543 448 751 499 novimus,
781 449 845 490 vel
884 447 938 488 ob
982 457 1223 505 provectam
1261 444 1458 500 Episcopi
1498 453 1680 493 aetatem,
1708 442 1774 484 vel
1807 443 1863 484 ob
1900 441 2012 484 male

165 514 357 557 affectam
375 515 462 569 ejus
478 513 781 563 valetudinem,
798 523 843 553 ut
860 511 1031 568 quidam
1041 507 1334 568 Lugdunensis
1351 507 1705 565 Archiepiscopus
1728 508 1785 548 ob
1804 505 2014 562 ejusmodi

165 595 351 632 causam,
378 590 418 620 ct
437 578 619 637 petierat
644 593 667 618 a
689 575 911 626 Pontifice,
936 586 977 616 et
1005 576 1248 615 obtinuerat
1270 570 1607 630 suffraganeum,
1642 570 1849 630 assignata
1873 569 2014 612 eidem

165 660 352 703 congrua
375 660 426 685 ex
453 641 818 700 archiepiscopalis
842 655 996 681 mensae
1017 635 1336 696 proventibus¹.

225 712 330 751 Cum
348 710 433 763 jani
452 707 694 757 viderimus,
709 706 849 747 dilecti
869 704 962 745 Filii
983 702 1131 754 nostri,
1155 714 1197 744 et
1215 700 1486 743 Venerabiles
1503 702 1685 752 Fratres,
1710 700 1918 758 valdeque
1932 700 2014 741 mi-

166 775 246 815 rati
266 774 394 815 simus
423 771 637 813 decretam
666 771 787 812 isthic
819 785 906 811 esse
926 769 1235 826 proecipuorum
1261 765 1491 823 disciplinae
1515 765 1802 807 ecclesiasticae
1821 764 2017 807 articulo-

167 854 261 880 rum
286 836 644 886 immutationem,
659 834 963 892 suppressionis
980 848 1146 890 nempe,
1167 830 1397 881 divisionis,
1419 841 1461 872 et
1472 830 1698 872 erectionis
1711 829 2017 888 episcopalium

168 903 348 952 sedium,
373 917 449 943 nec
471 916 556 941 non
578 900 787 957 sacrilegae
808 898 1114 956 Episcoporum
1141 896 1372 951 electionis,
1401 911 1577 953 quaeque
1595 911 1644 936 ex
1666 896 1715 936 iis
1735 895 1892 937 damna
1911 910 2017 936 con-

169 977 411 1025 sequantur,
440 981 582 1006 nonne
609 964 722 1005 idem
747 964 803 1005 ob
829 963 998 1004 easdem
1018 963 1202 1003 rationes
1229 961 1499 1002 sentiendum
1528 961 1606 1002 erit
1642 959 1694 1001 de
1720 960 2019 1018 parochiarum

169 1030 555 1090 suppressionibus,
585 1040 632 1069 ut
663 1044 738 1069 vos
764 1027 845 1085 ipsi
874 1027 916 1067 in
939 1038 1074 1069 vestra
1106 1025 1371 1084 expositione
1402 1027 1491 1081 jam
1525 1024 1907 1067 animadvertistis?
1936 1024 2018 1066 Sed

169 1098 303 1138 facere
323 1111 407 1136 non
430 1109 665 1152 possumus,
694 1092 796 1150 quin
816 1092 885 1134 hic
908 1092 1202 1149 adjungamus,
1224 1090 1357 1148 quod,
1380 1101 1531 1148 praeter
1549 1089 1824 1132 commissum
1841 1089 2018 1147 provin-

169 1162 342 1203 cialibus
360 1159 638 1201 conventibus
653 1173 807 1199 munus
826 1156 1124 1206 distribuendi,
1147 1167 1274 1213 prout
1287 1155 1385 1213 ipsis
1401 1154 1538 1197 visum
1555 1155 1693 1205 fuerit,
1710 1170 1808 1196 suos
1825 1153 2020 1213 paroeciis

174 1227 292 1275 fines,
318 1225 361 1265 in
379 1224 606 1265 maximam
624 1223 712 1263 Nos
732 1223 858 1263 etiam
870 1220 1048 1262 adduxit
1071 1220 1397 1262 admirationem
1419 1219 1743 1262 innumerabilis
1761 1235 1905 1262 earum
1921 1235 2020 1277 sup-

174 1291 347 1348 pressio,
370 1304 463 1330 cum
482 1289 569 1344 jam
594 1287 818 1328 nationalis
845 1286 1077 1327 decreverit
1103 1296 1348 1338 conventus,
1374 1296 1420 1326 ut
1449 1286 1493 1326 in
1518 1284 1709 1335 urbibus,
1737 1295 1808 1326 aut
1831 1284 2016 1342 oppidis,

176 1356 217 1396 in
241 1354 394 1411 quibus
417 1369 486 1394 sex
506 1351 693 1410 capitum
714 1351 844 1392 millia
869 1350 1166 1392 tantummodo
1191 1361 1456 1405 censeantur,
1482 1366 1571 1392 non
1590 1349 1667 1390 nisi
1688 1365 1773 1390 una
1794 1347 2022 1390 constitue-

175 1431 288 1460 retur
304 1417 501 1476 paroecia.
517 1418 569 1457 Et
588 1432 672 1473 quo
686 1431 872 1473 unquam
890 1415 1021 1456 modo
1041 1431 1150 1456 unus
1167 1416 1374 1473 parochus
1388 1415 1580 1456 sufficere
1598 1425 1719 1455 tanto
1735 1412 1927 1455 curando
1939 1429 2021 1471 po-

175 1484 275 1541 pulo
298 1481 482 1541 poterit?
502 1482 640 1533 Quam
653 1479 707 1521 ad
728 1495 819 1521 rem
843 1490 1131 1536 opportunum
1154 1481 1223 1521 hic
1248 1480 1414 1521 videtur
1435 1480 1592 1521 referre
1617 1477 1877 1519 cardinalem
1905 1479 2023 1519 Con-

175 1547 327 1589 radum
353 1562 375 1587 a
403 1546 606 1603 Gregorio
628 1546 705 1594 IX,
737 1543 788 1584 ad
810 1543 1120 1601 praesidendum
1150 1543 1392 1585 Coloniensi
1421 1543 1594 1601 Synodo
1624 1543 1879 1600 delegatum,
1909 1541 2024 1584 hisce

175 1612 313 1654 verbis
336 1612 612 1667 interrogasse
637 1607 878 1665 quemdam,
908 1608 978 1664 qui
1005 1607 1149 1649 aderat
1169 1609 1418 1666 paroehum,
1447 1609 1601 1666 quique
1623 1609 1900 1649 vehementer
1919 1622 2022 1648 con-

175 1676 394 1726 tendebat,
412 1691 465 1716 ne
489 1674 587 1714 illuc
602 1675 765 1714 Fratres
789 1671 950 1713 ordinis
972 1672 1304 1714 Praedicatorum
1326 1673 1629 1715 inducerentur
1653 1689 1661 1711 :
1695 1693 1712 1708 «
1735 1673 1838 1725 Quis
1857 1682 1918 1714 est
1942 1687 2022 1712 nu-

181 1759 197 1778 «
234 1756 372 1781 merus
392 1739 615 1780 hominum
642 1738 686 1778 in
705 1736 888 1794 paroecia
914 1735 989 1776 tibi
1013 1736 1342 1778 subditorumP»
1370 1740 1476 1779 Cum
1497 1737 1565 1778 ille
1591 1753 1678 1779 esse
1708 1752 1863 1778 novem
1892 1735 2022 1778 millia

176 1804 477 1863 respondisset,
503 1813 593 1843 tum
617 1800 850 1842 Cardinalis
873 1800 1152 1842 admiratione
1170 1803 1316 1858 iraque
1337 1813 1595 1843 commotus:
1625 1823 1641 1837 «
1661 1802 1764 1854 Quis
1782 1817 1846 1853 es,
1871 1802 2023 1858 inquit,

181 1890 197 1905 «
236 1880 282 1910 tu
298 1867 548 1917 miserrime,
585 1867 657 1922 qui
680 1876 744 1906 tot
764 1864 948 1906 millibus
972 1864 1124 1906 sufficis
1150 1866 1336 1907 debitam
1357 1866 1674 1924 gubernationis
1698 1881 1841 1907 curam
1864 1865 2029 1923 impen-

184 1956 200 1970 α
237 1933 362 1974 dere?
386 1932 545 1981 Nescis,
570 1930 796 1971 hominum
821 1928 1119 1986 perditissime,
1147 1930 1244 1987 quia
1270 1930 1313 1971 in
1342 1930 1414 1971 illo
1442 1930 1574 1971 debes
1598 1930 1821 1971 tremendo
1847 1930 2023 1986 judicio,

184 2021 200 2035 t(
237 2009 331 2039 ante
352 1996 536 2037 tribunal
552 1995 718 2044 Christi,
744 1994 796 2035 de
816 1993 882 2034 his
898 1994 1096 2034 omnibus
1114 1995 1398 2052 respondere?
1421 1996 1474 2036 Et
1497 2006 1554 2045 tu,
1585 1995 1619 2036 si
1636 1994 1738 2036 tales
1760 1996 1893 2037 habes
1912 1995 2028 2037 vica-

181 2084 198 2099 «
238 2064 320 2103 rios
356 2063 536 2116 (Fratres
567 2058 904 2115 praedicatores),
924 2058 1173 2115 querularis,
1201 2060 1273 2116 qui
1297 2076 1403 2101 onus
1427 2071 1547 2100 tuum
1576 2060 1701 2117 gratis
1723 2059 1925 2110 relevent,
1951 2060 2028 2101 sub

183 2149 199 2164 «
242 2129 357 2183 cujus
381 2125 568 2183 pondere
599 2122 761 2165 nescius
794 2122 1082 2179 conquassaris
1113 2139 1121 2164 :
1148 2125 1246 2180 quia
1270 2125 1394 2182 igitur
1420 2140 1471 2166 ex
1498 2124 1578 2165 hac
1604 2124 1774 2181 querela
1804 2124 2029 2183 iudignum

186 2212 202 2227 «
238 2202 278 2231 te
303 2206 402 2231 cura
432 2188 679 2230 omnimode
702 2187 915 2242 judicasti,
945 2185 1042 2228 ideo
1067 2188 1188 2242 privo
1211 2199 1251 2229 te
1278 2191 1397 2230 omni
1418 2188 1629 2230 beneficio
1653 2189 1899 2247 pastorali².
1929 2211 1945 2226 n
1975 2191 2030 2231 Et

181 2256 371 2313 quamvis
388 2254 472 2294 illic
493 2253 543 2294 de
576 2267 732 2294 novem
751 2251 977 2292 hominum
993 2252 1178 2293 millibus
1199 2254 1416 2311 agebatur,
1434 2255 1503 2295 hic
1519 2269 1636 2304 vero,
1665 2252 1861 2294 nimirum
1877 2269 1901 2294 a
1925 2269 2028 2295 con-

180 2330 328 2362 ventus
353 2319 540 2369 decreto,
561 2333 632 2358 sex
653 2328 819 2357 tautum
833 2316 963 2356 millia
982 2316 1105 2357 unius
1132 2318 1305 2375 parochi
1323 2334 1435 2359 curae
1453 2318 1708 2371 tribuantur,
1735 2316 1870 2359 nihilo
1884 2328 2029 2361 tamen

182 2385 320 2426 minus
342 2384 431 2440 quis
455 2398 544 2423 non
568 2382 746 2422 fateatur
770 2381 899 2422 talem
923 2380 1050 2421 etiam
1087 2398 1309 2423 numerum
1332 2382 1458 2440 longe
1477 2382 1686 2440 longeque
1711 2383 1834 2424 unius
1854 2383 2031 2441 parochi

185 2450 291 2490 vires
318 2447 536 2495 excedere,
573 2461 620 2486 ac
642 2445 841 2502 consequi
864 2456 1085 2503 propterea
1109 2446 1278 2496 debere,
1315 2457 1361 2487 ut
1384 2447 1508 2487 multi
1528 2462 1580 2487 ex
1595 2446 1862 2504 parochianis
1886 2463 2031 2489 neces-

185 2512 292 2554 sario
313 2513 530 2570 priventur
554 2509 839 2567 spiritualibus
874 2509 1081 2561 subsidiis,
1110 2527 1187 2568 pro
1208 2511 1359 2567 quibus
1387 2510 1442 2552 ad
1471 2510 1701 2569 regulares,
1726 2512 1796 2569 qui
1812 2513 1902 2567 jam
1927 2528 2027 2570 sup-

184 2578 315 2635 pressi
335 2586 447 2628 sunt,
470 2574 699 2632 confugere
720 2589 808 2615 non
831 2574 1064 2614 valebunt?

245 2642 487 2682 Transimus
509 2640 595 2694 jam
623 2638 675 2679 ad
694 2639 909 2679 bonorum
933 2638 1302 2680 ecclesiasticorum
1329 2640 1610 2693 invasionem,
1638 2640 1691 2681 ad
1715 2641 1896 2683 alterum
1915 2641 2028 2684 scili-

186 2717 251 2748 cet
271 2720 461 2746 errorem
483 2702 659 2745 Marsilii
679 2702 883 2753 Patavini,
911 2713 952 2743 et
974 2703 1145 2743 Joannis
1166 2703 1218 2745 de
1235 2705 1430 2745 Janduno
1463 2704 1712 2747 damnatum
1746 2708 1790 2748 in
1821 2708 2029 2750 constitu-

186 2771 300 2812 tione
311 2769 482 2811 Joannis
495 2769 618 2809 XXII
632 2767 851 2825 ³,etlonge
871 2778 966 2808 ante
986 2766 1153 2809 decreto
1170 2768 1429 2810 S.B011ifacii
1446 2770 1463 2809 I
1483 2771 1620 2828 Papae,
1642 2787 1664 2812 a
1679 2772 1866 2829 pluribus
1883 2771 2025 2813 relat!

191 2853 212 2876 <c
245 2833 356 2877 Nulli
391 2835 488 2875 licet
516 2832 732 2891 ignorare,
771 2831 887 2888 quod
917 2847 1058 2882 omne,
1096 2832 1212 2888 quod
1248 2833 1431 2874 Domino
1454 2846 1747 2889 consecratur,
1790 2836 1875 2878 sive
1904 2835 2030 2877 fuerit

192 2917 214 2940 ((
248 2900 397 2949 homo,
421 2899 506 2939 sive
527 2896 696 2946 animal,
723 2895 806 2937 sive
829 2911 942 2953 ager,
968 2896 1032 2937 vel
1055 2896 1259 2954 quidquid
1281 2898 1406 2939 fuerit
1431 2899 1560 2940 semel
1580 2912 1886 2952 consecratum,
1907 2915 2029 2942 sanc-

197 2986 214 3002 «
249 2975 340 3005 tum
360 2973 601 3004 sanctorum
629 2959 709 3002 erit
731 2959 934 3013 Domino,
964 2971 1006 3002 et
1033 2961 1087 3001 ad
1105 2963 1170 3015 jus
1190 2961 1372 3019 pertinet
1397 2964 1679 3007 sacerdotum.
1712 2967 1890 3024 Propter
1912 2963 2030 3022 quod

240 3073 273 3105 1.
300 3067 505 3101 Benedictus
521 3066 623 3107 XIV,
643 3064 686 3098 de
705 3064 839 3111 Synod.
862 3063 981 3106 dioec.‚
1002 3065 1064 3100 lib.
1083 3066 1186 3108 XIII,
1203 3079 1280 3112 cap.
1304 3081 1354 3110 xx,
1374 3077 1416 3101 n0
1438 3072 1492 3104 12.

239 3120 274 3151 2.
301 3115 477 3149 Abraham
497 3115 603 3147 Bzov.
619 3114 746 3147 Annal.
762 3112 893 3147 Eccles.
915 3112 960 3145 ad
977 3125 1059 3148 ann.
1084 3116 1186 3155 1222,
1209 3114 1230 3160 S
1250 3117 1284 3156 6,
1306 3115 1390 3150 edit.
1412 3116 1556 3159 Colon.,
1577 3120 1682 3153 1621.

240 3167 273 3199 3.
302 3162 407 3208 Apud
426 3160 588 3195 Rainald.
603 3159 645 3193 ad
661 3172 742 3193 ann.
768 3162 869 3203 1327,
887 3168 928 3192 n⁰
950 3163 991 3195 28
1012 3173 1051 3194 ac
1073 3173 1143 3206 seq.

242 3214 276 3245 ¹1.
304 3208 411 3256 Apud
432 3208 627 3250 Constant„
647 3219 727 3253 pag.
751 3209 855 3249 1050,
873 3215 914 3240 n⁰
933 3210 967 3244 3.
