2135 3442
164 145 239 181 338
779 137 1095 175 ALLOCUTION
1122 138 1187 174 DE
1215 138 1294 175 ΡΪΕ
1323 139 1393 175 IX.

161 230 378 280 incertius,
409 238 557 286 utpote
586 242 678 284 quae
709 226 824 267 varia
856 237 919 267 est
947 242 1025 284 pro
1054 227 1324 284 ingeniorum
1341 225 1560 279 varietate,
1585 227 1902 286 innumerisque
1925 230 2004 272 fal-

162 296 278 338 laciis
299 305 341 337 et
365 292 592 353 praestigiis
622 290 827 333 obnoxia.
853 292 917 332 Ita
944 290 1117 348 quidem
1141 292 1296 347 rejecta
1317 290 1517 332 Ecclesiae
1537 291 1786 334 auctoritate
1806 293 2004 336 difficflli—

163 360 244 402 mis
264 359 516 418 quibusque,
539 355 856 413 reconditisque
877 355 1182 413 quaestionibus
1210 354 1442 397 latissimus
1470 355 1608 414 patuit
1641 372 1833 415 campus,
1868 360 2004 401 ratio-

164 441 246 481 que
274 426 461 466 humana
489 422 667 464 infirmis
697 421 781 463 suis
811 420 970 462 confisa
1003 420 1161 462 viribus
1190 421 1385 463 licentius
1413 437 1641 464 excurrens
1670 423 1934 481 turpissimos
1961 423 2002 465 in

163 505 331 533 errores
362 490 475 548 lapsa
506 499 585 538 est,
617 503 722 544 quos
748 486 818 527 hic
842 486 1001 527 referre
1019 502 1099 527 nec
1117 497 1239 528 vacat
1258 502 1337 528 nec
1362 486 1495 536 lubet,
1536 487 1693 545 quippe
1718 487 1840 529 vobis
1869 489 2005 547 probe

164 555 360 614 cognitos
388 566 513 611 atque
541 552 798 610 exploratos,
827 550 983 608 quique
1016 550 1060 592 in
1080 551 1316 609 Religionis
1351 563 1392 592 et
1427 550 1561 593 civilis
1590 552 1652 593 rei
1681 552 2002 603 detrimentum,

162 620 351 678 illudque
372 619 623 670 maximum,
636 616 952 659 redundarunt.
973 616 1265 669 Quamobrem
1284 616 1374 658 istis
1399 616 1664 668 hominibus,
1683 618 1753 676 qui
1769 618 1863 676 plus
1882 635 2005 676 aequo

162 685 273 727 vires
293 684 476 726 efferunt
494 685 691 724 humanae
715 680 908 731 rationis,
940 681 1164 723 ostendere
1194 693 1378 740 oportet,
1402 682 1528 739 plane
1562 681 1607 723 id
1630 698 1716 724 esse
1743 683 2006 726 contrarium

161 749 387 791 verissimae
407 748 467 789 illi
490 746 709 788 sententiae
726 744 924 787 Doctoris
946 745 1134 802 gentium
1153 764 1165 788 ε
1185 767 1201 782 ιι
1223 746 1264 787 Si
1283 746 1377 803 quis
1397 757 1517 804 putet
1539 762 1581 788 se
1600 746 1762 804 aliquid
1783 763 1888 799 esse,
1909 763 2006 790 cum

161 814 268 856 nihil
296 814 362 864 sit,
395 813 482 871 ipse
513 828 555 853 se
586 810 762 853 seducit.
798 830 816 847 »
844 810 1237 851 Demonstrandum
1272 810 1352 852 illis
1378 822 1440 852 est
1468 822 1637 868 quantae
1669 811 1722 853 sit
1754 812 2006 870 arrogantiae

160 878 444 937 pervestigare
467 876 683 935 mysteria,
711 891 803 932 quae
835 875 1022 917 revelare
1052 875 1179 916 nobis
1203 875 1400 933 dignatus
1421 887 1482 918 est
1502 877 1850 919 clementissimus
1871 879 2003 928 Deus,

162 944 396 1000 eademque
421 942 599 1000 assequi,
627 939 938 997 complectique
959 940 1117 982 audere
1139 941 1338 982 humanae
1367 941 1520 982 mentis
1550 941 1838 984 imbecillitate
1869 953 1910 984 et
1932 958 2007 984 an-

162 1008 322 1066 gustiis,
354 1024 450 1049 cum
477 1005 720 1048 lono-issime
743 1020 790 1046 ea
819 1004 928 1047 vires
952 1004 1160 1047 excedant
1187 1005 1321 1047 nostri
1361 1005 1613 1061 intellectus,
1639 1006 1783 1065 quiex
1814 1006 2006 1066 Apostoli

161 1073 349 1128 ejusdem
370 1072 483 1114 dicto
504 1040 775 1129 captivandus
796 1080 857 1110 est
880 1070 924 1111 in
948 1070 1202 1127 obsequium
1223 1069 1339 1112 fidei.

219 1381 357 1431 Atque
373 1368 619 1427 hujusmodi
639 1368 837 1409 humanae
866 1366 1044 1408 rationis
1075 1377 1315 1416 sectatores,
1339 1381 1412 1407 seu
1438 1365 1617 1407 cultores
1646 1365 1800 1424 potius,
1828 1365 1898 1422 qui
1914 1381 2006 1408 eam

160 1440 237 1483 sibi
261 1450 420 1481 certam
439 1435 566 1477 veluti
586 1433 829 1491 magistram
851 1442 1116 1490 proponunt,
1141 1433 1310 1488 ejusque
1334 1430 1464 1471 ductu
1483 1431 1615 1472 fausta
1629 1430 1708 1471 sibi
1729 1429 1873 1472 omnia
1885 1430 2010 1489 polli-

160 1516 322 1555 centur,
348 1501 470 1544 obliti
493 1511 603 1542 certe
622 1509 719 1539 sunt
739 1513 864 1554 quam
883 1513 1007 1554 grave
1031 1508 1073 1538 et
1092 1497 1289 1538 acerbum
1321 1512 1373 1538 ex
1401 1495 1523 1553 culpa
1545 1494 1673 1554 primi
1694 1494 1880 1553 parentis
1903 1494 2009 1537 inssi-

159 1582 274 1613 ctum
306 1567 358 1610 sit
379 1566 532 1607 vulnus
555 1566 752 1605 humanae
778 1572 956 1612 naturae,
985 1560 1142 1619 quippe
1175 1561 1291 1618 quod
1313 1572 1355 1602 et
1379 1559 1538 1602 obfusae
1571 1561 1758 1601 tenebrae
1791 1559 1938 1612 menti,
1967 1571 2009 1603 et

158 1650 295 1693 prona
314 1631 463 1674 effecta
485 1630 539 1670 ad
558 1628 716 1669 malum
732 1626 943 1667 voluntas.
966 1625 1078 1666 Hinc
1098 1625 1362 1666 celeberrimi
1387 1641 1437 1666 ex
1458 1623 1748 1681 antiquissima
1768 1635 1890 1666 aetate
1908 1624 2006 1682 phi-

159 1698 325 1757 losophi
342 1694 531 1754 quamvis
556 1692 689 1733 multa
706 1690 907 1748 praeclare
926 1688 1183 1746 scripserint,
1210 1689 1424 1730 doctrinas
1443 1700 1586 1730 tamen
1629 1705 1725 1730 suas
1757 1688 2007 1746 gravissimis

160 1764 374 1807 erroribus
395 1758 761 1808 contaminarunt,
780 1754 881 1795 hinc
902 1753 1117 1795 assiduum
1135 1753 1238 1794 illud
1253 1764 1464 1795 certamen
1490 1753 1608 1810 quod
1625 1753 1669 1794 in
1689 1753 1814 1795 nobis
1836 1754 2007 1811 experi-

159 1846 268 1879 mur,
296 1829 349 1869 de
371 1842 454 1883 quo
477 1823 663 1880 loquitur
684 1820 915 1878 Apostolus
937 1836 945 1859 z
971 1840 988 1854 «
1018 1818 1162 1859 Sentio
1187 1817 1231 1859 in
1253 1818 1457 1859 membris
1479 1818 1584 1859 meis
1605 1818 1743 1875 legem
1763 1832 2007 1877 repugnan-

159 1906 247 1936 tem
267 1891 352 1949 legi
376 1889 530 1931 mentis
558 1901 678 1927 meae.
723 1904 741 1920 »
778 1884 905 1925 Nunc
926 1882 1099 1940 quando
1133 1897 1185 1923 ex
1207 1882 1383 1939 originis
1406 1881 1501 1922 labe
1530 1881 1574 1922 in
1610 1883 1829 1924 universos
1852 1883 2007 1924 Adami

159 1970 351 2018 posteros
373 1962 607 2013 propagata
631 1959 907 1991 extenuatum
927 1963 1014 1988 esse
1041 1957 1203 1987 constet
1223 1945 1396 1987 rationis
1415 1945 1578 1996 lumen,
1607 1957 1647 1987 et
1671 1962 1721 1987 ex
1740 1946 1918 2004 pristino
1941 1949 2008 2003 ju-

161 2022 280 2065 stitiae
295 2032 421 2076 atque
443 2013 696 2058 innocentiae
717 2023 826 2054 statu
846 2011 1080 2053 miserrime
1097 2011 1303 2052 deciderit
1321 2010 1558 2051 humanum
1578 2026 1724 2068 genus,
1751 2012 1892 2068 ecquis
1910 2013 2007 2053 satis

161 2103 252 2129 esse
280 2084 489 2126 rationem
527 2081 653 2122 ducat
677 2077 728 2119 ad
762 2076 1069 2134 assequendam
1105 2075 1359 2117 veritatem?
1388 2076 1527 2133 ecquis
1560 2075 1603 2116 in
1634 2075 1761 2116 tantis
1791 2076 2001 2133 periculis,

162 2164 288 2209 atque
310 2151 353 2190 in
372 2159 488 2189 tanta
506 2145 661 2186 virium
684 2141 930 2184 infirmitate
948 2157 1002 2182 ne
1025 2141 1192 2182 labatur
1212 2151 1254 2182 et
1275 2151 1445 2182 corruat
1467 2140 1695 2181 necessaria
1710 2139 1790 2181 sibi
1807 2151 1931 2198 neget
1952 2139 2006 2182 ad

161 2217 339 2258 salutem
358 2211 572 2270 religionis
591 2209 760 2258 divinae,
789 2218 832 2248 et
848 2206 989 2264 gratiae
1006 2205 1181 2247 coelestis
1203 2205 1387 2246 auxilia?
1407 2221 1498 2262 quae
1520 2205 1693 2262 quidem
1712 2204 1866 2245 auxilia
1885 2205 2006 2246 beni-

161 2280 357 2340 gnissime
380 2278 427 2318 iis
449 2276 627 2333 largitur
641 2275 768 2323 Deus,
788 2272 858 2329 qui
878 2270 1030 2312 humili
1049 2286 1172 2329 prece
1187 2269 1338 2312 eadem
1353 2269 1561 2327 flagitant,
1583 2284 1680 2310 cum
1697 2269 1903 2327 scriptum
1925 2271 2000 2312 sit:

166 2367 183 2382 «
211 2347 324 2387 Deus
347 2342 539 2399 superbis
573 2337 741 2388 resistit,
769 2336 999 2377 humilibus
1029 2346 1172 2377 autem
1206 2335 1278 2376 dat
1299 2336 1492 2393 gratiam.
1523 2355 1541 2371 n
1578 2333 1743 2375 Idcirco
1780 2350 2004 2376 conversus

162 2411 265 2452 olim
288 2408 341 2450 ad
358 2409 529 2448 Patrem
559 2403 747 2444 Christus
776 2400 984 2443 Dominus
1015 2400 1215 2442 altissima
1235 2399 1462 2441 veritatum
1492 2414 1643 2440 arcana
1665 2399 1871 2456 patefacta
1887 2398 2003 2441 hand

161 2491 248 2517 esse
273 2472 498 2515 affirmavit
519 2467 796 2527 prudentibus
820 2477 863 2508 et
887 2465 1147 2523 sapientibus
1167 2465 1290 2519 hujus
1312 2464 1464 2517 steculi7
1495 2464 1567 2520 qui
1590 2463 1760 2520 ingenio
1787 2463 2002 2505 doctrina-

161 2555 242 2597 que
261 2554 334 2580 sua
355 2536 616 2593 superbiunt,
640 2544 680 2574 et
696 2543 894 2589 praestare
912 2541 1070 2588 negant
1086 2529 1337 2586 obsequium
1352 2528 1465 2578 fidei,
1490 2527 1562 2569 sed
1582 2543 1684 2570 vero
1705 2527 1936 2569 humilibus
1953 2544 2002 2570 ac

160 2602 418 2662 simplicibus
440 2599 701 2648 bominibus,
726 2596 796 2654 qui
821 2594 920 2637 fidei
945 2594 1097 2636 divinae
1115 2593 1286 2635 oraculo
1304 2593 1497 2633 nituntur
1513 2604 1555 2634 et
1575 2593 1897 2650 conquiescunt.
1921 2593 2000 2634 Sa-

160 2670 294 2711 lutare
313 2668 396 2707 boc
417 2664 724 2705 documentum
756 2677 906 2702 eorum
930 2659 1079 2701 animis
1095 2657 1312 2700 inculcetis
1341 2669 1528 2715 oportet,
1555 2658 1626 2716 qui
1650 2660 1845 2699 humanae
1866 2657 2000 2699 ratio-

160 2735 223 2775 nis
242 2732 326 2773 vim
347 2744 478 2787 usque
503 2728 608 2769 adeo
634 2737 908 2784 exaggerant,
939 2724 1050 2765 illius
1073 2735 1120 2765 ut
1152 2738 1232 2781 ope
1255 2725 1452 2781 mysteria
1474 2725 1561 2782 ipsa
1600 2724 1778 2765 scrutari
1816 2723 2000 2765 audeant

159 2811 283 2857 atque
300 2795 525 2853 explicare,
550 2808 635 2848 qno
654 2791 759 2831 nihil
782 2789 980 2848 ineptius,
1007 2788 1115 2829 nihil
1130 2787 1331 2829 insanius.
1359 2790 1572 2830 Revocare
1595 2789 1688 2829 illos
1708 2787 1954 2830 contendite
1974 2803 1997 2828 a

159 2874 277 2906 tanta
293 2860 448 2903 mentis
467 2856 755 2917 perversitate,
777 2865 1040 2913 exponentes
1056 2853 1256 2894 nimirum
1279 2853 1388 2894 nihil
1411 2870 1498 2896 esse
1517 2853 1797 2913 praestabilius
1815 2868 1836 2893 a
1855 2851 1999 2910 provi-

160 2928 303 2970 dentia
318 2925 397 2968 Dei
413 2937 662 2966 concessum
686 2920 949 2972 hominibus,
973 2934 1101 2976 quam
1121 2917 1218 2959 fidei
1242 2917 1393 2959 divinae
1410 2919 1719 2969 anctoritatem,
1745 2919 1854 2959 hanc
1871 2917 1996 2958 nobis

159 3009 248 3036 esse
273 2990 392 3050 quasi
423 2990 556 3031 facem
578 2988 621 3027 in
651 2983 850 3035 tenebris,
874 2985 984 3025 hanc
1015 2983 1166 3024 ducem
1197 2999 1324 3040 quam
1361 2999 1588 3041 sequamur
1625 2984 1679 3025 ad
1709 2982 1854 3033 vitam,
1884 2983 1996 3022 hanc

158 3056 440 3100 necessariam
459 3067 631 3113 prorsus
652 3065 740 3092 esse
767 3049 821 3090 ad
840 3049 1030 3098 salutem,
1061 3058 1208 3105 utpote
1229 3047 1344 3105 quod
1370 3069 1387 3083 «
1423 3048 1511 3091 sine
1534 3049 1617 3091 fide
1651 3045 1908 3106 impossibile
1932 3055 1994 3085 est

156 3123 321 3181 placere
336 3123 444 3173 Deo,
470 3131 511 3162 et
530 3117 601 3177 qui
622 3131 710 3158 non
728 3112 960 3156 crediderit
979 3111 1351 3155 condemnabitur.
1380 3134 1398 3150 »
