2135 3442
181 154 231 187 (3:”3
896 147 1021 183 BREF
1052 145 1115 181 DE
1144 145 1221 180 PIE
1249 144 1315 179 VI.

181 238 372 296 pliniana,
398 235 471 276 sed
498 246 540 276 et
563 234 641 276 alia
671 249 757 275 non
783 248 917 291 pauca
942 231 984 273 in
1012 231 1269 272 eversionem
1294 228 1405 285 puri,
1430 226 1788 285 immutabilisque
1821 227 2032 286 dogmatis

183 311 486 360 congeruntur,
516 311 562 341 ut
586 300 792 341 hactenus
825 297 1218 339 demonstravimus.
1242 295 1319 334 Ast
1340 302 1385 332 ut
1408 291 1461 332 de
1484 290 1704 348 disciplina
1726 307 1913 350 agamus,
1937 292 2030 350 quis

184 382 370 424 unquam
390 376 452 406 est
478 365 587 405 inter
611 364 854 413 catholicos,
876 363 946 420 qui
975 360 1156 401 affirmet
1179 357 1443 416 disciplinam
1468 355 1793 398 ecclesiasticam
1817 357 2030 399 immutari

183 448 206 473 a
229 430 344 472 laicis
370 430 522 488 posse?
549 431 656 470 Cum
686 429 773 486 ipse
802 427 930 469 etiam
955 426 1101 467 Petrus
1132 424 1183 465 de
1205 423 1351 464 Marca
1382 421 1579 471 fateatur,
1609 419 1725 478 quod
1744 420 1755 441 ¹
1781 420 1834 462 de
1861 422 2027 471 ritibus,

184 495 452 542 ceremoniis,
479 493 766 542 sacramentis,
798 513 812 527 «
837 491 938 532 cleri
955 505 1146 537 censura,
1168 486 1500 537 conditionibus,
1523 497 1566 527 et
1588 484 1824 542 disciplina,
1848 501 2032 528 canones

188 583 202 594 ιι
247 576 270 600 a
293 558 492 601 Conciliis
517 570 558 598 et
583 558 751 599 decreta
771 573 792 598 a
819 554 1095 597 Pontificibus
1115 551 1320 594 Romanis
1338 562 1541 608 tanquam
1563 550 1616 592 de
1638 551 1814 592 materia
1835 551 1914 592 sibi
1932 552 2034 592 sub-

188 646 201 658 «
238 625 350 679 jecta
378 623 711 678 frequentissime
735 621 935 671 edantur3
964 629 1005 659 et
1024 619 1091 658 vix
1116 617 1200 657 ulla
1228 616 1411 674 proferri
1442 617 1574 674 possit
1605 616 1848 657 constitutio
1876 616 2034 673 princi-

243 704 362 746 pum,
380 703 470 744 quae
492 688 570 727 liae
591 685 644 727 de
679 701 724 726 re
751 685 834 725 lata
860 684 984 724 fuerit
1001 698 1052 723 ex
1073 697 1190 722 mero
1212 680 1432 738 potestatis
1451 681 1660 722 saecularis
1684 681 1878 738 imperio.
1902 680 2033 722 Secu-

191 774 208 788 «
247 763 308 794 tas
332 752 504 808 quidem
527 752 606 792 hac
629 750 672 790 in
692 759 811 807 parte
836 749 948 805 leges
967 746 1156 804 publicas
1172 745 1380 798 videmus,
1403 744 1478 787 sed
1501 761 1588 786 non
1610 745 1892 787 antecessisse.
1922 765 1939 780 »

243 816 406 857 Deinde
435 831 530 856 cum
558 831 671 856 anno
703 817 831 864 1560,
857 812 1034 853 facultas
1058 811 1300 851 Parisiensis
1325 810 1380 851 ad
1403 825 1581 851 examen
1605 808 1851 852 adduxisset
1875 826 1924 851 ea
1943 825 2037 868 quae

184 880 434 922 Franciscus
470 879 716 920 Grimaudet
742 877 968 918 advocatus
1002 874 1139 932 regius
1167 874 1368 915 retulerat
1399 874 1453 915 ad
1480 886 1740 915 conventum
1759 907 1768 925 ,
1808 891 1879 916 seu
1910 886 2038 917 status

186 944 298 1002 apud
319 944 647 1001 Andegavenses
675 943 896 992 collectos,
931 941 1041 981 inter
1070 938 1223 980 multas
1245 939 1561 997 propositiones
1593 941 1646 980 ab
1680 941 1770 997 ipsa
1791 941 2039 998 reprobatas

186 1025 364 1066 sequens
388 1010 512 1049 etiam
544 1014 591 1049 11⁰
613 1012 638 1049 6
662 1007 872 1064 reperitur
896 1023 905 1046 :
946 1025 961 1041 «
993 1004 1235 1046 Secundum
1260 1016 1464 1062 punctum
1483 1004 1699 1062 religionis
1719 1005 1844 1046 estin
1867 1005 2039 1062 politica

191 1095 206 1109 «
237 1085 278 1115 et
299 1073 517 1130 disciplina
542 1071 807 1120 sacerdotali,
830 1071 872 1111 in
896 1086 981 1127 quo
1007 1086 1124 1127 reges
1148 1081 1190 1111 et
1207 1069 1420 1127 principes
1438 1069 1651 1111 christiani
1670 1070 1829 1111 habent
1848 1080 2040 1127 potesta-

192 1159 207 1172 α
235 1149 321 1178 tem
344 1137 461 1177 illam
483 1136 707 1185 statuendi,
734 1134 978 1184 ordinandi,
1003 1133 1285 1191 eamdemque
1317 1145 1561 1192 corruptam
1593 1133 1869 1175 reformandi.
1895 1155 1912 1171 »
1939 1135 2039 1176 Haec

188 1201 425 1259 propositio
461 1213 521 1242 est
555 1201 674 1250 falsa,
715 1199 996 1253 schismatica,
1028 1199 1250 1257 potestatis
1272 1199 1543 1241 ecclesiaticae
1564 1200 1817 1249 enervativa,
1841 1209 1883 1240 et
1901 1199 2039 1241 haere-

189 1267 283 1316 tica,
312 1277 353 1307 et
377 1266 649 1323 probationes
675 1265 729 1305 ad
749 1264 866 1304 illam
893 1275 990 1305 sunt
1013 1263 1334 1321 impertinentes
1359 1263 1391 1305 ².
1422 1264 1635 1306 Praeterea
1670 1275 1835 1304 certum
1864 1264 2040 1306 omnino

188 1342 249 1371 est
273 1330 535 1387 disciplinam
556 1346 641 1370 nou
661 1344 784 1386 posse
806 1340 963 1370 temere
986 1339 1026 1369 et
1055 1345 1134 1386 pro
1155 1329 1327 1369 arbitrio
1350 1328 1526 1382 variari,
1551 1328 1585 1370 si
1605 1328 1778 1385 quidem
1803 1329 1888 1370 duo
1907 1330 2041 1386 prima

189 1394 409 1436 catholicae
432 1394 626 1434 Ecclesiae
647 1393 808 1433 lumina
832 1393 874 1434 S.
897 1393 1156 1450 Augustinus
1173 1393 1203 1443 ³,
1233 1404 1274 1434 et
1294 1394 1337 1434 S.
1364 1393 1554 1434 Thomas
1575 1394 1764 1450 Aquinas
1786 1392 1798 1414 ⁶
1824 1394 2044 1451 perspicue

191 1459 346 1500 docent
366 1459 561 1499 materias
581 1457 635 1498 ad
657 1456 922 1514 disciplinam
947 1468 1183 1514 spectantes
1202 1457 1428 1498 variandas
1454 1473 1541 1498 non
1560 1472 1665 1511 esse,
1692 1457 1771 1499 nisi
1791 1473 1843 1499 ex
1859 1459 2044 1500 necessi-

188 1534 288 1572 tate,
309 1523 375 1563 vel
396 1537 549 1579 magna
569 1521 769 1570 utilitate,
803 1523 1007 1577 quoniam
1032 1523 1211 1562 mutatio
1242 1521 1582 1573 consuetudinis,
1605 1524 1733 1564 etiam
1757 1537 1852 1579 quae
1873 1522 2046 1578 adjuvat

191 1587 384 1636 utilitate,
403 1587 590 1626 novitate
615 1585 836 1642 perturbat
858 1600 867 1625 :
896 1605 913 1620 «
933 1595 973 1624 et
995 1601 1084 1626 non
1109 1586 1268 1626 debent
1287 1587 1441 1626 mutari
1465 1586 1651 1641 (subjicit
1672 1588 1762 1645 ipse
1785 1587 1828 1628 S.
1842 1588 2046 1644 Thomas)

202 1674 216 1685 ιι
250 1652 295 1691 ni
315 1666 367 1691 ex
401 1649 480 1690 alia
503 1660 622 1706 parte
643 1659 809 1690 tantum
833 1660 1210 1705 recompensentur
1236 1651 1454 1691 communi
1478 1651 1619 1701 saluti,
1655 1662 1865 1708 quantum
1897 1668 1947 1693 ex
1968 1653 2044 1693 ista

196 1736 212 1751 «
238 1727 355 1772 parte
380 1715 621 1771 derogatur.
654 1734 668 1749 υ
696 1714 879 1754 Romani
900 1714 1126 1755 Pontifices
1148 1725 1316 1755 tantum
1337 1715 1472 1765 abest,
1501 1727 1546 1756 ut
1570 1715 1834 1774 disciplinam
1856 1733 2044 1774 unquam

196 1789 531 1836 corrumperent,
568 1788 615 1818 ut
650 1778 846 1818 eamdem
874 1793 925 1817 ex
945 1777 1098 1818 collata
1121 1777 1200 1818 sibi
1221 1794 1245 1818 a
1268 1780 1358 1819 Deo
1379 1781 1627 1820 auctoritate
1651 1782 1695 1820 in
1726 1780 2047 1823 aedificationem

196 1843 404 1892 Ecclesiae,
436 1843 656 1884 meliorem
690 1843 1012 1897 suavioremque
1041 1856 1209 1900 semper
1232 1843 1478 1894 redderent,
1507 1855 1656 1885 contra
1685 1860 1812 1901 quam
1847 1847 1901 1887 ab
1932 1846 2051 1888 istius

195 1918 429 1948 conventus
451 1906 658 1947 membris
682 1905 882 1948 effectum
911 1922 1000 1948 esse
1024 1906 1236 1960 dolemus,
1264 1919 1310 1949 ut
1335 1924 1385 1950 ex
1406 1909 1581 1967 singulis
1607 1924 1755 1950 eorum
1779 1909 2049 1953 decretorum

195 1971 394 2023 articulis,
422 1987 518 2011 cum
541 1971 736 2012 Ecclesiae
762 1970 982 2028 disciplina
1002 1972 1275 2029 comparatis,
1300 1972 1423 2014 facile
1448 1972 1799 2030 deprehenditur.

255 2099 337 2141 Sed
356 2100 601 2157 priusquam
625 2099 822 2140 articulos
847 2100 975 2142 hosce
1003 2100 1273 2159 attingamus,
1298 2102 1644 2160 praemittendum
1674 2104 1884 2157 ducimus,
1910 2121 2047 2162 quan-

196 2176 286 2206 tum
307 2179 414 2221 saepe
435 2163 651 2220 disciplina
675 2165 883 2205 cohaereat
907 2164 1110 2223 dogmati,
1133 2176 1176 2207 et
1193 2166 1247 2206 ad
1271 2167 1359 2221 ejus
1378 2167 1571 2225 puritatis
1594 2170 1960 2211 conservationem
1985 2172 2048 2212 in-

196 2229 312 2279 fluat,
342 2244 509 2269 necnon
540 2244 665 2284 quam
697 2244 848 2285 parum
874 2229 1066 2271 utilitatis
1093 2230 1323 2282 attulerint,
1355 2243 1397 2273 et
1423 2247 1551 2288 quam
1575 2232 1692 2274 brevi
1723 2243 1916 2290 tempore
1945 2251 2046 2293 per-

198 2294 392 2335 durarint
433 2293 688 2333 variationes
720 2308 743 2333 a
774 2294 977 2334 Romanis
1006 2294 1282 2337 Pontificibus
1317 2312 1368 2337 ex
1393 2297 1680 2355 indulgentia,
1709 2299 1898 2354 quamvis
1928 2316 2042 2352 raro,

194 2360 421 2415 permissae.
448 2358 509 2397 Ac
530 2357 722 2414 profecto
743 2373 856 2398 sacra
877 2358 1065 2399 Concilia
1085 2359 1275 2416 pluribus
1302 2362 1345 2401 in
1375 2362 1540 2402 casibus
1562 2361 1795 2419 discipliuae
1819 2363 2046 2408 violatores

197 2423 249 2463 ab
270 2421 465 2464 Ecclesiae
486 2422 785 2462 communione
802 2437 876 2478 per
899 2424 1124 2464 anathema
1141 2437 1404 2481 separarunt.
1420 2425 1777 2482 Quandoquidem
1796 2427 1838 2469 in
1854 2430 2045 2472 Concilio

196 2487 401 2529 Trullano
428 2486 442 2508 ⁵
468 2484 625 2525 inflicta
651 2485 729 2526 fuit
758 2489 1210 2529 excommunicationis
1229 2505 1355 2546 poena
1379 2489 1427 2530 iis
1451 2491 1523 2546 qui
1548 2489 1852 2534 suffocatorum
1877 2496 2042 2536 anima-

196 2551 299 2591 lium
320 2549 571 2608 sanguinem
595 2550 859 2591 comederint
883 2569 891 2591 :
926 2573 942 2588 «
964 2552 1006 2592 Si
1030 2553 1122 2608 quis
1143 2552 1344 2611 deinceps
1369 2554 1616 2596 animalium
1629 2558 1877 2614 sanguinem
1897 2561 2044 2616 quovis

201 2635 219 2651 «
247 2615 378 2657 modo
408 2614 629 2656 comedere
665 2615 946 2672 aggrediatur,
984 2616 1017 2656 si
1047 2616 1100 2657 sit
1120 2616 1290 2673 quidem
1322 2617 1509 2669 clericus,
1544 2619 1799 2676 deponatur,
1839 2623 1871 2663 si
1901 2635 2042 2666 autem

202 2703 218 2717 «
247 2681 389 2729 laicus,
413 2689 672 2736 segregetur.
702 2700 718 2714 »
743 2680 884 2721 Multis
909 2680 950 2720 in
973 2680 1076 2721 loeis
1100 2681 1348 2723 Tridentina
1370 2684 1568 2740 Synodus
1592 2687 1852 2728 anathemati
1875 2689 2042 2745 subjicit

198 2743 486 2786 ecclesiastiea>
511 2742 739 2800 disciplinae
762 2744 1093 2801 impugnatores.
1114 2745 1225 2786 Nam
1250 2762 1344 2787 can.
1372 2752 1414 2799 9,
1445 2763 1548 2790 sess.
1578 2753 1647 2800 13,
1675 2751 1726 2792 de
1744 2752 2039 2806 Eucharistia,

198 2808 348 2866 infligit
368 2823 537 2865 poenam
563 2807 843 2850 anathematis
872 2808 929 2849 illi
957 2810 1027 2866 qui
1060 2831 1077 2845 «
1109 2811 1324 2866 negaverit
1350 2827 1496 2853 omncs
1521 2825 1562 2855 et
1584 2816 1771 2873 singulos
1792 2817 2041 2859 christifide-

204 2896 220 2910 «
247 2874 309 2915 les
331 2873 546 2930 utriusque
575 2887 711 2922 sexus,
738 2888 831 2914 cum
865 2874 919 2915 ad
949 2890 1082 2915 annos
1107 2874 1368 2917 discretionis
1392 2881 1684 2935 pervenerint,
1712 2884 1847 2924 teneri
1868 2883 2039 2941 singulis

273 3032 282 3041 .
308 3008 360 3040 De
375 3005 552 3040 Concord.
571 3005 739 3041 sacerdot.
760 3014 793 3039 et
812 3007 952 3052 imper.,
974 3008 1035 3042 lib.
1057 3008 1106 3047 II,
1124 3020 1235 3053 c.v11,
1258 3022 1356 3046 num.
1373 3014 1407 3046 8.

309 3054 426 3088 Carol,
443 3052 661 3098 d’Argentre,
682 3054 827 3087 Collect.
843 3053 1027 3099 judicior.‚
1048 3064 1133 3089 tom.
1153 3056 1201 3099 11,
1223 3069 1320 3101 oper.
1345 3059 1450 3092 Paris.
1472 3063 1575 3102 1728,
1593 3074 1673 3109 pao,
1696 3065 1779 3104 291,
1796 3063 1833 3096 ᾗ)
1852 3063 1914 3098 ΗΒ,

275 3127 282 3134 .
311 3101 422 3145 Epist.
439 3103 497 3140 54,
516 3099 561 3133 ad
577 3101 671 3141 Jan.,
687 3113 764 3146 cap.
784 3113 818 3141 v,
838 3109 923 3134 tom.
943 3102 993 3147 11,
1014 3115 1112 3148 oper.
1133 3101 1217 3136 edit.
1237 3104 1389 3148 Maurin,
1408 3119 1487 3152 pag.
1512 3111 1591 3144 126.
1640 3089 1659 3109 ⁰

308 3148 424 3181 Prima
442 3146 602 3180 secundae
622 3156 734 3191 quest.
754 3150 812 3189 97,
831 3156 895 3182 art.
916 3151 950 3184 2,

273 3221 281 3229 .
309 3195 395 3229 Can.
418 3197 475 3235 67,
495 3194 531 3226 in
547 3194 688 3228 Collect.
709 3195 841 3236 Labbe,
856 3204 940 3228 tom.
965 3196 1050 3237 VII,
1072 3209 1151 3242 pag.
1177 3200 1277 3232 1373,
