2135 3442
733 247 842 282 XVII
872 245 1149 283 DECEMBRIS
1177 243 1513 280 MDCCCXLVIII.

511 469 577 537 S.
628 468 694 536 S.
745 466 1054 533 DOMINI
1111 462 1425 532 NOSTRI
1483 462 1605 529 PII
1655 462 1741 529 IX

939 624 1306 675 ALLocUTIO

586 775 632 800 IN
671 774 939 800 CONSISTOMO
982 780 1024 807 17
1061 773 1295 799 DECEMBRIS
1335 768 1439 803 1848
1475 770 1648 797 HABITA.

880 894 924 933 V
923 893 1156 933 enerabiles
1176 893 1367 941 Fratres,

267 1006 347 1046 Ubi
370 1006 555 1062 primum
577 1003 699 1044 nullis
723 1014 833 1044 certe
851 1004 1018 1045 Nostris
1035 1003 1210 1053 meritis,
1240 1003 1313 1044 sed
1336 1002 1594 1044 inscrutabili
1623 1003 1699 1044 Dei
1718 1000 1876 1058 judicio
1898 1002 1941 1042 in
1963 1003 2042 1045 hac

204 1070 414 1127 Principis
452 1068 757 1126 Apostolorum
792 1069 1002 1109 Cathedra
1040 1068 1237 1109 collocati
1279 1067 1493 1108 catholicae
1531 1066 1726 1109 Ecclesiae
1761 1067 2044 1125 gubernacula

204 1134 424 1177 tractanda
455 1133 735 1190 suscepimus,
774 1133 1025 1190 Apostolicae
1055 1133 1222 1174 Nostrae
1252 1132 1543 1174 sollicitudinis
1575 1148 1694 1174 curas
1728 1133 1771 1173 in
1800 1133 2046 1189 Hispaniam

204 1198 503 1247 convertimus,
522 1196 884 1254 quemadmodum
902 1197 1062 1254 optime
1076 1197 1264 1247 noscitis,
1285 1197 1560 1238 Venerabiles
1569 1198 1754 1239 Fratres.
1771 1196 1880 1238 Hi'nc
1897 1197 2045 1238 intimo

203 1264 344 1305 Nostri
365 1263 503 1304 cordis
533 1261 679 1302 dolore
699 1262 1014 1303 considerantes
1038 1261 1281 1319 gravissima
1302 1261 1472 1311 damna,
1497 1262 1646 1319 quibus
1667 1263 1723 1302 ob
1750 1262 1888 1303 tristes
1905 1277 2047 1303 rerum

203 1327 505 1368 vicissitudines
530 1342 685 1384 magna
708 1327 778 1368 illa
808 1327 966 1384 inclyta
995 1326 1207 1368 Dominici
1230 1326 1366 1385 gregis
1395 1327 1535 1384 portio
1555 1327 1841 1384 premebatur,
1875 1325 2049 1368 divitem

204 1391 246 1433 in
269 1391 554 1433 misericordia
580 1393 719 1432 Deum
751 1391 925 1432 assiduis
955 1391 1174 1448 enixisque
1203 1391 1400 1449 precibus
1429 1390 1644 1432 humiliter
1671 1392 1892 1432 obsecrare
1919 1406 2047 1432 num-

205 1472 332 1513 quam
350 1456 601 1505 destitimus,
629 1467 674 1496 ut
695 1455 858 1497 afflictis
882 1455 960 1497 illis
979 1456 1172 1497 Ecclesiis
1192 1472 1317 1513 opem
1339 1454 1507 1505 afferre,
1523 1471 1673 1513 easque
1693 1472 1714 1496 a
1729 1455 1881 1496 misera
1898 1456 1943 1496 in
1963 1471 2049 1512 quo

203 1522 479 1563 versabantur
501 1531 610 1562 statu
632 1536 830 1562 revocare
857 1520 1116 1578 dignaretur.
1142 1524 1278 1577 Atque
1303 1536 1380 1578 pro
1407 1520 1642 1578 Apostolici
1659 1520 1806 1562 Nostri
1829 1519 2048 1562 ministerii

206 1585 301 1628 deb
274 1598 368 1636 uto,
398 1596 440 1627 et
471 1585 670 1643 5111(1111311
698 1597 884 1642 pateinae
914 1597 1031 1626 cant
1022 1597 1097 1626 1115
1132 1584 1300 1634 affectu,
1336 1600 1421 1641 quo
1452 1586 1657 1627 illustlem
1686 1585 1804 1626 illam
1830 1584 2049 1626 nationem

204 1666 514 1708 p1osequ1mur
544 1649 647 1690 nihil
666 1661 777 1692 certe
796 1650 932 1690 Nobis
950 1649 1091 1708 potius
1111 1649 1203 1699 fuit,
1230 1666 1357 1706 quam
1380 1662 1425 1690 ut
1457 1649 1724 1691 sanctissimae
1753 1661 1904 1691 nostrae
1929 1649 2048 1691 Reli-

205 1715 340 1773 gionis
370 1714 539 1773 negotia
575 1714 632 1755 ibi
662 1730 920 1771 eomooneie
955 1715 1233 1756 studeremus.
1271 1715 1378 1755 Cum
1409 1725 1551 1755 autem
1581 1714 1713 1755 felicis
1742 1713 2049 1756 iecordationis

205 1753 449 1837 8Γ6ςο11115ὃ
462 1780 561 1820 XVI
590 1779 1054 1820 Ρ16ἀ16655ο1ῗῖ05ῖ61
1083 1778 1306 1831 incepisset
1330 1777 1410 1819 51115
1433 1778 1639 1819 instruere
1672 1778 1915 1820 Pastoribus
1939 1794 2048 1819 non-

206 1844 342 1885 11111135
365 1844 473 1885 1111115
491 1843 628 1901 Regni
650 1843 858 1884 Dioeceses
882 1843 926 1884 in
949 1843 1104 1884 dissitis
1127 1842 1418 1883 transmarinis
1438 1842 1683 1901 regionibus
1707 1844 1823 1893 sitas,
1844 1842 1888 1883 in
1910 1843 1954 1884 id
1972 1858 2048 1900 pe-

207 1909 380 1952 culiares
409 1910 581 1951 Nostras
606 1925 725 1951 curas
756 1908 1036 1957 intendimus,
1071 1920 1116 1949 ut
1145 1908 1233 1950 aliis
1263 1908 1450 1966 pluribus
1476 1907 1604 1966 ipsius
1632 1908 1767 1965 Regni
1798 1907 2050 1949 vacantibus

206 1975 458 2017 Ε66165115111
479 1974 713 2016 continenti
737 1974 863 2016 etiam
884 1974 1029 2032 positis
1047 1990 1178 2015 novos
1194 1974 1432 2015 valeremus
1453 1974 1553 2014 dare
1569 1971 1784 2013 Antistites
1805 1987 1856 2013 eo
1874 1987 2050 2015 munere

208 2040 376 2097 dignoS,
404 2051 527 2096 atque
550 2039 606 2080 ita
625 2039 823 2097 perficere
844 2039 957 2096 quod
979 2041 1081 2080 item
1102 2041 1305 2080 Decessor
1321 2039 1474 2079 Noster
1493 2049 1629 2079 morte
1653 2048 1888 2095 praeventus
1906 2037 2049 2078 absol-

207 2121 304 2147 vere
330 2104 502 2145 minime
529 2116 739 2162 potuerat.
770 2105 1059 2157 Quamobrem
1084 2103 1385 2145 Venerabilem
1414 2103 1605 2144 Fratrem
1634 2104 1841 2143 loannem
1872 2100 2049 2143 Archie-

207 2170 427 2228 piscopum
448 2169 880 2219 Thessalonicensem,
908 2171 1046 2210 virum
1071 2169 1326 2227 integritate,
1350 2167 1555 2218 doctrina,
1579 2165 1820 2225 prudentia,
1842 2181 1889 2206 36
1909 2181 2051 2207 rerum

209 2234 491 2294 gerendarum
511 2235 659 2291 peritia
683 2245 968 2291 proestantem,
996 2250 1091 2274 611111
1111 2234 1276 2274 Nostris
1297 2233 1350 2273 ad
1371 2232 1626 2274 carissimam
1648 2233 1690 2272 in
1715 2230 1879 2271 Christo
1900 2229 2051 2271 Filiam

209 2300 405 2342 Nostram
436 2299 617 2339 Mariam
644 2299 858 2340 Elisabeth
884 2298 1091 2357 Reginam
1131 2298 1389 2339 Catholicam
1418 2296 1605 2347 Litteris,
1641 2306 1764 2352 atque
1801 2296 2050 2352 opportunis

209 2364 476 2405 facultatibus
490 2374 531 2404 et
551 2363 895 2405 instructionibus
918 2363 961 2404 in
979 2363 1230 2420 Hispaniam
1247 2362 1452 2413 misimus,
1476 2373 1520 2402 ut
1540 2358 1746 2417 quidquid
1770 2359 1824 2400 ad
1844 2359 2050 2401 sanandas

211 2428 315 2469 inibi
340 2427 614 2469 contritiones
636 2428 776 2477 Israel,
808 2439 932 2485 atque
956 2427 1010 2468 ad
1033 2427 1248 2468 catholicae
1271 2426 1504 2483 Religionis
1526 2424 1687 2465 bonum
1711 2424 2051 2481 promovendum

212 2493 482 2542 conduceret,
528 2492 642 2533 omni
678 2492 816 2533 studio
849 2503 1029 2542 curaret,
1057 2503 1178 2549 atque
1206 2494 1317 2532 inter
1349 2491 1429 2532 alia
1461 2488 1647 2531 efficeret
1677 2499 1723 2529 ut
1752 2488 1944 2530 viduatas
1968 2489 2052 2530 illic

212 2557 415 2599 Ecclesias
440 2557 603 2598 idoneis
631 2557 874 2598 Pastoribus
899 2555 1265 2598 concrederemus.
1293 2557 1438 2612 Itaque
1462 2553 1788 2595 clementissimo
1809 2554 2050 2595 misericor-

214 2622 380 2664 diarum
398 2623 519 2663 Patre
545 2623 649 2662 votis
673 2622 898 2678 studiisque
913 2620 1075 2663 Nostris
1095 2619 1327 2677 opitulante
1346 2619 1498 2668 evenit,
1519 2629 1566 2658 ut
1580 2634 1743 2659 summa
1765 2618 1893 2660 animi
1909 2618 2052 2660 Nostri

214 2686 503 2729 consolatione
521 2686 763 2738 nonnullos,
787 2686 918 2727 veluti
941 2686 1086 2735 nostis,
1114 2684 1156 2724 in
1177 2684 1257 2724 illis
1281 2682 1523 2741 regionibus
1548 2682 1765 2725 Antistites
1783 2685 1873 2739 jam
1894 2683 2050 2725 consti—

213 2763 330 2794 tuere
349 2752 625 2809 potucrimus‚
649 2762 770 2807 atque
795 2750 839 2791 in
858 2751 1075 2807 piaesentia
1102 2748 1254 2789 multas
1284 2748 1382 2788 aliis
1403 2747 1702 2805 Hispaniarum
1721 2747 1990 2790 Cathedrales
2010 2757 2051 2788 et

214 2815 566 2874 Metropolitanas
587 2815 792 2856 Ecclesias
817 2814 889 2855 diu
910 2830 1007 2856 1361
1017 2824 1106 2855 ntes
1129 2813 1334 2854 canonico
1356 2828 1528 2852 suorum
1552 2813 1777 2854 Pastorum
1795 2809 1988 2870 regimini
2010 2820 2051 2851 et

214 2881 503 2941 procurationi
532 2880 720 2933 tiadere,
758 2891 882 2936 atque
906 2880 963 2919 ita
997 2878 1126 2919 divini
1156 2875 1351 2917 Nominis
1384 2877 1541 2933 (101*131,
1575 2877 1789 2919 catholicae
1820 2873 2050 2933 Religionis

215 2948 348 2999 bono,
374 2961 421 2986 36
439 2943 642 3002 spilituali
661 2944 826 2985 illarum
847 2943 1092 2985 dilectarum
1115 2941 1260 2983 mium
1283 2941 1403 2982 saluti
1430 2909 1646 2984 consiileie
1669 2943 1897 2984 xaleamus.
1923 2939 2050 2993 Quod

216 3011 390 3070 quidem
422 3009 610 3051 futurum
645 3008 894 3050 confidimus
913 3041 922 3059 ,
965 3023 1060 3049 cum
1096 3022 1147 3048 ex
1184 3005 1390 3047 relatione
1431 3008 1752 3048 commemorati
1790 3003 2052 3047 Venerabilis

216 3077 371 3119 Fratris
393 3074 582 3133 Delegati
600 3073 756 3125 Nostri,
779 3084 902 3129 atque
925 3087 976 3113 ex
1003 3072 1101 3113 actis
1122 3082 1285 3112 maturo
1301 3071 1492 3112 examine
1512 3071 1675 3129 abipso
1699 3070 1899 3112 confectis
1919 3083 2053 3126 agno-

216 3141 415 3193 verimus,
438 3140 548 3181 viros
569 3139 667 3196 ipsis
689 3137 946 3179 Dioecesibus
972 3135 1167 3193 legendis
1187 3151 1235 3176 36
1254 3134 1528 3177 moderandis
1549 3135 1778 3177 destinatos
1799 3149 1868 3175 eas
1889 3132 2050 3174 habere

218 3206 354 3260 dotes,
376 3222 466 3264 quae
483 3205 537 3247 ad
551 3203 759 3263 pastorale
780 3218 933 3244 munus
948 3201 1025 3242 rite
1051 3201 1285 3258 utiliterque
1307 3200 1552 3241 obeundum
1572 3200 1857 3256 requiruntur.
1883 3198 1932 3238 In
1957 3211 2050 3237 eam
