2135 3442
229 171 304 208 164
625 169 808 205 LETTRE
836 169 1148 217 ENCYCLIQUE
1176 171 1240 206 DE
1270 161 1528 207 GREGOIRE
1555 171 1663 208 XVI.

228 256 390 305 cidisse,
409 255 607 296 libertate
630 254 910 298 immoderata
940 255 1207 315 opinionum,
1234 255 1402 298 licentia
1432 256 1704 308 concionum,
1731 271 1877 298 rerum
1897 274 2063 301 novan-

228 321 379 363 darum
396 319 641 377 cupiditate.

286 386 380 427 Huc
410 395 571 443 spectat
598 384 822 427 deterrima
850 385 937 438 illa,
967 402 1014 427 ac
1044 399 1261 441 nunquam
1294 384 1393 426 satis
1429 383 1688 426 exsecranda
1727 395 1768 425 et
1801 385 2064 430 detestabilis

226 452 398 493 libertas
418 448 517 491 artis
542 448 724 490 librariae
748 450 799 491 ad
829 451 983 508 scripta
1004 449 1202 507 quaelibet
1226 449 1391 491 edenda
1413 451 1455 490 in
1475 448 1640 507 vulgus,
1667 464 1795 505 quam
1818 461 1935 492 tanto
1958 468 2065 493 con-

230 514 336 557 vicio
362 513 518 555 audent
550 514 744 554 nonnulli
773 513 1005 572 efflagitare
1029 530 1076 555 ac
1095 529 1363 571 promovere.
1387 513 1768 565 Perhorrescimus,
1791 515 2064 559 Venerabiles

228 581 412 630 Fratres,
436 579 646 619 intuentes
677 579 831 635 quibus
857 580 1050 620 monstris
1079 578 1384 629 doctrinarum,
1413 594 1487 620 seu
1524 577 1663 636 potius
1690 579 1841 635 quibus
1870 596 2064 622 errorum

227 643 432 702 portentis
457 643 703 697 obruamur,
725 660 816 701 quae
842 643 967 701 longe
988 660 1036 686 ac
1056 643 1138 685 late
1154 644 1311 701 ubique
1334 643 1659 685 disseminantur
1676 643 1837 701 ingenti
1857 644 2064 686 librorum

227 706 515 758 multitudine,
542 707 793 764 libellisque,
821 719 862 749 et
887 707 1048 766 scriptis
1072 708 1184 748 mole
1207 708 1379 765 quidem
1404 707 1579 766 exiguis,
1603 707 1759 749 malitia
1790 719 1931 749 tamen
1962 725 2063 767 per-

226 771 403 830 magnis,
428 787 450 813 e
471 771 623 828 quibus
652 771 994 814 maledictionem
1024 787 1230 830 egressam
1260 771 1573 829 illacrymamur
1593 788 1719 830 super
1746 771 1895 814 faciem
1922 783 2061 815 terrae.

227 838 333 878 Sunt
353 847 511 887 tamen,
538 837 643 894 proh
662 835 807 876 dolor!
835 837 906 893 qui
924 852 976 878 eo
994 835 1269 894 impudentiae
1291 836 1567 894 abripiantur,
1594 848 1641 877 111
1659 848 1845 878 asserant
1868 851 2064 896 pugnaci-

226 913 290 943 ter
300 901 411 942 hanc
431 916 621 941 errorum
642 900 864 941 colluviem
886 900 985 942 inde
1002 912 1350 959 prorumpentem
1373 901 1471 943 satis
1495 901 1706 943 cumulate
1730 901 1994 960 compensari
2013 917 2064 945 ex

226 966 337 1007 libro
359 966 517 1023 aliquo,
537 966 608 1022 qui
627 964 670 1005 in
686 966 765 1005 hac
786 976 900 1005 tanta
916 964 1167 1023 pravitatum
1184 976 1434 1023 tempestate
1450 966 1504 1008 ad
1520 966 1769 1024 religionem
1784 983 1830 1008 30
1847 968 2066 1009 veritatem

225 1030 579 1088 propugnandam
602 1029 767 1069 edatur.
789 1028 917 1070 Nefas
937 1028 1128 1086 profecto
1149 1040 1226 1080 est,
1254 1030 1457 1087 omnique
1475 1033 1567 1087 jure
1590 1032 1893 1088 improbatum,
1910 1032 2068 1090 patrari

226 1094 324 1136 data
349 1109 477 1152 opera
496 1093 657 1134 malum
680 1103 845 1133 certum
866 1108 914 1133 ac
937 1094 1087 1148 majus,
1113 1094 1210 1150 quia
1233 1110 1327 1151 spes
1347 1096 1415 1145 sit,
1438 1095 1538 1136 inde
1562 1095 1666 1136 boni
1690 1095 1846 1153 aliquid
1873 1096 2068 1137 habitum

224 1160 292 1200 iri.
314 1158 531 1216 Numquid
555 1173 717 1198 venena
738 1157 870 1198 libere
901 1158 1055 1215 spargi,
1086 1173 1133 1199 ac
1162 1158 1329 1215 publice
1360 1159 1502 1210 vendi,
1532 1162 1884 1218 comportarique,
1912 1162 1998 1202 imo
2028 1171 2069 1202 et

225 1224 374 1265 obbibi
400 1224 570 1273 debere,
597 1238 723 1263 sanus
748 1223 841 1279 quis
871 1221 1037 1272 dixerit,
1064 1222 1179 1279 quod
1203 1222 1379 1264 remedii
1402 1224 1618 1282 quidpiam
1644 1226 1862 1280 habeatur,
1890 1242 1974 1284 quo
1998 1225 2069 1284 qui

227 1299 415 1338 utuntur,
440 1286 544 1346 eripi
564 1302 639 1328 eos
661 1303 714 1329 ex
731 1286 901 1328 interitu
922 1286 1157 1329 identidem
1174 1288 1421 1344 contingat?

280 1440 445 1481 Verum
466 1440 592 1498 longe
613 1439 692 1481 alia
710 1440 788 1481 fuit
810 1439 1004 1482 Ecclesiae
1026 1440 1246 1498 disciplina
1266 1441 1308 1481 in
1327 1439 1610 1482 exscindenda
1630 1441 1841 1483 malorum
1861 1441 2067 1483 librorum

228 1516 345 1563 peste
372 1504 438 1546 vel
470 1505 776 1562 Apostolorum
811 1516 947 1556 aetate,
973 1522 1078 1563 quos
1106 1506 1282 1563 legimus
1313 1506 1519 1563 grandem
1548 1506 1755 1547 librorum
1783 1506 1868 1547 vim
1900 1506 2068 1564 publice

229 1568 552 1612 combussisse1.
577 1570 683 1610 Satis
703 1571 769 1620 sit,
792 1570 905 1628 leges
924 1570 967 1611 in
988 1570 1176 1612 Concilio
1200 1572 1472 1612 Lateranensi
1488 1573 1525 1612 V
1550 1572 1593 1612 in
1619 1587 1713 1612 eam
1729 1588 1821 1613 rem
1839 1572 1956 1612 datas
1974 1588 2071 1629 per-

227 1637 381 1694 legere,
402 1645 444 1675 et
465 1634 828 1685 constitutionem,
852 1651 943 1692 quae
962 1635 1160 1693 deinceps
1184 1651 1205 1676 a
1220 1637 1362 1676 Leone
1379 1637 1419 1676 X
1436 1635 1506 1677 fel.
1529 1652 1614 1677 rec.
1634 1636 1941 1693 praedecessore
1966 1652 2067 1678 nos-

225 1712 290 1742 tro
315 1699 393 1740 fuit
416 1699 544 1749 edita,
582 1714 635 1740 ne
672 1720 688 1735 «
726 1699 769 1740 id
787 1699 903 1756 quod
928 1700 981 1741 ad
1003 1699 1102 1741 fidei
1127 1711 1415 1758 augmentum,
1443 1715 1490 1740 ac
1514 1699 1725 1741 bonarum
1737 1702 1889 1742 artium
1906 1717 2066 1758 propa-

234 1787 251 1802 «
286 1765 501 1823 gationem
524 1764 746 1805 salubriter
778 1775 840 1805 est
872 1765 1111 1818 inventum,
1152 1764 1194 1805 111
1225 1765 1485 1806 contrarium
1520 1775 1801 1815 convertatur,
1836 1780 1883 1807 ac
1916 1764 2068 1807 Christi

230 1849 247 1865 «
276 1828 463 1870 fidelium
491 1828 614 1869 saluti
645 1827 945 1870 detrimentum
968 1829 1149 1887 pariat2.
1180 1851 1197 1866 »
1235 1830 1286 1871 Id
1319 1829 1491 1886 quidem
1521 1840 1561 1870 et
1584 1829 1840 1870 Tridentinis
1874 1830 2068 1872 Patribus

226 1894 423 1935 maximae
437 1908 546 1934 curae
559 1892 652 1940 fuit,
665 1894 736 1950 qui
755 1894 992 1935 remedium
1016 1905 1133 1935 tanto
1150 1895 1248 1936 huic
1270 1895 1383 1935 malo
1400 1894 1645 1945 adhibuere,
1661 1894 1775 1935 edito
1790 1894 2068 1937 saluberrimo

229 1959 398 2000 decreto
411 1958 464 2000 de
479 1959 621 2000 Indice
645 1959 866 2013 librorum,
881 1960 1031 2018 quibus
1051 1961 1213 2018 impura
1226 1959 1418 2001 doctrina
1429 1959 1730 2010 contineretur,
1753 1958 2018 2001 conficiendo
2032 1960 2064 2002 ².

232 2045 250 2060 «
270 2023 556 2081 Pugnandum
577 2035 639 2064 est
659 2025 825 2075 acriter,
846 2046 863 2061 »
880 2026 1015 2083 inquit
1031 2026 1223 2066 Clemens
1242 2025 1358 2073 XIII,
1371 2024 1832 2082 fel.rec.praedecessor
1850 2036 2004 2077 noster,
2023 2027 2068 2066 in

228 2088 310 2128 suis
334 2087 386 2129 de
409 2088 637 2128 noxiorum
660 2087 740 2129 lib1
732 2104 865 2130 orum
889 2106 937 2148 pi
940 2090 1194 2148 oscriptione
1214 2089 1433 2147 encyclicis
1456 2089 1649 2130 litteris*
1641 2111 1677 2141 ,‹
1679 2089 1984 2147 <pugnandum
2004 2100 2066 2131 est

234 2174 251 2188 κ
289 2152 452 2202 acriter,
478 2163 681 2209 quantum
706 2169 770 2194 res
799 2154 887 2211 ipsa
912 2154 1128 2213 efflagitat,
1156 2166 1197 2196 et
1227 2172 1305 2213 pro
1329 2154 1486 2195 viribus
1518 2165 1583 2195 tot
1611 2155 1816 2195 lib1¹01um
1846 2154 2067 2196 mortifera

232 2236 250 2251 «
288 2215 606 2256 exterminanda
638 2216 870 2274 pernicies.
897 2234 1114 2275 nunquam
1149 2218 1262 2260 enim
1296 2219 1471 2259 materia
1499 2217 1772 2259 subtrahetur
1794 2218 1964 2268 er1¹¹olis,
1986 2217 2067 2258 nisi

234 2299 251 2315 κ
284 2280 500 2336 pravitatis
521 2280 753 2321 facinorosa
778 2282 1013 2323 elementa
1003 2298 1045 2323 111
1064 2281 1240 2323 flammis
1256 2283 1474 2324 combusta
1500 2282 1741 2339 depereant.
1762 2302 1778 2317 >ι
1795 2282 1858 2322 Ex
1880 2282 1958 2323 hac
1980 2282 2065 2322 ita-

228 2359 308 2401 que
333 2345 545 2386 constanti
575 2346 765 2386 omnium
792 2358 961 2387 aetatum
990 2347 1284 2396 sollicitudine,
1311 2363 1392 2403 qua
1417 2362 1582 2403 semper
1605 2357 1745 2387 sancta
1766 2346 1856 2387 haec
1876 2347 2063 2404 Aposto-

229 2408 309 2450 lica
328 2407 458 2450 Sedes
475 2420 686 2466 suspectos
706 2422 747 2451 et
771 2412 918 2452 noxios
937 2411 1066 2453 libros
1091 2411 1308 2461 damnare,
1331 2422 1372 2452 et
1393 2410 1445 2451 de
1467 2411 1688 2451 hominum
1711 2410 1905 2452 manibus
1925 2421 2067 2452 extor-

231 2487 360 2529 quere
389 2473 512 2513 enixa
535 2483 612 2521 est,
643 2485 757 2532 patet
789 2475 1129 2530 luculentissime,
1159 2487 1416 2533 quantopere
1444 2475 1560 2524 falsa,
1584 2476 1820 2525 temeraria,
1845 2474 2066 2532 eidemque

232 2537 485 2594 Apostolicae
509 2537 606 2578 Sedi
627 2539 838 2594 injuriosa,
864 2552 904 2581 et
924 2541 1103 2582 fecunda
1123 2541 1329 2582 malorum
1354 2541 1395 2580 in
1417 2538 1638 2580 christiano
1657 2539 1814 2597 populo
1832 2539 2066 2597 ingentium

231 2602 284 2642 sit
314 2601 480 2642 illorum
515 2602 720 2655 doctrina,
744 2605 815 2661 qui
848 2605 1005 2646 nedum
1033 2621 1248 2646 censuram
1279 2605 1483 2645 librorum
1512 2603 1638 2644 veluti
1662 2619 1832 2662 gravem
1864 2604 2000 2654 nimis,
2024 2614 2065 2644 et

232 2680 457 2707 onerosam
475 2667 683 2721 rejiciunt,
704 2668 777 2709 sed
794 2685 845 2709 eo
862 2669 985 2710 etiam
1005 2670 1286 2726 improbitatis
1301 2668 1639 2727 progrediuntur,
1659 2680 1704 2709 ut
1722 2685 1813 2710 eam
1836 2668 2064 2726 praedicent

232 2745 256 2770 a
278 2731 379 2771 recti
400 2731 503 2785 juris
531 2731 744 2788 principiis
771 2733 1014 2785 abhorrere,
1039 2736 1187 2791 jusque
1216 2733 1322 2774 illius
1347 2733 1636 2786 decernendae,
1663 2734 1956 2791 habendaeque
1986 2749 2062 2773 au-

232 2793 360 2836 deant
375 2795 569 2836 Ecclesiae
596 2795 820 2854 denegare.

289 2860 394 2901 Cum
427 2872 568 2902 autem
599 2861 847 2903 circumlatis
879 2863 921 2902 in
951 2863 1096 2921 vulgus
1133 2864 1291 2920 scriptis
1328 2863 1536 2905 doctrinas
1570 2864 1770 2922 quasdam
1802 2861 2060 2921 promulgari

278 3020 311 3053 1.
338 3020 415 3054 Act.
434 3021 461 3052 A
491 3027 556 3052 ost.
576 3032 646 3052 nx.

277 3069 311 3101 2.
339 3068 416 3101 Act.
438 3032 537 3100 011110.
559 3067 691 3099 Lavltera
682 3079 717 3100 1.1
739 3067 785 3100 V.
806 3079 885 3101 5055.
908 3081 940 3109 x,
964 3068 1024 3100 ubi
1043 3069 1191 3102 1οἷ111111·
1207 3069 1470 3103 Ο()1151.[1101115
1487 3070 1533 3103 X.
1555 3071 1621 3115 leg
1625 3069 1715 3103 enda
1730 3077 1778 3102 est
1797 3068 1948 3101 anterior
1966 3067 2056 3100 Con-

228 3112 359 3146 stitutio
393 3113 581 3147 Alexandri
600 3114 988 3161 tl,luter—„111lziplicc7s
1007 3117 1042 3148 in
1063 3129 1129 3161 qua
1151 3117 1257 3149 inulta
1275 3129 1302 3149 a
1300 3117 1318 3148 i
1336 3130 1364 3148 1·
1364 3130 1419 3150 ’111

275 3163 310 3196 3.
339 3161 449 3194 Conc
466 3159 567 3194 Trid.
587 3173 667 3193 sess.
689 3174 779 3193 xx111
801 3170 931 3195 etxxx.

275 3210 310 3242 4
338 3208 407 3243 Lit.
425 3208 534 3242 Clem.
554 3208 656 3251 XIII,
680 3208 756 3241 Cila
752 3210 883 3251 stianoe,
905 3212 944 3244 25
963 3222 1043 3244 nov,
1070 3212 1171 3245 1766.
